2530 4392
206 205 264 264 DE
289 205 507 268 ClVl'l'A'i'E
529 207 608 270 DEl
629 209 708 268 nin.
731 211 810 270 XX.
962 219 1022 276 309

57 361 86 415 iia
98 367 125 414 et
135 359 327 440 riracinoimue
341 363 460 434 vermis,
474 363 509 419 ab
520 363 585 420 aliie
597 372 683 440 atque
695 366 761 422 aliia
771 367 857 422 aliter
869 378 954 446 atque
967 373 1020 428 ali·

68 451 109 500 eet
121 445 272 519 exponitur.
307 444 366 502 Alii
379 447 485 523 quippe
498 459 654 522 atrumque
667 449 703 506 ad
717 467 832 524 corpur,
846 452 898 506 alii
908 463 1023 512 utrum-

56 527 111 585 ead
123 529 245 585 animam
257 531 435 588 retulerunt:
460 533 511 587 alii
524 533 641 607 proprie
655 532 691 589 ad
704 550 809 607 corpur
823 535 936 612 ignem,
960 547 1022 596 tro-

57 611 118 670 ead
130 613 253 668 animum
265 632 408 685 vermem,
432 615 508 692 quod
527 615 693 673 credibilius
713 635 777 673 erue
796 618 921 676 ridetur.
965 619 1024 678 Sed

55 717 85 754 nc
99 695 130 752 de
143 695 192 754 hac
204 694 369 756 differentia
382 717 442 756 non
456 709 501 755 ert
514 695 627 777 [liniue]
641 701 781 775 temporie
795 701 951 778 disputare.
979 704 1025 762 De

55 782 110 838 icio
123 799 242 856 namque
254 783 367 855 ultimo,
390 801 449 858 quo
463 782 515 840 fiet
527 783 661 842 diremtio
675 785 818 843 bonorum
831 790 1024 861 etmalorum,

55 886 61 920 ι
74 865 198 920 volumen
210 865 329 938 impiere
341 867 535 940 eurcepimur:
550 864 585 921 de'
598 867 669 941 ipaie
681 885 751 924 vero
763 869 899 941 praemiis
913 877 943 924 et
952 885 1021 941 poe-

67 949 133 1004 aliaa
146 945 309 1019 diligentiae
323 947 523 1006 diruerendum
536 957 589 1005 ert.

344 1111 467 1172 CAP.
510 1110 672 1170 XXll-l.

53 1227 75 1264 re
81 1208 280 1279 prophetaverit
289 1206 393 1262 Daniel
401 1211 432 1262 de
443 1210 629 1279 perieratiane
639 1209 817 1274 Antichrirti,
838 1220 864 1263 et
879 1212 910 1264 de
924 1211 1024 1264 iudicio

314 1277 378 1344 Dei,
388 1297 522 1350 regnaque
531 1289 694 1336 sanctarum.

60 1370 164 1428 Daniel
176 1369 210 1427 de
224 1368 279 1426 hoc
292 1371 395 1427 ultimo
407 1371 518 1427 iudicio
531 1373 574 1428 uic
587 1369 756 1447 prophetat,
770 1380 804 1428 ut
814 1369 1025 1428 Antichristum

52 1475 78 1512 ιι
96 1471 205 1530 quoqne
223 1461 381 1510 venturum
399 1473 464 1511 enee
481 1456 687 1530 praenuntiet,
712 1464 801 1530 atque
820 1455 858 1511 ad
872 1467 1025 1512 aeternum

52 1559 118 1596 num
130 1546 295 1594 sanctorum
308 1537 446 1612 perducat
459 1541 659 1596 narrationem
671 1555 762 1594 auem.
798 1537 962 1596 cumcuim
979 1541 1024 1596 vi-

52 1644 78 1680 re
96 1621 261 1698 prophetica
279 1630 405 1698 quatuor
422 1623 531 1680 bestiae
555 1622 758 1703 rignificanten
781 1633 908 1700 quatuor
931 1639 1025 1702 regna

51 1712 128 1778 ireet3
141 1707 292 1782 ipsumque
305 1716 439 1782 quartum
452 1707 607 1783 aquodam
620 1725 692 1786 rege
705 1718 883 1782 superatum,
897 1707 949 1783 qui
961 1707 1022 1764 An-

53 1791 340 1868 ristuoegnoraitur;
355 1801 385 1846 ct
397 1801 463 1866 poet
475 1790 548 1848 haec
561 1800 713 1848 aeternum
724 1809 850 1869 regnum
862 1791 918 1847 filii
929 1789 1024 1848 homi-

74 1876 125 1951 qui
137 1875 312 1953 intelligitur
325 1872 472 1934 Christus:
496 1873 639 1946 Horruit,
663 1876 771 1952 inquit,
794 1877 921 1956 spiritua
934 1891 1024 1946 meua,

55 1957 169 2019 Daniel
179 1960 210 2015 in
223 1956 395 2017 habitudine
407 1953 606 2036 [hebetudine]
620 1979 695 2029 mea,
711 1968 741 2016 et
752 1961 833 2016 caue
845 1961 955 2036 capitia
968 1961 1026 2016 mei

50 2043 207 2102 turbabant
218 2060 271 2099 rna.
306 2040 348 2099 iir
361 2045 483 2112 aceeeei,
496 2044 603 2117 inquit,
618 2043 660 2099 ad
671 2061 759 2098 unane
773 2043 809 2098 de
821 2042 981 2122 etantibua,
995 2051 1025 2099 et

49 2131 146 2185 itatem
163 2125 339 2204 quaerebam
352 2125 389 2181 ab
403 2144 435 2182 ea
449 2125 484 2183 de
497 2123 544 2181 hie
558 2125 704 2182 omnibar:
727 2135 758 2183 et
770 2125 849 2181 dixit
860 2123 935 2180 mihi
944 2127 1024 2181 aeri-

49 2231 92 2268 an.
104 2209 230 2282 Deinde,
243 2208 313 2284 quid
323 2207 448 2265 audierit
458 2209 493 2266 ab
503 2210 565 2280 illo,
580 2226 664 2284 aquo
678 2207 713 2263 de
727 2208 861 2264 omnibur
874 2206 920 2275 hie
935 2225 1024 2282 quae-

49 2306 72 2368 t,
95 2304 236 2370 tanquam
252 2311 288 2349 eo
301 2293 357 2350 ribi
375 2303 557 2368 exponente,
580 2292 623 2349 uic
640 2292 782 2370 loquitur:
807 2289 878 2350 Hae
896 2300 1025 2370 quatuor

49 2383 98 2438 iae
110 2396 253 2456 magnae,
275 2386 404 2456 quatuor
421 2397 518 2457 regna
530 2385 656 2454 turgent
669 2377 700 2433 ia
713 2386 817 2434 terra:
843 2395 918 2456 quae
936 2374 1026 2448 aufe-

49 2476 102 2534 ιιι,
116 2473 147 2520 et
160 2463 311 2542 acomieut
323 2481 447 2539 regnan
459 2463 559 2520 tancti
570 2460 738 2518 Altiauinri:
762 2470 792 2518 et
805 2459 974 2518 obtinebunt
988 2458 1026 2516 il·

49 2565 141 2626 aeque
153 2548 185 2603 ia
198 2545 362 2617 eaewiurn,
386 2555 416 2604 et
432 2563 524 2624 aeque
536 2547 567 2603 in
580 2543 728 2602 uaecuiurn
747 2544 941 2602 eaecularam.
983 2541 1025 2598 Et

49 2632 174 2700 credam,
187 2631 295 2705 inquit,
309 2629 471 2706 diligenter
484 2630 520 2688 de
533 2629 630 2687 bertin
643 2635 769 2705 quarta,
789 2647 864 2706 puae
878 2636 946 2685 erat
959 2625 1024 2698 dif-

49 2730 179 2794 naprae
191 2715 271 2772 orani
282 2713 390 2785 beotia,
403 2713 551 2771 terribilia
565 2712 711 2791 anpliue:
724 2712 826 2770 denter
840 2713 903 2770 eiua
907 2710 1025 2783 ferrei,

49 2815 144 2876 agaae
158 2799 223 2856 ciue
236 2798 328 2868 aerei,
348 2797 529 2855 manducant
541 2807 571 2855 et
583 2797 787 2872 comminuens,
802 2793 960 2874 etreliqua
968 2810 1025 2871 pe·

49 2902 63 2940 s
78 2883 144 2939 aaa
158 2880 351 2939 conculcarer:
365 2891 396 2938 et
408 2880 594 2939 de'cornihue
608 2883 671 2939 eiua
683 2881 789 2953 decen,
804 2899 878 2960 qaae
892 2886 981 2938 erant
993 2879 1025 2934 ia

49 2979 81 3026 te
94 2967 174 3037 eiua,
188 2976 219 3024 et
231 2966 267 3024 de
280 2964 377 3023 altera
391 2966 468 3042 qued
480 2965 653 3036 carenda,
677 2975 708 3023 et
721 2967 852 3024 eacueeit
865 2964 901 3021 de
907 2962 1025 3042 prieri-

49 3052 135 3108 tria:
158 3068 252 3107 corna
266 3044 341 3108 iilud
353 3051 384 3107 in
398 3068 452 3127 pua
468 3059 556 3108 erant
569 3049 656 3120 oculi,
678 3059 709 3108 et
720 3067 752 3107 aa
766 3051 885 3129 laquear
898 3065 1009 3124 magna
1014 3063 1026 3119 ,·
1067 3073 1072 3088 ·

49 3139 105 3192 'rua
120 3135 188 3191 eiua
201 3133 296 3190 maior
309 3135 446 3190 caeterie.
486 3131 639 3204 Videbam,
653 3144 683 3191 et
696 3153 786 3192 carna
798 3133 873 3190 iliud
882 3131 1026 3204 faciebat

49 3237 84 3275 aa
91 3217 303 3276 cumeanetia:
315 3213 595 3294 etpraecalehatad
600 3219 690 3293 ι’ριοι,
697 3217 788 3274 donee
797 3218 879 3274 nenit
890 3223 1026 3272 ceturtut

49 3322 105 3374 arn,
121 3311 155 3360 et
168 3317 295 3376 regnum
307 3297 390 3356 dedit
400 3297 513 3354 canctie
523 3295 674 3354 Altieuinei
680 3315 691 3352 .·
708 3307 738 3355 et
751 3309 866 3374 tenpue
872 3296 1024 3373 pervenit,

49 3403 152 3463 egnum
167 3383 360 3441 obtinuerunt
372 3382 479 3437 canati.
510 3378 592 3436 Haec
605 3379 715 3436 Daniel
729 3381 878 3455 quaeriue
892 3397 925 3435 re
939 3375 1024 3432 dixit.

49 3470 93 3526 de
109 3466 189 3546 quid
202 3463 337 3534 audierit,
351 3464 492 3521 continuo
503 3463 699 3541 subiungens:
712 3461 757 3520 Et
770 3464 859 3532 diait,
873 3461 982 3538 inquit,
995 3457 1026 3516 id

49 3557 96 3610 ,lle
112 3572 134 3611 a
147 3569 211 3629 quo
222 3549 404 3626 quaesierat,
426 3547 592 3624 respondit,
617 3555 648 3602 et
666 3547 756 3604 dixit:
782 3544 890 3604 Beatia
903 3553 1024 3624 quarta,

49 3649 120 3696 tarn
140 3651 271 3714 regnum
291 3634 351 3692 erit
369 3633 516 3704 interra,
540 3631 617 3711 quod
628 3630 820 3710 praevalebit
833 3629 963 3688 omnihue
976 3647 1025 3686 re-

49 3742 55 3790 ‚·
71 3732 107 3780 et
121 3718 320 3778 manducabit
330 3735 439 3774 omnen
449 3725 573 3787 terram,
588 3725 618 3774 et
630 3714 812 3772 conculcabit
825 3733 898 3786 eam,
912 3723 942 3772 et
953 3732 1022 3773 ycon-

51 3848 59 3861 .
86 3804 135 3863 Et
150 3805 254 3862 decern
268 3821 380 3860 cernua
393 3803 465 3872 eiua,
478 3802 574 3860 decern
587 3816 673 3877 reget
686 3807 827 3877 turgeat:
851 3809 880 3857 et
886 3808 962 3878 poet
975 3813 1023 3854 ear

49 3899 79 3948 rt
96 3887 204 3961 aliua,
226 3889 277 3966 qui
296 3885 456 3968 superabit
469 3881 557 3966 [auia]
577 3884 663 3944 malie
676 3901 788 3956 aanor,
814 3885 947 3964 quiante
960 3899 1024 3939 euna
