2586 4396
263 164 327 224 DE
353 160 566 224 ClVITATE
593 167 673 228 DEl
699 171 781 230 Llll.
803 173 875 234 Vll.
1031 189 1093 246 207

53 319 158 397 pendo,
187 319 284 394 longe
296 317 415 389 lateque
428 316 562 392 vulgata,
583 320 757 378 ornantibus
772 341 807 380 ea
820 327 979 390 mendaciis
992 345 1092 410 poeta·

51 425 122 474 mm,
148 412 181 458 et
195 401 235 461 ad
251 418 287 456 ee
301 398 454 456 fallacibus
468 401 618 474 spiritibus
632 404 849 464 reducentibus.
874 410 1000 472 Faciliur
1014 421 1092 478 enim

49 488 106 542 lieri
133 485 258 560 potuit,
285 491 319 538 ut
331 483 447 537 iuvenis
460 483 565 557 impius
581 487 675 543 veleb
690 488 779 561 impio
793 500 877 564 patre
889 495 1018 556 interfici
1030 519 1091 558 me.

51 581 127 625 mena
142 579 175 623 et
191 565 301 623 avidus
316 567 404 641 regni
415 573 528 639 petrem
540 570 663 642 pelleret
676 589 786 648 regno,
805 592 891 648 quem
903 578 935 633 id
947 581 1023 655 quod
1036 585 1092 640 iste

48 655 280 724 interpretatur,
309 648 375 704 ideo
389 645 549 706 Saturnum
574 661 686 726 patrem
699 653 798 712 alone
821 657 883 716 filio
910 674 1092 736 superatum,

48 735 118 809 quod
133 745 211 789 ante
226 740 275 787 est
289 749 378 787 cauea
393 749 467 804 quae
479 735 610 804 pertinet
622 737 658 791 ad
671 733 785 809 lovem,
799 757 886 814 quam
899 762 1001 802 semen
1015 748 1091 823 quod

48 819 173 891 pertinet
203 814 244 870 ad
273 811 447 871 Saturnum.
491 814 525 874 Si
539 819 617 875 enim
630 816 686 876 hoe
698 822 740 876 ita
753 831 845 895 eruet,
872 843 1023 902 nunquam
1036 829 1091 887 Sa.

48 911 146 956 turnus
172 900 262 974 prior
280 897 401 968 suisset,
429 916 484 955 nee
496 899 671 974 paterlovit
686 913 772 960 earet.
816 904 939 983 Semper
952 915 1031 970 enim
1044 931 1091 970 te·
1182 922 1188 928 '

47 1003 106 1040 men
120 1000 215 1038 causa
234 979 406 1056 praeeedit,
431 1000 487 1038 nee
500 1001 628 1059 unquam
640 997 800 1062 generatur
815 1007 852 1044 ex
866 995 987 1050 semine.
1032 994 1091 1052 Sed

47 1085 105 1122 eum
117 1073 274 1122 conantur
287 1065 464 1120 ranitsimas
478 1066 588 1124 fabulas
603 1069 666 1125 aive
679 1069 828 1128 homiuum
837 1090 885 1129 reo
898 1085 997 1152 gestau
1011 1081 1092 1136 velut

48 1149 227 1206 naturalibus
243 1149 539 1220 interpretationibus
553 1147 731 1224 honorare‚'
744 1155 835 1210 etiam
860 1154 994 1215 hominen
1020 1179 1089 1218 oeu-

48 1235 146 1289 tissimi
159 1241 267 1290 tentat
279 1231 436 1303 patiuntur
450 1236 622 1312 angustiat,
640 1245 674 1292 ut
687 1253 787 1292 eorum
801 1254 916 1312 quoque
929 1243 1090 1298 vanitatem

47 1317 134 1374 dolere
148 1330 309 1394 cogamur.

429 1448 551 1507 CAP.
594 1447 707 1506 xlx.

76 1545 115 1599 De
124 1543 424 1612 interpretationibus,
436 1546 531 1614 quibat
542 1547 645 1599 colendi
656 1547 774 1602 Saturni
783 1550 857 1602 ratio
867 1552 1053 1606 concinnatur.

102 1652 288 1721 Saturnum,
315 1650 430 1724 iuquit,
457 1651 612 1725 dixerunt,
641 1671 715 1730 quae
728 1665 797 1713 nata
810 1675 848 1713 ex
862 1677 897 1715 eo
912 1666 1026 1729 esseut,
1041 1677 1088 1715 to-

45 1739 123 1794 litum
135 1737 304 1804 devorare;
332 1733 408 1807 quod
422 1753 457 1790 eo
470 1739 599 1808 nemina,
626 1735 704 1795 unde
717 1751 925 1813 nascerentur,
947 1740 1087 1799 redirent.

45 1819 79 1875 Et
90 1820 167 1895 quod
182 1820 231 1874 illi
246 1836 301 1891 pro
316 1815 386 1872 love
407 1819 493 1894 gleba
507 1820 621 1877 obieeta
646 1832 692 1878 est
717 1822 900 1895 devoranda,
927 1824 1088 1901 signifieat,

44 1905 149 1978 inquit,
177 1900 322 1957 manibus
335 1897 469 1955 humanis
484 1903 568 1958 obrui
581 1914 697 1978 coeptae
711 1907 836 1962 serendo
859 1909 975 1985 fruges,
1003 1917 1087 1963 aute-

43 2005 121 2060 quam
134 1986 257 2040 utilitas
272 1980 377 2038 arandi
392 1991 470 2038 emet
485 1986 614 2042 inventa.
658 1985 806 2045 Saturnus
829 2009 902 2067 ergo
916 1991 975 2045 diei
988 1988 1089 2046 debuit

42 2071 98 2142 ipse
111 2079 218 2137 terra,
246 2084 308 2122 non
324 2065 451 2122 semine:
477 2070 542 2140 ipae
561 2071 641 2126 enim
654 2071 864 2145 quodammodo
878 2072 1001 2127 devorat
1014 2089 1088 2145 qnae

41 2154 195 2229 genuerit,
212 2167 283 2204 cum
296 2165 334 2204 ex
349 2165 384 2204 ea
396 2158 465 2208 nuta
476 2153 588 2210 semina
600 2155 633 2210 in
647 2171 710 2210 earn
721 2171 825 2212 rurrur
837 2153 1007 2229 recipienda
1020 2154 1087 2210 red-

41 2238 135 2292 ierint.
184 2231 229 2290 Et
242 2232 319 2307 quod
333 2249 386 2306 pro
402 2231 469 2290 lore
481 2237 630 2309 accepisse
654 2237 760 2294 dicitur
779 2238 908 2314 glebam
936 2236 1006 2313 quid
1031 2235 1086 2294 boc

40 2319 115 2374 adid
128 2318 234 2388 valet,
262 2316 339 2390 quod
365 2317 499 2376 manibus
525 2317 675 2376 bominum
700 2338 800 2378 temen
814 2322 900 2398 globo
918 2329 1087 2395 coopertum

41 2399 100 2458 etti
127 2397 286 2474 Numquid
299 2398 366 2453 ideo
380 2417 440 2455 non
454 2410 514 2472 eat,
537 2412 717 2474 decaetero,
731 2403 918 2474 devoratum,
932 2403 1010 2478 quod
1022 2405 1086 2480 gle-

39 2487 73 2542 ba
85 2491 267 2559 coopertum
280 2478 342 2538 eati
370 2479 413 2536 lta
427 2485 506 2540 enim
519 2484 574 2541 hoe
588 2484 774 2555 dictumest,
802 2487 887 2558 quati
901 2487 950 2560 qui
973 2487 1087 2562 glebam

42 2570 196 2642 opposuit,
211 2583 313 2622 temen
327 2564 498 2637 abstulerit,
512 2568 590 2623 sieut
601 2565 731 2624 Saturno
745 2565 900 2640 perbibent
913 2567 1009 2621 oblate
1023 2567 1087 2641 gle-

41 2653 74 2708 ba
86 2653 223 2708 ablatum
235 2647 352 2719 lovem3
378 2665 412 2704 aa
426 2667 486 2704 non
499 2650 597 2723 potiut
619 2649 705 2725 gleba
723 2665 823 2704 temon
837 2646 995 2722 operiendo
1008 2647 1086 2704 feee-

38 2737 78 2790 rit
90 2733 167 2790 illud
180 2732 358 2809 diligentius
372 2731 517 2789 devorari.
561 2730 678 2788 Deinde
691 2733 748 2788 isto
761 2730 847 2788 modo
867 2747 966 2786 temen
980 2739 1025 2787 eut
1037 2728 1086 2786 lu·

39 2820 135 2892 pitcr‚
160 2835 225 2874 non
243 2816 366 2872 ceminio
381 2833 486 2886 eausa,
513 2815 593 2890 quod
617 2817 704 2890 paulo
730 2823 799 2872 ante
825 2813 984 2870 dicebatur.
1028 2811 1088 2870 Sed

40 2901 113 2974 quid
126 2897 403 2969 ramothenam,
430 2899 480 2974 qui
493 2917 560 2956 eum
573 2916 622 2956 ret
636 2900 740 2956 otultao
754 2899 1006 2973 interpretantur,
1026 2913 1086 2955 non

42 2985 205 3040 inveniunt
218 2981 289 3056 quid
302 2983 450 3055 sapienter
463 2979 595 3038 dieaturl
621 2981 739 3040 Fnlcem
751 2980 855 3052 habet,
880 2983 990 3057 inquit,
1017 2999 1086 3056 pro·

39 3079 103 3140 pter
133 3066 356 3143 agriculturam.
400 3063 488 3122 Certe
501 3067 553 3122 illo
566 3075 713 3144 regnante
726 3065 856 3124 noudum
870 3074 935 3122 erat
957 3065 1086 3142 agricul-

39 3161 122 3220 ture,
150 3157 184 3203 et
198 3148 264 3203 ideo
277 3149 379 3221 priora
393 3149 456 3205 eiut
469 3157 601 3224 tempora
613 3148 819 3224 perhibentur,
845 3151 923 3206 tieut
934 3149 1010 3204 idern
1024 3149 1087 3221 ipre

38 3233 163 3290 fabella·
193 3232 423 3303 interpretatur,
449 3233 518 3306 quia
530 3234 619 3306 primi
631 3231 763 3289 bominct
777 3249 816 3287 ex
828 3230 873 3286 hic
885 3232 1025 3287 vivebnnt
1038 3247 1085 3284 ae-

38 3317 188 3383 minibua‚
215 3331 291 3388 quae
305 3322 387 3368 terra
401 3323 505 3388 sponte
518 3315 668 3392 gignebat.
711 3315 757 3371 Λιι
771 3314 877 3370 falcem
890 3322 1004 3387 sceptro
1018 3328 1085 3384 per-

36 3397 98 3454 dito
114 3398 250 3471 accepit,
277 3405 312 3451 ut
325 3397 376 3471 qui
387 3397 490 3470 primis
503 3399 683 3472 temporibus
696 3415 751 3452 rex
763 3397 875 3465 fuerat,
890 3397 1010 3461 otiosus,
1025 3393 1086 3446 filio

36 3489 192 3560 regnante
204 3479 292 3536 fieret
315 3481 466 3554 operarim
490 3477 671 3538 laboriooucl
697 3477 813 3536 Deinde
826 3477 892 3532 idco
906 3476 1008 3532 dicitu
1021 3473 1085 3546 qui-

36 3563 163 3620 busdam
177 3579 286 3636 pueros
307 3564 336 3618 ei
359 3564 460 3620 solitos
484 3565 647 3634 immolari,
675 3564 752 3620 sieut
764 3579 781 3616 a
794 3558 920 3628 Faenio,
947 3565 977 3612 et
990 3571 1008 3609 a
1021 3553 1085 3628 qui·
1176 3561 1178 3568 ·

36 3647 165 3704 busdam
181 3648 274 3702 etiarn⁴
283 3647 427 3718 maiores,
452 3647 559 3704 cicuta
574 3647 683 3716 Gallia,
711 3645 779 3720 quia
799 3643 931 3697 omnium
942 3637 1086 3696 seminum

35 3733 189 3805 optimum
201 3739 247 3786 ert
260 3747 358 3808 genus
371 3727 537 3788 humanum.
582 3730 629 3786 De
653 3728 708 3786 bae
735 3723 935 3782 crudelissima
957 3721 1086 3780 vanitate

35 3814 108 3888 quid
137 3831 213 3892 opus
237 3823 282 3869 eat
304 3813 390 3888 plura
411 3809 526 3870 dicerel
554 3813 620 3872 Hoc
633 3813 730 3887 potius
744 3809 928 3868 advertamut
941 3815 1028 3881 atque
1041 3812 1085 3858 te-
