2510 4404
184 249 241 306 DE
266 247 486 309 CIVITATE
509 249 587 308 DEI
612 251 693 310 LIB.
719 250 835 311 XXII.
963 262 1020 316 401

25 421 97 458 uam
109 401 223 459 defuisse
238 403 381 460 credenda
395 412 447 460 est.
470 402 537 462 Non
551 405 628 460 enim
643 423 706 462 eam
719 405 811 462 ferret
822 405 965 466 humanus
979 421 1022 467 at-

22 505 65 542 ne
85 485 204 543 infirmus
223 487 390 561 adspectus,
417 488 532 562 quando
545 489 594 548 ille
607 507 624 544 a
636 491 696 545 suis
710 491 751 546 ita
765 491 882 548 deberet
902 493 1023 567 attendi,

24 581 39 628 t
58 579 151 644 posset
169 574 299 648 agnosci.
341 573 406 639 Quo
427 573 570 646 pertinuit
593 575 697 644 etiam,
720 583 754 630 ut
777 577 1025 634 contrectantibus

22 653 165 710 stenderet
177 673 294 712 suorum
306 657 461 714 vulnerum
475 658 642 727 cicatrices3
657 667 690 714 ιιι
704 659 790 715 etiam
804 660 898 716 cibum
911 669 1025 734 potum-

22 758 64 796 ue
83 749 212 810 sumeret,
234 759 294 796 non
312 740 517 798 alimentorum
533 741 714 818 indigentia,
739 741 790 798 sed
809 761 843 798 ea
861 761 918 818 qua
930 753 961 800 et
972 742 1026 800 boc

22 830 117 878 oterat
126 830 271 894 potestate.
294 823 368 881 Cum
381 834 478 880 autem
490 825 602 900 aliquid
615 843 674 880 non
689 827 813 898 videtur,
828 829 960 902 quamvis
975 827 1025 883 ad·

22 917 54 978 t,
71 906 189 980 aquibus
200 908 268 977 alia,
282 926 355 983 quae
367 909 477 983 pariter
491 908 607 981 adsunt,
621 908 769 982 videntur,
784 913 863 966 sicut
876 913 954 967 illam
966 913 1025 968 ela-

22 998 118 1048 tatem
134 989 248 1046 dicimus
267 991 395 1048 adfuisse
413 1011 473 1048 non
489 993 598 1064 risam,
622 1011 640 1048 a
653 993 756 1067 quibus
770 996 828 1050 alia
841 994 1025 1067 videbantur,

22 1073 130 1154 ιρασία
143 1073 251 1132 Graece
264 1076 384 1132 dicitnr:
411 1075 488 1151 quod
502 1079 596 1132 nostri
614 1078 787 1151 interpretes
801 1075 906 1134 Latine
930 1079 1026 1135 dicere

22 1178 60 1217 on
84 1158 218 1231 valenter,
241 1161 273 1216 in
295 1159 368 1216 libro
392 1159 541 1217 Geneaeos
560 1161 731 1216 coecitatem
749 1162 936 1236 interpretati
949 1173 1025 1218 sunt.

23 1262 86 1300 ane
100 1243 170 1302 cuim
187 1245 266 1318 passi
286 1253 355 1299 aunt
369 1241 553 1314 sodomitae,
581 1243 696 1320 quando
719 1247 899 1319 quaerebant
920 1248 1026 1302 ortium

26 1329 71 1384 sti
84 1327 148 1395 viri,
162 1345 215 1382 nee
228 1336 365 1401 poterant
377 1329 523 1385 invenire.
560 1328 642 1394 Quae
655 1329 681 1383 si
695 1330 822 1384 coecitas
836 1330 955 1401 fuisset,
969 1349 1027 1405 qua

22 1435 25 1462 r
38 1420 77 1468 ut
90 1408 159 1466 nihil
169 1413 262 1484 possit
275 1411 378 1484 videri,
392 1431 453 1468 non
468 1413 573 1468 ostium
588 1431 646 1487 quo
659 1411 897 1489 ingrederentur,
912 1413 963 1469 sed
973 1414 1025 1471 du-

26 1516 42 1553 s
59 1495 170 1550 itineris
184 1513 201 1550 a
216 1496 319 1570 quibus
333 1495 402 1552 inde
415 1495 640 1568 abducerentur,
654 1497 847 1572 inquirerent.

63 1577 192 1635 *Nescio
211 1598 268 1654 quo
288 1589 385 1636 autem
406 1579 492 1636 modo
517 1581 560 1636 sic
582 1579 723 1636 afficimur
746 1599 845 1637 amore
864 1573 1027 1660 Martyrum

22 1674 159 1732 taterum,
183 1673 218 1719 ιιι
233 1665 356 1720 velimus
370 1666 401 1721 in
415 1665 466 1720 illo
479 1683 574 1743 regno
587 1665 619 1721 in
633 1683 731 1720 eorum
745 1666 913 1739 corporibus
926 1667 1027 1724 videre

22 1753 147 1806 sinerum
165 1748 330 1820 cicatrices,
354 1767 428 1824 quae
446 1767 499 1823 pro
517 1747 627 1806 Christi
647 1751 767 1804 nomine
784 1753 984 1824 pertulerunt:
999 1762 1029 1808 ιι

22 1844 119 1890 ιιιιιι
132 1830 303 1888 videbimur.
333 1831 399 1890 Non
414 1827 490 1890 enim
510 1832 676 1889 deformitas
695 1835 727 1889 in
747 1834 807 1904 eis,
831 1833 882 1890 sed
900 1834 1028 1914 dignitas

22 1922 58 1988 it,
74 1924 106 1970 et
116 1914 263 1990 quaedam,
278 1919 410 1992 quamvis
423 1919 598 1990 incorpore,
612 1935 673 1972 non
688 1919 829 1989 corporis,
844 1919 895 1974 sed
908 1921 1027 1976 virtutis

24 1998 176 2059 lchritudo
189 2000 322 2077 fulgebit.
352 1999 414 2056 Nec
429 2000 494 2055 ideo
508 2009 606 2054 tamen
621 2001 647 2052 si
661 2001 759 2073 aliqua
774 1999 952 2074 Martyribus
966 2019 1027 2056 am-

24 2094 95 2142 tata
108 2091 136 2138 et
148 2083 244 2140 ablata
258 2092 328 2140 sunt
340 2083 486 2152 membra,
512 2083 577 2136 sine
596 2082 666 2154 ipsis
680 2081 817 2136 membris
831 2091 920 2137 erunt
932 2083 964 2138 in
978 2103 1027 2138 rc-

22 2168 179 2227 rreetione
193 2176 385 2236 mortuorum,
400 2165 503 2240 quibus
518 2163 692 2232 dictumest,
710 2161 843 2240 Capillus
857 2167 967 2242 capitia
979 2187 1029 2225 ve-

22 2255 52 2310 ·e‘
64 2269 122 2308 non
130 2251 253 2328 peribit.
277 2247 337 2306 Sed
350 2250 376 2304 si
389 2247 446 2303 boc
460 2247 575 2304 decebit
587 2248 619 2302 in
632 2247 684 2302 illo
698 2264 775 2302 novo
790 2249 919 2330 suceptio,
933 2259 967 2306 ut
981 2251 1027 2307 in-

22 2340 68 2395 :ia
88 2337 284 2412 gloriosorum
301 2334 456 2390 vulnerum
474 2333 507 2388 in
520 2332 571 2387 illa
584 2331 741 2386 inuncrtali
756 2347 844 2387 carne
858 2343 1028 2407 cernentur,

22 2427 32 2479 i
52 2418 194 2489 membra,
208 2427 242 2474 ut
254 2417 508 2493 praeciderentur,
532 2431 672 2488 percussa
684 2417 732 2471 ιιι
745 2424 917 2488 sectarunt,
930 2417 971 2473 ibi
986 2421 1027 2474 ci·

22 2507 124 2573 mices,
140 2502 191 2558 sed
203 2511 301 2558 tamen
316 2500 425 2556 eisdem
437 2499 574 2554 membris
587 2497 723 2570 redditis,
748 2517 807 2556 non
819 2499 953 2574 perditis,
977 2521 1027 2576 ap-

22 2589 142 2647 rebunt.
174 2586 311 2650 Quamvis
326 2586 424 2659 itaque
439 2585 536 2640 omnia
550 2601 623 2658 quae
638 2582 806 2639 acciderunt
818 2586 932 2658 corpori
945 2585 1028 2654 vitia,

22 2693 55 2732 ιι
71 2688 134 2726 non
150 2677 252 2725 crunt:
267 2687 328 2725 non
342 2677 410 2724 sunt
423 2677 521 2724 tamen
536 2665 700 2742 deputanda
715 2669 760 2723 vel
773 2667 943 2742 appellanda
956 2669 1028 2725 vitia

24 2755 108 2814 tutis
123 2750 243 2808 indicia.
690 2746 774 2825 (cal.
792 2749 875 2808 GAP.
891 2744 987 2836 XX,)

386 2903 407 2962 C
429 2907 454 2964 A
475 2904 507 2962 Ρ.
549 2901 634 2962 XX.

22 3002 64 3056 od
73 2999 104 3052 in
114 3001 314 3055 resurrectione
323 3012 498 3066 mortuorum,
512 3011 615 3056 natura
625 3019 766 3072 corporum
776 3002 936 3074 quibuslibet
945 3003 1028 3056 modic

133 3071 326 3142 dissipatorum
335 3073 365 3127 in
374 3073 511 3145 integrum
522 3075 691 3144 undecunque
701 3075 849 3128 reuocando
861 3075 906 3127 cit.

40 3179 135 3238 Absit
150 3191 264 3253 autern,
288 3191 321 3237 ιιι
336 3181 372 3238 ad
384 3180 586 3237 resuscitanda
598 3199 720 3255 corpora
731 3183 867 3258 vitaeque
880 3179 1028 3237 reddenda

22 3287 37 3322 1
52 3265 161 3339 possit
175 3266 387 3339 omnipotentia
397 3263 543 3320 creatoris
558 3267 655 3320 omnia
667 3281 816 3333 revocare,
830 3281 903 3337 quae
916 3265 963 3319 vel
976 3264 1026 3318 be-

22 3371 45 3419 ι,
63 3349 117 3403 vel
132 3348 217 3425 iguis
231 3347 385 3418 absumsit,
409 3347 456 3403 ιιι
470 3347 502 3401 in
515 3348 665 3420 pulverem
679 3347 845 3402 cineremve
858 3347 1027 3418 collapsum,

36 3435 73 3486 in
88 3428 252 3486 humorem
265 3431 402 3501 solutum,
425 3431 474 3486 ιιι
486 3431 518 3485 in
532 3447 616 3486 auras
631 3437 676 3484 est
689 3427 864 3496 exhalatum.
899 3428 982 3484 Absit
997 3440 1030 3484 ut

22 3533 61 3570 us
79 3515 168 3569 ullus
184 3523 385 3588 secretumque
398 3523 520 3570 naturae
534 3515 575 3570 ita
588 3514 712 3590 recipiat
726 3512 835 3588 aliquid
849 3511 1028 3568 subtractum

22 3597 124 3656 ¹,sibus
141 3599 273 3668 nostris,
298 3606 332 3652 ιιι
345 3599 472 3654 omnium
485 3596 632 3655 Creatoris
647 3607 698 3654 aut
715 3599 805 3653 lateat
818 3597 1028 3674 cognitionem,

22 3706 23 3710 ¹
40 3677 182 3758 effugiat
194 3689 376 3756 potestatem.
400 3680 495 3739 Deum
509 3689 588 3738 certe
600 3683 714 3754 volens,
728 3681 804 3736 sicut
816 3689 941 3756 poterat,
956 3677 1028 3736 defi-

22 3787 39 3822 e
58 3764 178 3822 Cicero
193 3772 293 3822 tantus
307 3773 408 3825 auctor
422 3767 564 3840 ipsorum:
579 3763 684 3838 „Mens
698 3764 848 3841 quaedam,
862 3765 969 3840 inquit,
985 3773 1030 3820 est

22 3853 103 3907 »luta
120 3859 156 3906 et
170 3849 279 3922 libera,
303 3858 416 3906 secreta
429 3849 464 3906 ab
480 3851 559 3907 omni
574 3851 762 3906 concretione
775 3850 910 3920 mortali,
934 3849 1031 3904 omnia

22 3937 149 3997 =ntiens
167 3943 199 3991 et
213 3951 344 4007 movens,
358 3935 477 4011 ipsaque
488 3933 619 4011 praedita
632 3943 713 3992 motu
727 3933 933 4009 senrpiterno.“
966 3928 1030 3988 Hoc

22 4015 61 4076 ιΙ.
695 4017 742 4076 Cc
