2576 4396
210 231 272 291 ιιι
296 206 297 210 '
439 219 536 281 orvi
557 216 745 277 sunnon
767 215 1026 276 svcvsrmr

210 388 322 460 gentes.
362 374 446 443 Quod
460 375 486 429 si
498 373 540 429 ita
554 379 613 443 est,
627 387 687 426 non
700 369 762 425 illie
774 377 895 442 apparet
907 369 957 426 ubi
970 368 1042 424 faeti
1055 379 1124 425 sunt
1137 374 1255 450 angeli,

212 463 263 520 sed
275 462 324 518 ubi
338 459 466 514 discreti.
511 455 653 523 Quamvis
667 463 697 509 et
709 470 810 528 aquas,
836 451 913 526 quod
925 454 1149 526 perversissime
1164 469 1257 530 atque

211 541 469 618 impiaevanitotis
482 549 538 610 est,
552 546 664 616 negent
677 535 793 612 quidam
806 533 898 591 factos
909 535 1012 608 aDeo,
1026 537 1169 610 quoniam
1180 555 1256 594 nus·

211 646 299 704 quam
312 627 454 700 seriptum
467 632 528 692 est,
543 621 629 678 Dixit
643 619 740 690 Deus,
752 618 841 675 Fiant
853 637 955 694 aquae.
974 619 1057 686 Quod
1068 630 1201 694 possunt
1217 623 1258 677 si-

211 713 285 773 mili,
301 711 433 766 vanitate
459 707 548 762 ctiam
573 705 609 760 sle
632 713 713 759 terra
737 701 848 758 dicere:
868 705 1019 778 'nusquam
1032 705 1111 759 eninr
1125 705 1258 782 legitur:

211 794 298 850 Dixit
311 791 411 860 Deus,
432 789 499 846 Fiat
511 798 599 845 terra.
633 785 703 858 Sed,
717 786 867 861 inquiunt,
880 787 1090 860 scriptumest:
1114 783 1153 844 In
1161 790 1259 865 prin·

213 877 290 954 capio
297 875 383 946 fecit
396 871 479 929 Deus
494 871 604 930 coelum
617 881 647 928 et
660 881 784 937 terrum.
827 867 891 924 lllic
909 887 981 946 crgo
1000 877 1030 924 et
1047 884 1124 944 aqua
1138 871 1260 926 intelli-

212 957 310 1036 genda
336 965 395 1012 est:
422 973 482 1011 uno
510 956 588 1010 enim
614 955 735 1010 nomine
760 961 916 1026 utrumque
941 951 1183 1027 comprehensum
1203 964 1260 1010 est.

212 1041 287 1098 Nam
301 1041 397 1119 ι’]ιιίιιι
412 1049 458 1096 eat
468 1057 567 1109 merc,
593 1039 670 1094 sieut
682 1038 714 1091 in
727 1035 843 1092 Psalmo
857 1035 977 1112 legitur,
1004 1046 1033 1092 et
1046 1035 1209 1112 ipteefecs't
1225 1037 1261 1093 il-

213 1123 279 1193 ted,
294 1133 324 1181 et
336 1122 456 1195 aridam
467 1131 581 1179 terram
592 1136 696 1178 manua
710 1121 773 1176 eius
780 1117 949 1190 finxerunt.
971 1116 1032 1174 Sed
1043 1115 1074 1172 hi
1088 1120 1139 1192 qui
1154 1121 1188 1176 in
1201 1139 1261 1176 no·

211 1207 291 1262 mine
305 1223 444 1281 aquarum
459 1223 532 1280 quae
544 1221 631 1279 super
646 1205 741 1259 coelos
756 1211 843 1271 sunt,
857 1202 979 1279 angelos
993 1202 1123 1278 intelligi
1134 1204 1260 1272 volunt,

211 1289 390 1362 ponderibus
402 1290 615 1344 elementorum
624 1295 791 1357 moventur,
806 1294 835 1340 et
847 1283 913 1340 ideo
921 1303 982 1340 non
991 1293 1095 1360 putant
1108 1303 1263 1360 aquarum

212 1371 331 1428 fluidam
349 1389 527 1449 gravemque
547 1379 682 1428 naturam
703 1371 735 1424 in
755 1367 952 1444 superioribus
975 1366 1079 1424 mundi
1101 1369 1177 1424 locis
1204 1388 1262 1444 po-

212 1456 305 1510 tuisse
318 1455 476 1510 constitui:
503 1455 555 1527 qui
574 1451 735 1510 secundum
755 1453 885 1509 rationes
904 1469 972 1508 suas
990 1453 1016 1506 si
1029 1451 1086 1524 ipsi
1103 1449 1264 1509 bominem

212 1537 311 1592 faeere
328 1545 459 1611 possent,
486 1553 548 1592 non
562 1537 589 1590 ei
602 1537 747 1609 pituitam,
776 1533 853 1608 quod
867 1533 980 1590 Graece
997 1526 1114 1608 φλέγμα
1133 1533 1264 1605 dicitur,

212 1628 242 1674 et
253 1628 394 1693 tanquam
406 1619 438 1674 in
452 1619 604 1674 elementis
619 1619 747 1692 corporis
758 1619 854 1673 nostri
867 1635 1008 1691 aquarum
1019 1618 1114 1673 ricem
1127 1617 1265 1689 obtinet,

212 1702 245 1757 in
259 1702 353 1774 capite
365 1709 517 1775 ponerent.
561 1699 605 1756 lbi
622 1701 702 1756 enim
715 1699 798 1754 sedes
813 1709 859 1755 est
871 1697 1064 1776 phlegmatis,
1091 1701 1266 1758 secundum

213 1783 271 1840 Dei
286 1801 358 1858 opus
372 1785 474 1857 utique
488 1783 650 1856 aptissime:
678 1779 838 1836 secundum
851 1783 976 1838 istorum
990 1790 1087 1837 autem
1101 1784 1264 1840 coniectu-

212 1884 276 1921 ram
288 1875 349 1922 tam
361 1865 505 1935 absurde,
531 1873 564 1920 ut
577 1865 604 1919 si
615 1863 673 1920 boe
686 1863 878 1934 nesciremus,
905 1871 935 1918 ct
948 1864 980 1919 in
993 1861 1047 1920 boc
1059 1863 1135 1920 libro
1150 1867 1266 1923 simili-

212 1957 258 2003 tcr
271 1949 411 2023 scriptum
425 1957 514 2020 esset,
528 1946 604 2022 quod
616 1945 698 2010 Deus
711 1944 862 2002 hamorem
872 1943 996 2002 fluidum
1009 1955 1038 2002 et
1050 1946 1214 2025 frigidum,
1232 1969 1267 2006 ac

213 2049 266 2105 per
279 2029 333 2086 boe
346 2049 478 2108 gravem,
491 2033 523 2086 in
536 2031 686 2104 superiore
700 2029 834 2085 omnibus
849 2031 973 2084 caeteris
986 2027 1107 2086 humani
1118 2036 1268 2107 corporis

211 2123 295 2188 parte
308 2116 452 2189 posuerit,
467 2115 519 2170 isti
529 2116 722 2170 trutinatores
733 2113 942 2168 clementorum
956 2131 1139 2187 nequaquam
1153 2116 1267 2172 crede-

212 2206 295 2268 rent3
309 2205 339 2252 et
352 2199 378 2253 si
392 2198 560 2254 auctoritati
570 2196 702 2252 eiusdem
715 2194 886 2268 Scripturae
898 2194 1007 2250 subditi
1020 2202 1128 2264 essent,
1143 2197 1269 2274 aliquid

212 2280 295 2336 aliud
308 2297 347 2334 ex
359 2278 415 2334 hoc
428 2277 654 2356 intelligendum
666 2295 732 2334 csse
745 2285 908 2332 censerent.
943 2275 1003 2334 Sed
1015 2279 1157 2352 quoniam
1171 2282 1204 2335 si
1220 2283 1268 2339 di-

212 2362 342 2439 ligenter
354 2363 473 2440 singula
486 2369 650 2417 scrutemur
662 2369 750 2434 atque
762 2368 937 2432 tractemus,
951 2378 1026 2435 quae
1040 2361 1071 2416 in
1084 2361 1138 2416 illo
1153 2361 1267 2424 divino

212 2443 288 2500 libro
302 2443 338 2500 de
351 2445 563 2502 constitutione
576 2443 676 2500 mundi
690 2443 800 2516 scripta
813 2451 898 2514 sunt,
924 2452 956 2500 ct
967 2444 1058 2500 multa
1071 2441 1218 2518 dicenda,
1238 2459 1270 2506 et

213 2529 393 2602 aproposito
404 2529 536 2585 instituti
549 2526 654 2602 Operis
667 2529 757 2604 longe
770 2524 994 2604 digrediendum
1007 2535 1065 2598 cst;
1085 2527 1215 2602 iamque
1231 2533 1270 2588 dc

213 2607 323 2667 duabus
337 2613 404 2667 istis
418 2611 543 2669 diversis
556 2613 635 2668 inter
648 2629 680 2668 se
693 2619 780 2684 atque
791 2611 947 2664 contrariis
957 2609 1148 2664 societatibus
1162 2629 1272 2693 ange-

212 2692 324 2764 lorum,
349 2693 382 2750 in
395 2695 499 2770 quibus
512 2703 583 2750 sunt
595 2693 735 2768 quaedam
747 2689 868 2747 exordia
881 2690 1005 2748 duarum
1018 2693 1106 2748 etiam
1118 2692 1153 2748 in
1167 2698 1272 2755 rebus

211 2772 349 2832 humanis
364 2775 541 2847 civitatum,
568 2775 604 2832 de
617 2776 724 2850 quibus
737 2775 875 2848 deinceps
889 2773 986 2830 dicere
998 2775 1133 2844 institui,
1163 2794 1272 2852 quan.

207 2865 277 2912 -tum
290 2859 361 2912 satis
375 2875 441 2914 esse
453 2859 549 2914 visum
563 2868 624 2929 est,
651 2857 880 2932 disputavimus,
906 2855 983 2914 hunc
1007 2875 1121 2932 quoque
1148 2859 1273 2920 librum

213 2939 369 3012 aliquando
389 2939 565 2997 claudamus.

224 3111 1260 3144 mmwmwmwwwwwwww

417 3241 599 3314 urana
640 3209 1054 3314 nvonnonuvs

538 3409 542 3422 ‘
596 3409 803 3469 CAPVT
841 3409 863 3466 1.

367 3503 412 3557 De
422 3523 477 3558 una
488 3505 615 3570 bonorum
625 3507 807 3573 malorumque
818 3507 975 3574 angelorum
985 3513 1097 3556 natura.

214 3589 392 3684 Antequam
405 3609 440 3665 de
454 3611 640 3666 institutione
657 3607 784 3666 hominis
803 3609 915 3680 dicam,
939 3611 989 3666 ubi
1006 3610 1131 3668 duarum
1146 3612 1276 3673 Civita-

178 3751 180 3756 ,
216 3701 289 3759 tum,
315 3701 456 3766 quantum
478 3693 514 3748 ad
537 3693 725 3748 rationalium
746 3693 916 3749 mortalium
937 3711 1032 3770 genus
1055 3696 1185 3767 attinet,
1218 3719 1279 3775 ap-

213 3773 326 3843 parebit
340 3783 481 3843 exortus,
496 3776 572 3830 sicut
585 3775 735 3848 superiore
748 3775 824 3830 libro
837 3777 1008 3849 apparuisse
1020 3776 1052 3830 in
1066 3779 1191 3852 angelis
1210 3783 1282 3840 iarn

213 3854 342 3928 videtur3
355 3857 436 3928 prius
451 3855 522 3912 mihi
534 3856 675 3932 quaedam
689 3856 724 3911 de
734 3859 805 3932 ipsis
819 3860 933 3938 angelis
944 3857 1029 3914 video
1041 3875 1106 3912 esse
1121 3859 1281 3938 dicenda,
