2576 4396
271 201 331 260 DF.
355 201 571 264 clvlTaTE
592 203 672 264 Dur
698 205 778 265 ΗΒ.
801 209 860 268 lx.
1017 213 1078 269 277
1161 159 1165 170 ¹

45 383 80 420 eo
91 361 170 418 bono
184 375 226 414 ex
240 375 298 433 qne
310 357 381 414 boni
393 365 478 428 suut,
500 355 697 432 perfruantur.
739 357 780 418 Et
792 358 857 417 ideo
871 364 978 420 certius
993 365 1080 421 etiam

44 443 220 520 temporalia
234 449 266 498 et
277 440 426 497 mutabilia
438 441 496 496 ista
508 451 670 514 noveruut3
696 444 766 518 quia
785 461 888 501 eoram
904 446 1078 522 principales

44 547 147 588 caussas
161 528 198 583 in
209 522 310 582 Verbo
323 522 381 581 Dei
394 525 594 599 conspiciunt,
619 544 670 602 per
683 525 759 602 quod
770 526 866 584 factus
880 538 925 586 est
940 528 1078 587 mundus:

44 614 147 690 quibus
162 610 264 667 causis
279 607 419 684 quaedam
431 608 606 682 probantur,
632 607 772 686 quaedam
785 611 994 686 reprobantur,
1008 631 1080 668 euu-

45 707 91 753 cta
103 694 294 754 ordinantur.
329 689 494 749 Daemones
506 701 603 750 autem
615 711 675 750 non
689 703 824 752 aeternas
839 703 1000 772 temporam
1013 713 1081 752 eau-

45 799 92 836 ιιι
104 789 133 837 et
150 775 365 855 quodammodo
379 774 541 833 cardinales
554 777 587 834 iu
599 775 656 835 Dei
672 774 823 852 Sapientia
837 781 1081 856 contemplentur,

47 863 96 919 sed
107 860 296 940 quorundam
307 860 462 938 signorum
475 859 558 917 nobis
571 860 753 920 occultorum
769 863 880 919 maiore
898 865 1081 939 experientia

45 949 130 1004 multo
147 947 238 1022 plura
255 961 344 1019 quam
360 941 492 1000 homines
510 943 611 1001 lutura
630 947 819 1020 prospiciunt.
863 945 1080 1024 Dispositiones

44 1049 157 1108 quoque
171 1047 244 1085 suas
259 1025 414 1102 aliquando
426 1029 645 1102 praenuntiant.
676 1027 812 1104 Denique
824 1047 910 1106 saepe
922 1033 988 1102 isti,
1003 1049 1079 1088 nun·

44 1133 125 1190 quam
138 1113 189 1170 illi
202 1111 326 1168 omnino
339 1109 491 1168 falluntur.
536 1111 620 1170 Aliud
632 1119 677 1168 est
694 1113 773 1168 euim
785 1115 992 1188 temporalibus
1006 1123 1080 1170 tem-

44 1199 153 1272 poralia
167 1205 199 1253 et
209 1193 400 1251 mutabilibus
413 1195 564 1252 mutabilia
577 1195 756 1267 coniectare,
779 1198 879 1272 eisque
892 1199 1081 1270 temporalem

45 1291 73 1338 et
84 1280 257 1338 mutabilem
270 1275 469 1335 modumsuae
478 1279 638 1336 voluntatis
650 1288 680 1334 et
690 1278 836 1336 facultatis
848 1281 990 1349 inserere,
1005 1279 1082 1354 quod

46 1363 231 1420 daemonibus
246 1370 328 1419 certa
340 1364 455 1418 ratione
466 1361 642 1436 permissum
656 1371 714 1419 est:
738 1361 817 1419 aliud
830 1371 927 1418 autem
940 1364 973 1420 iu
986 1371 1082 1418 aeter-

46 1449 94 1504 nis
107 1456 194 1524 atque
204 1444 493 1503 incommutabilibus
506 1445 565 1502 Dei
576 1445 706 1522 legibus,
719 1463 793 1523 quae
807 1448 839 1504 in
852 1447 915 1502 eius
929 1444 1082 1519 Sapientia

43 1533 166 1602 virunt,
192 1529 370 1587 mutationes
384 1538 548 1604 temporum
558 1528 743 1604 praevidere,
762 1529 876 1607 Deique
888 1531 1081 1594 voluntatem,

44 1613 354 1691 quaetameertissima
362 1631 448 1688 quam
455 1613 659 1692 potentissima
669 1623 714 1670 est
723 1616 863 1686 omnium,
878 1611 1007 1690 Spiritus
1018 1615 1081 1669 eius

44 1699 270 1774 participatione
296 1711 487 1776 cognoscere3
514 1695 589 1773 quod
607 1699 716 1756 sanctis
732 1699 853 1778 Angelis
871 1707 953 1755 reeta
971 1696 1081 1754 direre-

44 1785 120 1839 tione
132 1781 278 1838 donatum
289 1789 342 1836 est.
355 1779 456 1856 ltaque
468 1799 527 1837 non
542 1782 638 1838 solum
648 1784 776 1854 aeterni,
790 1783 991 1840 verumetiam
1003 1781 1081 1837 beati

44 1877 116 1924 sunt.
143 1865 265 1924 Bonum
278 1874 377 1921 autem
390 1881 447 1940 quo
459 1864 537 1920 beati
550 1873 634 1935 sunt,
648 1864 729 1922 Deus
742 1867 801 1922 illis
814 1876 875 1939 eat,
888 1885 906 1924 a
919 1883 975 1942 quo
990 1865 1081 1921 creati

43 1961 115 2008 sunt.
161 1949 248 2006 [llius
262 1949 368 2024 quippe
381 1945 627 2006 indeclinabiliter
641 1949 881 2025 participatione,
907 1959 937 2006 et
951 1958 1081 2006 contem-

41 2037 170 2108 platione
191 2031 397 2108 perfruuntur.

400 2148 522 2208 CAP.
566 2147 728 2208 xxlll.

40 2231 142 2287 Nomen
163 2233 276 2312 deorum
289 2229 366 2313 [also
385 2231 503 2312 odaoribi
523 2229 576 2313 diis
590 2230 726 2300 gentium,
746 2231 817 2300 quod
830 2239 920 2285 tamen
933 2229 1083 2312 etAngela's

40 2305 140 2358 ιιιοιιι
157 2309 189 2355 et
204 2299 354 2354 homenebus
373 2300 454 2353 iustu
467 2317 502 2354 ex
520 2301 674 2355 divmarum
690 2301 897 2372 Scripturarum
917 2309 1084 2354 auctoretate

465 2387 599 2424 commuue
614 2380 662 2423 eat.

100 2462 170 2521 Hos
186 2462 213 2517 si
227 2459 372 2518 Platonici
384 2463 497 2518 malunt
510 2460 595 2530 deos,
621 2479 708 2535 quom
721 2459 874 2516 daemones
889 2458 1002 2529 dicere,
1024 2461 1082 2514 eis-

42 2567 95 2624 que
109 2563 328 2616 annumerare,
355 2561 426 2620 quos
444 2562 463 2599 a
480 2559 591 2598 summo
605 2540 669 2598 Deo
687 2541 819 2598 conditos
837 2542 903 2598 deos
919 2541 1021 2596 scribit
1034 2559 1081 2595 eo-

41 2651 105 2688 rum
120 2637 229 2687 auctor
242 2639 273 2684 et
286 2625 538 2706 magisterPlato3
565 2623 665 2681 dicant
684 2623 761 2700 quod
778 2626 898 2681 volunt:
923 2641 983 2678 non
1005 2625 1083 2679 enim

42 2716 167 2772 cumeis
183 2711 387 2769 dererborum
410 2708 614 2767 controversia
636 2706 826 2765 laborandum
849 2715 902 2763 est.
946 2703 980 2762 Si
1004 2708 1081 2762 enim

41 2803 85 2856 sic
97 2797 298 2868 irnmortales,
325 2803 468 2852 attamen
481 2811 499 2848 e
511 2807 623 2848 summo
636 2790 701 2848 Deo
715 2791 825 2864 lemos,
844 2792 900 2848 etsi
912 2807 972 2848 non
985 2809 1037 2866 per
1051 2809 1082 2846 se

43 2886 143 2958 ipsos,
167 2879 221 2936 sed
234 2881 261 2936 ei
274 2897 361 2955 aquo
374 2878 446 2935 facti
458 2885 529 2934 sunt
541 2874 739 2948 adhaerendo,
764 2875 865 2934 beatos
884 2894 949 2932 esse
966 2873 1082 2948 dieunt3

42 2965 100 3023 boe
114 2964 219 3022 dicunt
232 2961 309 3040 quod
323 2961 459 3034 dicimus,
486 2960 615 3037 quolibet
629 2979 678 3017 eoa
693 2961 811 3018 nomine
825 2963 979 3037 appellent.
996 2958 1082 3018 Hanc

43 3060 146 3107 autem
158 3048 379 3104 Platonicorum
392 3065 456 3102 esse
469 3045 661 3118 seutentiam,
688 3047 751 3104 eive
768 3046 914 3118 omnium,
944 3046 1006 3101 rire
1020 3065 1081 3102 me-

42 3133 170 3205 liorum,
196 3134 346 3188 incorum
364 3131 457 3186 literis
477 3129 606 3186 inveniri
623 3137 728 3205 potest.
771 3130 846 3188 Nam
859 3138 889 3186 et
902 3128 937 3184 de
950 3129 1013 3203 ipso
1027 3147 1081 3186 uo-

42 3222 141 3290 mine,
170 3235 228 3292 quo
250 3213 418 3270 huiusmodi
438 3213 632 3269 immortalem
649 3213 821 3290 beatamque
838 3220 1001 3268 ereaturam
1014 3212 1082 3268 deos

43 3303 211 3378 appellant,
232 3298 296 3354 ideo
309 3299 388 3355 inter
401 3313 454 3353 nos
468 3305 498 3352 et
510 3297 590 3370 ipsos
604 3314 678 3370 pene
691 3299 772 3354 nulla
785 3295 929 3352 dissensio
943 3304 1002 3367 est,
1016 3297 1084 3371 quia

43 3398 73 3444 et
86 3387 120 3442 in
133 3383 248 3442 nostris
262 3382 354 3438 saeris
368 3381 462 3437 literis
474 3381 597 3459 legitur:
617 3378 700 3438 Deus
714 3380 833 3438 deorum
846 3377 991 3436 Dominae
1004 3378 1083 3434 loeu-

42 3483 93 3530 ιιι
109 3479 166 3528 eet.
193 3467 236 3524 Et
248 3464 333 3522 alibi:
361 3461 550 3537 confitemini
562 3461 626 3520 Deo
641 3463 767 3522 deorum.
793 3459 834 3518 Et
846 3461 929 3516 alibi:
942 3457 1008 3516 Rea·
1021 3478 1083 3514 mo-

40 3571 121 3633 guua
134 3568 231 3631 aupes·
245 3565 342 3606 omnes
356 3549 434 3606 deos.
456 3545 530 3602 lllnd
542 3556 640 3603 autem
652 3548 702 3604 ubi
715 3546 854 3618 seriptum
867 3551 926 3599 est:
952 3539 1083 3597 Terribi-

42 3640 81 3696 lia
97 3647 146 3696 eat
160 3651 255 3716 super
269 3647 365 3689 amnes
379 3632 465 3690 daeo:
492 3649 543 3688 our
557 3629 665 3686 dictum
678 3631 732 3700 sit,
759 3626 895 3699 deinceps
910 3621 1083 3680 ostenditur.

43 3721 192 3798 Sequitur
203 3717 296 3786 enim,
324 3712 469 3785 Quoniam
482 3731 578 3771 omnes
592 3713 637 3771 uit
645 3712 776 3790 gentium
790 3707 958 3778 doemonia,
979 3704 1084 3764 Domi-

41 3824 99 3864 noa
114 3813 220 3863 autem
233 3791 430 3868 coeloafeos't.
455 3795 552 3875 Super·
564 3791 660 3853 omues
675 3811 746 3873 ergo
760 3793 828 3852 deos
843 3789 934 3862 dixit,
948 3789 999 3846 sed
1011 3807 1083 3867 gea·

44 3891 138 3961 tium,
152 3886 184 3944 id
198 3893 263 3956 est,
278 3897 350 3958 quos
364 3889 466 3961 gentes
479 3897 531 3956 pro
546 3879 601 3936 diir
614 3877 732 3951 babent,
747 3895 819 3955 quae
834 3883 903 3933 sunt
915 3874 1083 3932 doemonia:
