2586 4396
224 201 282 256 roa
451 170 1040 250 nrursvsnnu'uvuvsrrm

221 349 342 423 incipit,
369 345 497 401 maxime
510 341 636 416 oppetit,
655 337 799 410 intendit,
814 347 983 412 exspectat,
998 349 1131 414 exoptat,
1159 361 1214 399 neo
1227 347 1257 400 (ιθ
1275 371 1277 388 ,

221 449 253 488 re
267 429 420 500 inchoata,
448 428 508 483 nisi
533 425 722 493 terminetur,
749 423 884 477 exsultat.
1278 441 1279 452 ι

599 571 722 632 ΟΑΡ.
765 570 878 628 Vlll.

220 675 261 728 Ob
279 689 362 744 ptum
381 687 490 726 causum
501 671 617 722 cultores
628 669 691 722 loni
701 668 848 740 bifrontem
857 668 1003 738 imaginem
1013 669 1097 738 ipsius
1111 671 1279 740 finxerimus

384 759 465 812 quum
476 750 566 794 tanton
576 739 658 792 etium
668 738 887 810 quodra'fiontem
896 739 983 792 uideri
992 743 1093 794 uoluat.

286 850 346 908 Sed
359 853 418 907 ium
431 849 568 906 bifrontis
578 847 726 902 simulacri
739 846 944 920 interpretatio
958 844 1131 918 proferatur.
1176 849 1256 908 Duas
1274 842 1279 896 l

219 939 298 994 enim
318 935 412 990 facies
439 941 507 989 ante
535 940 564 986 et
587 939 668 987 retro
682 928 789 985 habere
803 930 918 999 dieunt,
945 929 1023 1005 quod
1036 929 1133 989 hiatus
1147 943 1256 1006 noster,
1278 944 1279 979 l

219 1039 287 1076 eum
301 1037 333 1074 os
348 1018 510 1092 aperimus,
537 1014 646 1070 mundo
672 1015 775 1070 similis
802 1014 952 1090 videatur:
978 1013 1056 1070 unde
1080 1025 1110 1071 et
1131 1019 1257 1091 palatum
1276 1030 1279 1062 l

220 1093 351 1180 οὐρανὸν
364 1102 524 1175 appellant:
553 1107 582 1153 et
601 1098 752 1168 nonnulli,
780 1098 890 1173 inquit,
915 1105 1019 1170 poetae
1033 1097 1133 1156 Latini
1147 1103 1257 1156 coelum
1276 1113 1279 1146 ι

219 1177 400 1243 vocaverunt
412 1185 553 1257 polutum:
581 1198 667 1255 aquo
686 1177 769 1236 hiatu
783 1182 859 1251 oris,
887 1187 916 1235 et
928 1179 1008 1236 feras
1023 1199 1085 1236 esse
1100 1182 1212 1239 aditum
1224 1183 1256 1238 ad
1277 1177 1279 1231 l

219 1269 322 1325 dentes
335 1284 455 1337 versus,
477 1273 507 1320 et
520 1266 667 1320 introrsus
681 1263 718 1318 ed
731 1263 848 1320 fauces?
881 1260 961 1319 Ecce
975 1267 1032 1338 quo
1044 1265 1202 1338 perductus
1218 1275 1257 1321 est
1275 1307 1277 1313 a

218 1347 345 1409 mundus
360 1358 481 1426 propter
493 1349 584 1420 palati
598 1348 694 1402 nostri
706 1348 887 1418 vocabulum,
901 1349 949 1402 vel
961 1345 1117 1418 Graecum,
1130 1351 1178 1404 vel
1189 1369 1256 1423 poe·
1275 1371 1277 1378 ’

218 1437 320 1492 ticum.
365 1431 442 1498 Quid
455 1440 552 1486 autem
565 1428 621 1485 hoe
635 1428 671 1484 ad
685 1430 828 1499 animam,
852 1428 921 1504 quid
935 1429 1076 1486 advitam
1089 1429 1256 1488 aeternam?

218 1517 344 1591 Propter
357 1517 433 1570 solas
447 1515 554 1570 salivas
568 1514 680 1568 colatur
692 1510 740 1567 hie
753 1511 842 1582 deus,
870 1511 972 1586 quibus
997 1515 1103 1586 partim
1129 1517 1256 1592 glutien-
1276 1514 1279 1567 ι’

220 1601 281 1670 dis,
307 1599 414 1674 partim
438 1594 630 1670 exspuendis,
658 1595 710 1650 sub
726 1597 807 1651 eoelo
821 1596 912 1668 palati
926 1605 1050 1671 utraque
1062 1597 1205 1670 panditur
1218 1601 1256 1654 ia·
1276 1617 1279 1651 ι

219 1699 288 1740 nna.
332 1679 410 1747 Quid
424 1688 468 1734 est
480 1697 568 1752 porro
592 1677 764 1749 absurdius,
794 1696 881 1753 quam
894 1679 926 1734 in
939 1681 1003 1753 ipso
1016 1680 1123 1736 mundo
1137 1699 1200 1737 non
1214 1685 1256 1738 in·
1276 1701 1279 1735 ι

218 1767 322 1824 venire
336 1764 408 1819 duas
422 1764 525 1818 ianuas
539 1779 578 1816 ex
591 1760 714 1818 adverso
729 1763 816 1833 sitas,
843 1781 896 1836 per
922 1780 992 1836 quas
1015 1765 1063 1820 uel
1075 1763 1213 1821 admittat
1225 1765 1257 1821 ad
1276 1787 1279 1818 l

218 1869 251 1905 se
264 1845 374 1924 aliquid
389 1847 483 1915 intro,
496 1847 545 1902 vel
560 1846 673 1901 emittat
687 1863 705 1901 a
718 1863 749 1901 se
763 1845 858 1918 foras3
872 1845 951 1901 etde
965 1855 1067 1903 nostro
1080 1865 1132 1903 ore
1146 1858 1176 1903 et
1190 1859 1256 1926 gut·
1276 1870 1279 1902 ¹1

217 1943 300 2002 ture,
327 1947 452 2006 quorum
465 1928 689 1984 similitudinem
702 1928 826 1986 mundns
841 1947 902 1985 non
925 1927 1028 2001 habet,
1055 1931 1131 1987 telle
1157 1931 1257 1988 mundi
1278 1953 1279 1988 l

216 2016 407 2072 simulacrum
420 2031 595 2088 componore
608 2014 640 2068 in
653 2010 740 2084 lano,
766 2021 885 2087 propter
900 2015 993 2069 selum
1011 2015 1160 2088 palatum,
1174 2017 1256 2071 cuius
1278 2037 1279 2072 l

217 2097 439 2155 similitudinem
451 2095 539 2153 lanus
553 2115 614 2153 non
628 2092 732 2152 habeti
759 2095 832 2153 Cum
843 2113 914 2152 vero
929 2113 995 2152 eum
1007 2097 1120 2154 faciunt
1138 2099 1256 2173 quadri·

215 2184 359 2252 frontem,
387 2189 417 2236 et
427 2179 531 2236 lanum
543 2183 694 2258 geminum
705 2179 867 2254 appellant,
886 2179 923 2235 ad
937 2189 1062 2254 quatuor
1074 2181 1175 2237 mundi
1191 2201 1256 2256 par·
1278 2207 1279 2226 1

215 2274 262 2320 tes
288 2263 344 2318 hoc
371 2265 621 2338 interpretantur,
649 2264 733 2338 quasi
754 2263 999 2338 aliquid‘speetet
1022 2263 1146 2320 mundus
1166 2265 1256 2334 foras,
1278 2287 1279 2321 l

216 2350 294 2403 sicut
304 2365 357 2420 per
371 2364 471 2402 ornnes
485 2347 576 2403 facies
590 2345 686 2402 lanus.
730 2345 847 2402 Deinde
860 2345 988 2402 silanus
1003 2356 1049 2402 est
1060 2347 1207 2420 mundns,
1231 2357 1257 2403 et
1278 2375 1279 2406 ι

214 2431 339 2486 mundus
353 2437 478 2504 quantor
499 2429 628 2503 partibus
654 2438 787 2500 constat,
813 2427 920 2485 falsum
933 2439 979 2484 est
992 2433 1180 2486 simulacrum
1197 2431 1259 2488 lani
1278 2453 1279 2482 1

213 2515 367 2570 bifrontis:
381 2521 432 2568 sut
444 2515 470 2568 si
482 2521 639 2588 propterea
648 2531 751 2569 verum
762 2522 822 2584 est,
837 2513 1006 2588 quinetiam
1017 2515 1137 2570 nomine
1148 2513 1256 2570 Orien·
1278 2553 1279 2570 t

212 2600 252 2654 tis
266 2606 295 2652 et
308 2595 481 2652 Occidentis
499 2605 578 2652 totus
604 2598 678 2653 solet
700 2595 826 2652 mundus
853 2597 997 2673 intelligi,
1025 2598 1165 2672 numquid
1194 2617 1258 2654 oum

213 2681 286 2736 duos
309 2689 409 2754 partes
427 2681 500 2736 alias
514 2681 698 2736 nominamus
713 2679 931 2754 septentrionis
946 2690 976 2736 et
987 2679 1103 2750 Austri,
1129 2682 1211 2738 sicut
1224 2684 1257 2737 il-

211 2765 275 2820 lum
289 2762 520 2838 quadrifrontem
534 2761 636 2816 dieunt
648 2763 799 2836 geminum
809 2761 927 2833 lanum,
941 2765 984 2818 ite
996 2765 1148 2838 quisquam
1161 2767 1257 2840 gemi-

212 2863 284 2902 num
302 2845 431 2902 dicturus
446 2853 492 2898 ost
503 2839 662 2900 mundumf
698 2841 766 2900 Non
780 2843 889 2900 habent
903 2847 1023 2902 omnine
1037 2846 1114 2903 unde
1128 2858 1258 2920 quatuor

212 2930 332 2994 ianuas,
357 2943 431 2998 quae
455 2923 633 2980 intrantibus
655 2934 684 2981 et
698 2928 874 2984 exeuntibus
894 2938 1028 3002 pateant,
1055 2929 1256 3004 interpreten-

212 3020 261 3065 tur
289 3008 325 3062 ad
350 3007 451 3062 mundi
477 3008 711 3083 similitudinem;
738 3013 817 3068 sieut
830 3011 865 3065 de
879 3011 1007 3067 bifronte
1030 3013 1107 3086 quod
1121 3012 1259 3070 dicerent

212 3092 315 3146 saltem
330 3091 362 3146 in
384 3109 435 3145 ore
448 3089 574 3147 hominis
592 3093 788 3166 invenerunt3
815 3095 875 3150 nisi
888 3094 1043 3168 Neptunus
1056 3096 1134 3151 forte
1149 3099 1257 3153 snbve-

212 3175 276 3230 niat
289 3183 319 3229 et
332 3175 464 3252 porrigat
482 3176 606 3248 piscem,
636 3180 685 3236 eui
709 3171 827 3253 praeter
848 3177 962 3234 hiatum
983 3179 1043 3234 oris
1070 3187 1101 3234 et
1125 3181 1258 3256 gutturis

212 3259 300 3312 etiarn
312 3256 415 3313 dextra
425 3267 456 3314 et
465 3259 586 3317 sinistra
597 3261 697 3317 fauces
708 3271 819 3336 patent.
846 3261 886 3317 Et
895 3271 994 3318 tamen
1005 3261 1081 3317 hane
1090 3265 1258 3318 vanitatem

211 3349 318 3414 pertot
331 3343 433 3396 ianuas
447 3343 527 3397 nulla
540 3340 644 3421 effugit
666 3347 779 3415 anima,
807 3347 864 3400 nisi
890 3363 964 3419 quae
990 3345 1072 3401 audit
1096 3347 1258 3402 veritatem

212 3423 373 3494 dicentem,
399 3425 464 3502 Ego
478 3441 542 3482 sum
555 3427 655 3484 iussu.

608 3573 730 3632 CAP.
773 3575 841 3634 lX.

286 3667 330 3721 De
341 3670 412 3722 Iovis
423 3679 575 3738 potestate,
595 3677 677 3737 utque
688 3670 804 3723 eiusdem
814 3687 875 3724 eum
884 3673 953 3748 fauo
963 3673 1175 3741 comparatione.

273 3755 374 3815 lovem
386 3769 498 3832 autem,
524 3763 574 3835 qui
588 3761 676 3814 etiam
689 3759 801 3834 Iupiter
814 3761 939 3833 dieitur,
958 3781 1044 3838 quem
1057 3764 1154 3820 velint
1165 3763 1262 3822 intel·
1278 3767 1279 3774 ’

209 3840 279 3916 ligi,
295 3852 453 3915 exponant.
498 3843 603 3914 „Deus
619 3851 682 3915 est,
696 3845 850 3920 inquiunt,
868 3845 979 3910 habens
991 3853 1171 3921 potestatem
1186 3865 1260 3903 eau-
1278 3869 1279 3872 ¹
