2586 4396
232 199 293 259 nt:
317 198 537 260 Cll'l'l’A'l'B
558 199 638 260 DEI
665 201 748 264 LlB.
769 203 862 266 Vlll.
1005 209 1067 268 23⁰

33 364 89 418 lare
102 355 139 414 de
155 353 234 424 deo,
261 350 311 409 sed
330 347 365 408 de
385 350 526 410 daemone
549 349 681 412 &cratis
700 351 810 414 debuit
853 355 958 418 malua
970 367 1067 418 autem

32 443 83 500 boe
94 442 126 498 in
142 440 210 514 ipsa
223 435 438 511 disputatione,
452 453 540 512 quam
551 436 583 494 in
597 437 685 496 titulo
697 437 767 496 libri
778 457 899 515 ponere.
931 438 976 500 lta
989 445 1065 500 enisu

30 545 76 601 per
94 539 201 580 sanam
223 519 405 591 doctrinam,
431 537 505 596 quae
519 519 654 578 hamanis
667 521 753 582 rebus
766 525 880 598 illuxit,
906 541 1007 582 omnes
1020 529 1067 584 vel

31 627 99 684 peno
112 623 222 662 omues
234 604 412 661 daemonum
424 621 533 664 nomen
546 601 721 678 exhorrent,
735 616 769 666 ut
782 607 913 684 quisquis
926 616 995 666 ante
1008 607 1068 664 dis-

30 692 215 767 putationem
228 687 360 764 Apuleii,
384 705 441 762 qua
453 687 627 746 daemonum
640 687 769 768 dignitas
783 691 1016 764 commendatur,
1029 693 1068 750 ti-

30 777 119 832 tulum
132 773 206 830 libri
219 771 256 830 de
275 771 416 828 daemone
428 769 559 830 Socratis
572 773 700 852 legeret,
724 793 906 852 nequaquam
917 775 1001 832 illum
1011 774 1068 832 bo-

29 861 135 916 minem
149 872 259 914 sanum
271 855 364 912 fuisse
377 855 512 914 sentiret.
550 856 627 926 Quid
640 867 739 916 autem
752 859 841 916 etiam
852 861 917 934 ipse
929 858 1069 936 Apuleius

31 943 104 1018 quod
116 943 153 1000 in
166 938 360 998 daemonibus
373 938 524 1012 laudaret,
549 941 682 1012 invenit,
704 951 821 1018 praeter
834 943 1026 1002 subtilitatem
1039 952 1069 1000 et

31 1028 199 1082 firmitatem
214 1040 387 1099 corporum,
411 1033 443 1081 et
453 1021 642 1082 habitationis
655 1027 791 1084 altiorem
802 1021 916 1084 looumi
941 1026 1019 1086 Nam
1031 1026 1068 1084 dc

30 1110 160 1168 moribus
172 1126 294 1180 eorum,
321 1125 389 1164 cum
404 1105 442 1164 de
453 1107 589 1167 omnibus
602 1111 783 1186 generaliter
795 1112 982 1186 loqueretur,
1007 1129 1067 1169 non

30 1191 121 1250 solum
133 1191 213 1248 nihil
225 1191 297 1248 boni
310 1190 403 1264 dixit,
417 1190 470 1248 scd
483 1193 573 1248 etiam
583 1193 741 1268 plurimum
752 1194 831 1250 mali.
874 1193 1012 1270 Denique
1024 1196 1067 1250 le·

30 1287 74 1334 eto
87 1278 139 1334 illo
152 1277 229 1332 libro
242 1293 365 1350 prorsus
378 1293 464 1332 nemo
481 1277 623 1346 miratur,
649 1293 699 1332 cos
713 1278 804 1334 etiam
816 1277 962 1337 scenicam
974 1277 1068 1351 turpi-

29 1361 161 1418 tudinem
172 1361 206 1416 in
221 1359 310 1418 rebus
324 1357 431 1416 divinis
444 1357 552 1416 habere
562 1360 710 1432 voluisse,
724 1369 754 1416 et
765 1379 832 1416 cum
843 1359 912 1418 deos
926 1379 959 1416 sc
971 1360 1069 1434 putari

30 1445 142 1516 velint,
166 1443 289 1500 deorum
311 1442 485 1502 criminibus
504 1443 646 1500 oblectari
663 1445 810 1517 potuisse,
837 1453 867 1500 et
885 1441 1023 1520 quicquid
1036 1443 1068 1499 in

28 1547 132 1586 corum
150 1528 242 1584 sacris
255 1525 401 1584 obseoena
414 1527 603 1584 sollennitate
619 1545 672 1584 seu
685 1530 765 1602 turpi
779 1519 952 1586 crudelitate
966 1528 1016 1600 vel
1025 1526 1067 1584 ri·

27 1613 129 1684 detur,
156 1613 205 1668 vel
218 1609 374 1680 horretur,
401 1627 502 1668 eorum
515 1607 666 1668 affectibus
679 1613 847 1670 convenire.

424 1760 492 1819 cl
514 1761 546 1818 P.
590 1761 667 1818 XV.

30 1859 105 1926 Quod
115 1877 205 1931 neque
214 1865 331 1928 propter
346 1857 425 1912 attic
440 1875 568 1927 corporo,
586 1875 670 1929 neque
681 1868 796 1928 propter
806 1862 948 1930 superiore
961 1861 1067 1916 babita-

271 1930 333 1982 cula
344 1928 482 1981 homones
492 1929 642 1984 bominibus
652 1933 824 1984 antecellant.

86 2037 290 2107 Quamobrem
303 2035 380 2092 absit
391 2045 425 2092 ut
437 2037 495 2092 ista
507 2037 697 2094 considerans
718 2039 833 2095 animus
853 2019 1000 2097 veraciter
1018 2057 1066 2095 re-

29 2125 150 2203 ligiosus
165 2131 197 2178 et
210 2139 283 2178 vero
296 2119 362 2177 Deo
376 2120 523 2190 subditus,
536 2120 603 2176 ideo
616 2121 777 2178 arbitretur
790 2121 946 2179 daemones
959 2139 991 2178 se
1003 2124 1067 2198 ipso

29 2227 87 2264 esse
99 2208 262 2275 meliores,
288 2201 366 2280 quod
378 2200 505 2261 babeant
518 2223 642 2280 corpora
660 2207 791 2262 meliora.
834 2207 973 2283 Alioquin
989 2207 1065 2263 mul·

28 2301 67 2348 tas
81 2292 140 2348 sibi
155 2299 186 2346 et
199 2288 309 2346 bestias
327 2289 511 2361 praelaturus
529 2297 587 2362 est,
615 2307 689 2365 quae
708 2307 762 2346 nos
780 2291 985 2348 etaorimonia
996 2307 1065 2346 scn-

29 2394 125 2446 suum,
155 2383 187 2430 et
200 2381 282 2428 motu
295 2370 437 2428 facillimo
448 2379 537 2448 atquc
555 2373 725 2444 celerrimo,
752 2383 783 2430 ct
798 2371 930 2432 valentia
946 2375 1065 2444 virium,

29 2470 55 2514 et
66 2457 268 2516 annosissima
280 2456 418 2512 firnritate
431 2473 587 2531 corporum
599 2457 733 2513 vincunt.
772 2459 844 2524 Quis
857 2455 1008 2514 bominum
1019 2457 1066 2513 vi·

29 2542 117 2600 dendo
132 2541 310 2617 aequabitur
323 2541 429 2614 aquilis
443 2549 474 2595 et
483 2535 667 2596 vulturibusi
682 2541 755 2606 Quis
765 2539 914 2595 odorando
926 2534 1066 2596 canibusl

29 2627 94 2692 Quis
105 2625 269 2684 velocitate
283 2623 447 2696 leporibus,
472 2624 583 2692 cervis,
609 2621 713 2678 aribus
727 2617 877 2678 omnibusi
904 2623 976 2688 Quis
990 2622 1065 2676 mul-

26 2719 86 2766 tum
98 2707 235 2768 valendo·
243 2706 376 2763 leonibus
388 2716 418 2762 et
431 2701 612 2781 elephantisl
627 2705 701 2772 Quis
716 2705 766 2760 diu
779 2704 907 2762 vivendo
919 2705 1065 2778 serpenti-

26 2791 91 2865 bus,
117 2794 172 2870 qui
184 2792 277 2848 etiam
291 2789 422 2865 deposita
435 2791 537 2847 tunica
550 2797 733 2846 senectutem
746 2788 908 2864 deponere,
933 2797 1021 2863 atque
1033 2789 1066 2845 in

25 2877 174 2934 iuventam
199 2875 300 2932 redire
323 2869 533 2950 perhibenturi
561 2871 621 2931 Sed
640 2874 717 2930 sieut
732 2871 778 2930 his
797 2871 931 2929 omuibus
944 2871 1064 2928 ratioci-

26 2961 121 3018 nando
141 2971 171 3018 et
189 2958 386 3036 intelligendo
404 2959 539 3015 meliores
560 2975 676 3029 sumus,
707 2958 750 3014 ita
768 2957 858 3014 etiam
875 2956 1063 3014 daemonibus

26 3042 101 3102 bene
122 3055 214 3120 atque
234 3041 360 3099 honeste
383 3042 509 3100 vivendo
526 3043 661 3100 meliores
680 3059 745 3098 essa
759 3040 906 3098 debemus.
950 3039 995 3098 Ob
1008 3038 1063 3097 hoc

27 3131 101 3185 enirn
115 3139 146 3185 et
159 3125 460 3204 providentiadivina
473 3127 526 3197 cis,
541 3126 646 3202 quibus
656 3143 709 3182 nos
721 3133 838 3184 constat
848 3142 912 3182 esse
921 3125 1062 3200 potiores,

25 3209 89 3270 data
111 3223 184 3270 snnt
209 3209 350 3286 quaedum
373 3211 489 3283 potiora
512 3227 667 3284 corporum
689 3227 829 3280 munera,
855 3218 890 3266 ut
912 3207 985 3264 illud
1003 3225 1062 3282 quo

24 3296 66 3350 eis
82 3297 310 3372 praeponimur,
329 3293 419 3350 etiam
431 3294 489 3350 isto
502 3293 588 3350 modo
608 3292 690 3350 nobis
703 3292 956 3350 commendaretur
969 3291 1061 3346 multo

24 3382 132 3436 maiore
147 3398 221 3438 cura
236 3377 430 3434 excolendum
444 3394 524 3448 esse,
554 3393 640 3452 quam
652 3391 774 3450 corpus3
800 3377 950 3450 ipsamque
963 3375 1062 3429 excel-

22 3465 143 3522 lentiam
157 3464 358 3536 corporalem,
387 3477 473 3536 quam
494 3459 653 3518 daemones
672 3458 779 3516 babere
800 3473 967 3528 nossemus,
991 3473 1062 3530 prae
1108 3455 1110 3460 '

23 3547 154 3606 bonitate
165 3549 264 3617 vitae,
292 3562 349 3620 qua
360 3545 419 3600 illis
432 3545 655 3619 anteponimur,
669 3551 860 3600 contemnere
872 3538 1061 3608 disceremus,

23 3627 150 3688 babituri
162 3640 193 3686 et
206 3647 263 3687 nos
277 3629 527 3686 immortalitatem
539 3644 711 3702 corporum,
727 3643 789 3684 non
802 3640 891 3698 quem
902 3620 1060 3696 supplicio-

23 3731 89 3768 rum
101 3715 262 3772 aeternitas
276 3721 423 3786 torqueat,
437 3711 488 3768 sed
499 3729 586 3786 quam
598 3710 711 3784 puritas
720 3705 876 3784 praecedat
888 3705 1059 3771 aniuroruru.

88 3797 148 3854 lam
165 3813 238 3854 vcro
257 3795 293 3852 de
310 3796 367 3852 loci
384 3793 555 3864 altitudine,
581 3791 659 3870 quod
678 3791 834 3849 daemones
847 3790 877 3848 in
892 3791 979 3862 aire,
1005 3805 1062 3846 nos

23 3891 123 3937 autom
136 3879 301 3938 habitamus
316 3880 348 3934 in
362 3888 455 3950 terra,
469 3879 509 3936 ita
521 3877 700 3952 permoveri,
713 3884 745 3932 ut
758 3872 826 3934 bino
837 3891 887 3933 eos
899 3870 984 3932 nobis
999 3891 1060 3930 esse
