2592 4396
251 216 311 276 DE
338 215 556 276 ClVlTATE
582 217 664 278 DEI
689 219 769 278 ΗΒ.
790 221 886 282 Xlll.
1014 229 1073 286 too

397 366 419 426 C
440 369 465 426 Α
486 367 519 426 Ρ.
561 367 713 426 XXIV.

42 467 165 547 Qualiter
175 463 380 548 accipiendanss't
390 464 488 517 aetitia
498 465 658 547 iapafflatio,
674 465 702 517 in
713 481 767 548 qap
773 467 878 533 prinrsa
889 469 966 522 dorna
975 474 1073 545 sactae

97 545 137 589 est
147 553 177 588 ιιι
187 551 305 586 animam
315 542 444 586 mentem
450 551 462 595 ;
476 537 518 587 eet
526 538 574 587 sila
585 553 664 603 paam
676 533 808 589 Dominae
816 539 900 609 fecit,
911 539 1014 593 dicent.-

347 601 470 670 Accips'te
481 603 615 672 Spiritum
625 612 755 656 sanctam.
801 643 810 656 .

100 710 185 768 Vnde
204 718 234 765 et
250 709 323 766 illud
341 727 444 784 parum
464 709 647 768 considerate
663 711 835 786 quibusdam
848 716 943 772 visum
957 726 1017 789 ιιι,
1041 721 1072 777 iu

39 816 70 853 eo
83 793 159 870 quod
172 794 293 872 legitur,
307 789 475 870 [aspiravit
488 791 570 852 Deae
585 795 739 866 infaciem
754 796 817 852 aiat
831 801 971 874 spiritam
980 803 1071 873 vitae,

40 879 184 950 etfactas
199 885 245 934 est
257 875 338 932 domo
353 877 382 934 ιἰι
396 877 524 934 animam
537 879 695 951 viventem
712 895 772 934 uon
788 887 857 935 tunc
870 883 997 939 animam
1009 885 1071 957 pri·

40 981 81 1019 mo
93 960 206 1016 homini
220 958 327 1029 datam,
341 958 393 1014 sed
405 977 469 1014 eam
482 979 555 1035 quae
572 962 756 1032 inmineret,
783 959 896 1036 Spiritu
908 973 1011 1023 sancto
1025 969 1070 1023 vi-

40 1045 190 1101 vificatam.
235 1041 334 1098 Movet
347 1043 425 1098 ιιιίιιι
440 1059 505 1114 eos,
526 1043 602 1118 quod
615 1043 759 1100 Dominus
772 1041 854 1102 lesus
871 1057 1071 1125 posteaquam

39 1126 198 1183 resurrexit
212 1142 229 1180 a
242 1125 375 1195 mortuis,
389 1123 559 1198 insufflavit,
574 1127 674 1183 dicens
688 1126 838 1201 discipulis
851 1132 922 1200 suis,
935 1129 1071 1209 Accipite

38 1210 181 1288 Spiritum
195 1217 339 1265 sanctam.
366 1205 449 1264 Vnde
462 1211 520 1266 tale
534 1211 644 1286 aliquid
658 1211 829 1266 existimant
842 1211 966 1283 iactum,
985 1216 1071 1289 quale

38 1304 104 1349 tunc
117 1292 230 1348 factum
250 1300 307 1347 est:
334 1293 418 1366 quasi
436 1290 530 1349 ethic
548 1303 666 1350 secutus
679 1293 871 1370 Evangelista
885 1293 1008 1366 dixerit,
1032 1295 1072 1352 Et

39 1377 105 1432 facti
119 1376 235 1431 suntin
248 1375 375 1431 animam
391 1376 549 1432 viventem.
575 1376 657 1443 Quod
674 1375 790 1452 quidem
808 1379 834 1431 ri
854 1375 963 1432 dictum
983 1388 1070 1449 osset,

37 1459 89 1516 hoc
101 1459 350 1534 intelligeremus,
378 1457 456 1533 quod
474 1460 637 1516 anirnarum
651 1458 792 1534 quaedam
811 1459 872 1515 vita
890 1461 929 1515 sit
942 1458 1069 1536 Spiritus

37 1543 107 1613 Dei,
134 1542 199 1596 sine
223 1558 279 1615 quo
305 1543 419 1597 animae
445 1544 604 1598 rationales
627 1551 761 1599 mortuae
785 1541 967 1617 deputandae
991 1554 1070 1616 suut,

36 1625 164 1701 quamvis
186 1641 286 1679 earum
300 1626 468 1698 praesentia
484 1626 585 1682 vivere
603 1644 726 1700 corpora
739 1623 902 1682 videantur.
936 1625 995 1683 Sed
1009 1645 1070 1684 non

36 1711 74 1764 ita
87 1707 208 1778 iactum,
223 1707 339 1781 quando
354 1717 398 1763 ιιι
412 1709 546 1764 conditus
559 1708 657 1781 homo,
680 1711 751 1766 satis
765 1711 828 1782 ipsa
841 1709 909 1765 libri
922 1710 1011 1767 verba
1024 1720 1069 1766 te-

36 1800 159 1860 stantur,
174 1807 248 1865 quae
262 1791 304 1846 ita
318 1809 349 1846 se
363 1788 484 1850 habent:
503 1791 703 1864 deformavit
717 1791 803 1852 Deus
815 1791 956 1850 homiaem
963 1794 1069 1871 palae-

36 1893 92 1931 rem
110 1874 146 1931 de
164 1884 260 1930 terra.
297 1873 380 1938 Quod
399 1873 515 1949 quidam
533 1876 647 1948 planius
666 1874 917 1951 interpretandum
932 1885 1069 1952 putantes

35 1957 183 2025 dixerunt,
197 1954 342 2026 Etfirrait
356 1953 440 2012 Deae
450 1956 592 2013 hominem
605 1959 640 2014 da
653 1959 720 2013 limo
735 1969 845 2014 terrac.
861 1960 1005 2023 Quoniam
1020 1977 1068 2014 ιιι-

35 2043 129 2113 perius
144 2039 255 2094 dictum
267 2036 378 2109 fluerat,
405 2037 484 2095 Foaa
498 2049 596 2095 autem
610 2039 808 2096 adscendebat
822 2040 857 2095 de
871 2049 968 2109 terra,
983 2051 1013 2097 et
1026 2043 1069 2096 ir·

35 2123 154 2199 rigabat
174 2139 283 2178 omnem
294 2121 413 2193 faciem
432 2131 550 2177 terrae:
576 2130 609 2178 ut
629 2139 666 2176 ex
686 2119 740 2176 hoc
760 2121 847 2176 limus
861 2121 1069 2198 intelligendus

34 2206 197 2275 videretur,
223 2203 345 2260 humore
364 2205 479 2259 sedicet
496 2213 631 2280 terraque
649 2212 813 2260 concretus.
848 2202 904 2258 Vbi
924 2205 1003 2260 enim
1016 2202 1070 2260 hoe

34 2288 208 2358 dictumest,
223 2289 362 2343 continuo
377 2288 517 2362 sequitur,
540 2285 741 2358 Etforaravit
754 2285 836 2344 Deae
850 2285 991 2344 homiaem
997 2287 1069 2364 pal-

33 2391 126 2428 eerem
141 2373 177 2428 de
192 2380 297 2427 terra:
320 2371 397 2426 sicut
410 2369 515 2426 Graeci
530 2370 646 2426 codices
658 2370 782 2442 habent,
798 2369 876 2427 unde
888 2371 920 2426 in
934 2369 1068 2428 Latinam

33 2457 165 2532 linguam
178 2451 332 2526 Scriptura
345 2454 402 2508 ista
416 2471 557 2509 conversa
571 2463 625 2508 ιιι.
653 2453 724 2509 Sive
737 2463 834 2510 autem
844 2453 1010 2524 formavit,
1029 2456 1069 2508 si-

35 2557 65 2594 ιι
71 2538 182 2610 finxit,
196 2536 262 2610 quis
277 2535 374 2592 dicere
387 2536 526 2605 voluerit,
541 2535 614 2608 quod
630 2534 743 2590 Graece
757 2535 865 2589 dicitur
877 2528 1021 2604 ἔπλασεν,
1034 2535 1070 2589 ad

33 2639 89 2676 ιιιιι
104 2618 181 2676 nihil
194 2620 334 2674 interest:
346 2613 440 2695 magis
454 2627 551 2673 tamen
564 2617 680 2690 proprie
693 2615 810 2685 dicitur,
816 2614 922 2686 flacit.
938 2613 997 2670 Sed
1008 2633 1069 2671 am-

33 2704 157 2781 biguitas
171 2703 237 2758 visa
250 2710 296 2757 ιιι
308 2700 463 2758 devitanda
477 2701 535 2772 eis,
554 2700 605 2774 qui
615 2697 769 2768 formavit
782 2697 878 2753 dicere
892 2699 1070 2769 maluerunt,

32 2805 62 2840 eo
77 2784 156 2860 quod
169 2787 201 2840 in
216 2783 323 2840 Latina
334 2785 437 2861 lingua
450 2783 521 2838 illu'd
534 2783 628 2858 inagis
642 2783 770 2837 obtinuit
782 2780 975 2852 consuetudo,
995 2790 1028 2836 ut
1040 2779 1070 2836 hi

32 2867 166 2924 dicantur
184 2867 314 2944 fingere,
339 2868 389 2942 qui
408 2865 518 2942 aliquid
536 2864 687 2920 mendacio
710 2865 865 2921 simulante
883 2874 1070 2939 componunt.

32 2949 121 3006 Hunc
134 2951 225 3028 igitur
243 2950 398 3005 formatum
413 2947 561 3006 hominem
580 2947 616 3004 de
634 2957 731 3004 terrac
749 2951 886 3023 pulvere,
910 2949 973 3005 sive
990 2950 1070 3020 limo,

32 3030 105 3110 (erat
120 3035 199 3090 euim
211 3031 308 3107 pulvis
321 3028 505 3109 humectus3)
531 3030 621 3102 hunc,
645 3032 775 3107 inquom,
798 3040 831 3088 ut
844 3033 1011 3106 expressius
1026 3031 1069 3087 di-

32 3135 102 3187 cam,
117 3117 198 3174 sicut
207 3115 360 3190 Scriptura
371 3116 467 3170 locuta
479 3124 534 3186 est,
541 3113 698 3192 palearem
709 3115 745 3172 de
756 3123 852 3185 terra,
865 3116 991 3171 animale
1005 3133 1070 3171 cor·

31 3217 79 3270 pus
94 3199 209 3256 iactum
222 3217 287 3254 esse
301 3197 387 3255 docet
398 3198 569 3272 Apostolus,
588 3217 655 3254 eum
669 3199 796 3254 animam
808 3199 930 3271 accepit.
957 3196 1000 3254 Et
1011 3197 1071 3268 fa-

31 3292 93 3338 ctat
114 3293 163 3341 ert
182 3285 242 3340 iste
259 3280 341 3338 homa
360 3284 391 3338 ia
410 3282 538 3337 animam
557 3281 719 3338 viventem:
742 3279 772 3334 id
788 3289 844 3350 est,
857 3279 1000 3336 formatus
1015 3281 1070 3334 iste

30 3367 126 3437 pulvis
141 3365 238 3422 iaetus
252 3373 298 3420 ιιι
309 3365 341 3420 iu
354 3365 481 3420 animam
495 3364 653 3419 viventem.

94 3447 169 3521 laur,
184 3448 338 3523 inquiunt,
358 3446 481 3503 habebat
493 3447 635 3516 animam,
655 3445 786 3519 alioquin
801 3462 861 3499 uon
875 3445 1071 3516 appellaretur

30 3527 129 3588 homo:
145 3532 285 3607 quoniam
295 3527 381 3587 homo
396 3547 456 3586 non
470 3537 515 3584 ιιι
528 3545 632 3601 corpus
646 3529 749 3597 solum,
763 3528 811 3582 vel
823 3527 921 3581 anima
935 3525 1006 3593 sols,
1021 3523 1072 3578 sed

31 3614 76 3685 qui
92 3615 246 3670 exanima
261 3622 378 3669 constat
390 3622 420 3668 ct
434 3628 562 3686 corpore.
597 3609 663 3667 Hoc
677 3609 791 3686 quidem
804 3626 908 3666 verum
921 3613 981 3676 est,
996 3604 1072 3680 quod

31 3711 87 3751 ιιοιι
102 3704 184 3753 totus
198 3694 302 3767 homo,
325 3696 376 3752 sed
388 3714 455 3770 pars
469 3694 572 3749 melior
584 3689 710 3749 hominis
725 3692 822 3748 anima
835 3699 896 3761 ett3
923 3706 978 3746 nee
991 3696 1071 3746 totus

29 3773 113 3836 homo
128 3795 249 3854 corpus,
264 3777 315 3834 sed
328 3778 452 3836 inferior
465 3775 591 3833 hominis
604 3795 672 3851 pars
687 3784 746 3830 est:
762 3773 813 3830 sod
827 3792 893 3829 cum
903 3781 948 3828 ιιι
959 3780 1070 3828 utrum·

30 3875 82 3928 que
98 3863 292 3919 coniunctum
306 3863 408 3930 simul,
420 3859 507 3916 hebet
516 3857 644 3914 hominis
659 3872 781 3931 nomcn;
808 3855 883 3933 quod
897 3865 995 3912 tauron
1010 3856 1071 3910 sin-
