2530 4392
188 217 239 277 DE
262 217 481 278 civium
505 219 584 278 DEI
607 221 689 286 llll.
711 223 814 282 XIX.
952 175 1015 289 stt

382 369 404 430 C
424 372 450 428 A
470 370 503 428 Ρ.
546 369 578 428 X
592 372 613 430 1.

60 450 205 505 beatitudine
218 451 442 520 pacisculum,
460 451 556 593 ipquo
572 455 674 506 sanctis
681 455 751 525 fissis
762 467 816 522 est,
836 459 933 524 idest,
952 479 1016 517 uero

419 537 471 590 per
487 530 565 574 cesso.

61 611 224 684 Quepmptcr
234 627 386 685 possumus
399 609 508 683 dicere,
521 610 596 668 fines
610 611 726 690 [finem]
741 615 884 676 bonorum
897 630 1015 679 nostro·

59 711 130 750 ,esse
138 710 237 768 pscem,
250 694 327 750 sicut
339 703 489 752 ueternum
506 713 571 752 esse
584 695 712 756 diximus
725 701 830 759 sitsm:
843 706 1016 777 praesertim

58 799 63 833 ι
77 778 130 852 ipsi
141 775 251 833 Civitsti
264 775 334 849 Dei,
347 777 383 834 de
396 796 452 853 qus
466 778 550 838 nobis
565 789 610 836 est
623 782 681 838 istu
694 787 900 856 operosissime
912 785 1016 862 dispu-

58 881 75 932 ι,
96 862 123 921 in
136 869 229 916 suucto
243 860 351 918 dicitur
364 860 493 918 Psslmo:
522 859 629 920 lauda
641 863 833 926 Hierusalem
846 868 1015 941 Dominum,

57 945 125 1001 sudu
137 942 223 1000 Deum
237 952 318 1001 tuum
330 942 412 1002 Sion.
447 942 594 1014 Quoniam
607 948 797 1019 confirmauit
810 967 897 1008 seras
904 963 1016 1028 porto·
1072 961 1076 968 ‘

66 1038 191 1097 twrsc,
211 1026 360 1084 benedixit
369 1027 457 1100 filios
470 1037 538 1086 tuos
551 1030 582 1084 iss
596 1039 642 1100 te,
670 1035 722 1107 qui
731 1036 840 1110 possit
852 1034 934 1106 fines
949 1045 1015 1094 tuos

56 1129 97 1166 on.
128 1109 241 1176 Quando
257 1111 336 1166 enim
350 1111 539 1168 confirmetue
551 1111 663 1170 fuerint
676 1133 759 1172 seruc
771 1126 924 1192 portorum
938 1120 1014 1192 eius,

56 1196 90 1250 in
102 1194 176 1250 illum
188 1195 285 1250 nullus
298 1194 432 1267 inmisit,
445 1213 502 1252 nec
516 1195 552 1252 sb
565 1197 616 1254 ills
629 1200 707 1254 ullus
721 1200 823 1257 exibit.
837 1200 879 1258 Ac
892 1219 946 1275 per
958 1200 1014 1258 hcc

70 1277 131 1333 eius
145 1295 205 1334 eum
221 1275 357 1334 debemus
377 1277 424 1336 hio
443 1280 613 1357 intelligere
631 1297 750 1354 puccm,
774 1299 861 1358 quum
878 1285 1014 1342 volumus

55 1369 177 1418 ›nstrure
188 1361 313 1418 fiuslcus.
335 1360 411 1420 Nem
424 1372 454 1419 ct
466 1364 561 1438 ipsius
576 1362 712 1422 Civitatis
724 1367 880 1442 mysticum
893 1383 1014 1438 numen,

56 1454 70 1501 t
83 1443 272 1516 Hierusalem,
287 1444 364 1521 quod
377 1453 408 1503 et
420 1455 489 1504 sntc
503 1448 562 1504 ium
575 1446 714 1519 diximus,
728 1447 810 1506 Visio
823 1450 905 1524 psois
918 1450 1013 1506 inter-

54 1538 118 1585 stur.
140 1525 197 1584 Sed
209 1529 346 1603 quonium
358 1532 438 1604 pacis
452 1548 559 1586 nomen
573 1533 661 1588 etism
675 1533 707 1589 in
719 1530 765 1588 his
778 1532 867 1590 rebus
880 1535 1014 1589 mortali-

53 1612 258 1686 iequentstur,
285 1611 336 1668 ubi
354 1614 458 1688 utique
477 1623 599 1670 nonest
616 1615 678 1672 vitu
695 1625 833 1688 sctcrno3
858 1625 1015 1691 propteres

53 1717 62 1750 ι
78 1693 210 1751 Ciritutis
223 1692 323 1766 huius,
342 1695 393 1752 ubi
407 1697 465 1753 crit
478 1711 623 1754 summum
636 1697 746 1756 bonum
759 1700 839 1771 eius,
863 1707 1015 1756 ueternum

52 1801 63 1834 s
80 1779 231 1834 maluimus
245 1795 472 1837 commemorare
485 1797 572 1856 quum
584 1799 697 1856 psccrn.
733 1782 780 1840 De
794 1799 851 1858 quc
865 1781 924 1840 linc
937 1781 1014 1858 Apo·

52 1881 63 1918 s
91 1862 148 1918 uit:
173 1857 257 1919 Nunc
279 1881 349 1920 cero
367 1863 683 1940 honestamus,
708 1868 791 1923 serui
810 1875 910 1926 eutem
925 1863 1016 1936 facti

58 1945 177 2002 ltobetis
188 1945 330 2016 fructuos
342 1955 474 2004 cestrum
487 1948 518 2003 iss
532 1948 818 2018 sanctificationem,
837 1947 932 2019 finem
944 1965 1014 2006 cero

51 2049 60 2084 s
74 2037 239 2084 ueternum.
269 2027 329 2084 Sed
345 2045 449 2086 rursus
463 2029 532 2102 quis
544 2031 606 2085 vite
618 2039 739 2086 aeterna
753 2031 788 2087 sb
802 2029 849 2086 his
863 2032 915 2104 qui
927 2030 1014 2086 lumi-

50 2121 129 2169 stem
151 2128 213 2167 non
234 2109 345 2168 hubent
366 2129 433 2168 eum
456 2109 619 2186 seripturis
643 2115 770 2183 cunctis,
799 2121 899 2186 potest
921 2113 1015 2186 accipi

50 2245 51 2251 ,
67 2195 217 2250 mulorum
229 2195 308 2267 vits3
325 2195 375 2252 vel
387 2192 546 2251 secundum
559 2194 701 2269 quosdam
714 2195 803 2252 etium
815 2192 1015 2270 philosophos,

50 2297 85 2335 er
98 2279 217 2334 suimus
231 2279 498 2350 immortulitutem3
515 2279 564 2334 sel
577 2279 666 2335 etium
679 2278 841 2336 secundum
853 2277 942 2335 fidem
958 2296 1014 2335 no-

50 2403 73 2434 i,
101 2369 225 2437 prepter
237 2379 347 2437 poenus
361 2361 594 2418 interminabiles
608 2363 780 2435 impiorum,
806 2363 856 2438 qui
869 2363 970 2437 utique
982 2362 1015 2418 iu

50 2464 123 2506 uum
137 2445 268 2502 cruciari
282 2463 344 2502 nors
362 2454 520 2521 poterunt,
546 2447 606 2502 uisi
620 2447 709 2504 etium
720 2447 853 2504 vixerint
872 2447 904 2502 in
918 2454 1015 2502 setes-

55 2529 202 2606 profecto
216 2528 285 2586 linis
295 2527 437 2587 Civitstis
449 2528 549 2601 huius,
561 2531 594 2586 in
608 2547 667 2606 quo
680 2547 824 2588 summum
834 2527 953 2586 hebebit
962 2530 1014 2586 lso·

53 2615 107 2672 vel
121 2631 185 2686 pux
197 2615 231 2670 in
244 2614 307 2670 vite
320 2622 457 2685 setosus,
470 2615 519 2670 vel
531 2613 593 2670 vitu
606 2622 729 2670 ueterns
743 2614 775 2669 in
786 2627 859 2688 poce
873 2611 1014 2668 dicendus

50 2707 80 2754 st
100 2698 224 2753 lucilius
244 2696 280 2753 ub
299 2696 435 2754 omnihus
452 2695 548 2772 pessit
564 2689 702 2775 intelligi.
734 2694 865 2755 Tantum
878 2704 925 2751 est
937 2697 1017 2753 euim

50 2782 183 2853 horsum,
211 2790 247 2837 ut
259 2781 349 2837 etism
362 2781 394 2837 in
408 2781 496 2837 rebus
509 2782 638 2838 terrenis
652 2789 741 2856 utque
753 2777 928 2836 mortalibus
942 2777 1017 2836 nihil

54 2884 73 2921 s
103 2865 207 2922 solent
233 2863 348 2935 audiri,
373 2861 450 2920 nihil
474 2862 698 2921 desiderabilius
723 2864 915 2938 concupisci,
941 2861 1016 2920 nihil

52 2967 106 3004 mc
128 2948 231 3021 possit
248 2948 354 3004 melius
372 2948 512 3006 inveniri.
540 2945 588 3004 Dc
607 2965 666 3024 quc
686 2948 713 3004 si
733 2948 886 3025 sliqusuto
906 2947 1017 3005 diutius

50 3032 252 3100 coluerimus,
267 3033 459 3104 nocerinus,
473 3039 616 3108 quantum
626 3033 766 3105 arbitror,
780 3031 901 3090 onerosi
913 3033 1017 3110 legen·

72 3125 107 3171 et
119 3124 253 3190 propter
268 3114 357 3172 finem
370 3114 506 3173 Civitatis
520 3114 608 3172 huius
621 3115 657 3172 de
676 3135 735 3193 qus
748 3117 833 3174 uoltis
849 3133 946 3173 sersno
961 3124 1018 3186 cst,

50 3208 120 3274 ster
133 3198 238 3274 ipsum
250 3197 436 3256 dulcedinem
448 3199 530 3272 pscis
544 3217 619 3274 quse
633 3199 769 3256 omuibus
785 3217 854 3255 curs
869 3208 922 3254 cst.

360 3346 481 3405 CAP.
526 3345 621 3404 ΧΗ.

50 3445 130 3498 tiam
143 3445 314 3500 bellantium
328 3442 444 3496 saeuitia
460 3459 598 3512 omnesque
613 3442 750 3495 luminum
763 3438 965 3510 inquietudines
985 3441 1022 3492 cd

61 3515 166 3585 finem
178 3515 297 3586 eupiunt
304 3511 456 3584 peruenire,
467 3512 524 3566 siue
534 3511 611 3566 cuius
621 3511 748 3582 appetitu
757 3513 833 3564 nullo
843 3517 947 3564 cutura
957 3509 1003 3562 sit.

50 3621 103 3678 rod
120 3624 215 3679 enim
229 3639 344 3680 mecum
364 3619 498 3696 quisquis
512 3637 561 3676 res
575 3616 716 3674 humsncs
730 3627 927 3694 neutrumque
940 3635 1020 3674 oom-

50 3725 66 3760 u
85 3714 262 3781 utcunque
276 3707 409 3762 intuetur
423 3704 570 3782 agnoscit,
597 3703 676 3758 sicut
688 3719 774 3758 nemo
788 3709 835 3758 est
847 3702 897 3777 qui
908 3700 1021 3782 gaude-

50 3798 89 3862 t,
109 3789 162 3845 its
179 3807 272 3846 neme
285 3798 331 3846 est
343 3788 395 3864 qui
404 3803 508 3864 puccm
520 3784 629 3844 hebere
642 3785 727 3842 nolit.
763 3784 886 3853 (luendo
900 3784 1021 3865 quidem

67 3872 133 3949 qui
158 3871 380 3946 benevolum,
406 3869 481 3929 nihil
498 3868 577 3929 uliud
597 3887 682 3948 quum
701 3871 823 3928 vincere
840 3871 961 3931 solunt:
988 3866 1022 3927 sd
