2510 4404
181 207 242 266 DE
266 207 483 266 ClVlTATE
506 208 587 267 DEl
615 209 695 266 LlB.
717 207 814 269 XXl.
951 217 1010 274 345

41 371 99 418 item
112 379 201 418 omnes
213 361 335 418 veniunt
347 362 378 418 in
399 363 591 437 sempiternas
608 335 732 438 poenas,
759 381 832 438 quae
853 375 919 438 post
940 368 1011 425 illud

41 446 130 501 licium
143 441 204 522 [lis]
218 454 286 501 sunt
297 445 424 518 futurae,
437 447 487 522 qui
498 455 697 521 postmortem
709 448 855 503 sustinent
867 456 1011 522 tempora-

41 549 53 586 ι.
74 527 139 586 Nam
151 527 325 605 quibusdam,
339 530 416 605 quod
427 531 459 586 in
472 531 528 586 isto
542 548 601 586 non
615 532 785 602 remittitur,
798 532 908 587 remitti
921 533 952 588 in
966 532 1011 588 fu-

40 633 66 670 ro
79 615 193 685 saeculo,
206 611 236 669 id
249 623 303 684 est,
326 632 362 668 nc
375 613 468 670 futuri
476 615 589 670 saeculi
604 623 723 670 aeterno
736 615 875 689 supplicio
888 616 1011 690 punian-

40 717 57 769 t,
70 699 123 754 iam
134 715 214 772 supra
226 695 362 752 diximus.

363 813 484 872 CAP.
527 813 633 872 XlV.

39 915 42 941 ,ι
57 894 142 962 poenis
160 895 347 962 temporalibus
365 895 446 946 istius
468 895 555 1017 'ff’
583 895 678 963 quibus
696 895 817 948 ιιιιίιιιιι
837 907 878 950 ιιι
896 896 1013 990 lempna

432 981 481 1018 cos
536 982 559 1017 o.

57 1052 201 1108 Rarissimi
219 1062 288 1108 sunt
306 1063 405 1110 autom
423 1057 474 1130 qui
496 1058 590 1112 nullas
609 1057 641 1111 in
662 1053 716 1111 hac
734 1057 806 1127 vita,
833 1054 885 1111 sed
901 1065 1012 1112 tantum

38 1147 59 1192 ιι
67 1155 126 1192 eam
133 1154 236 1211 poenas
244 1137 339 1194 luunt.
353 1137 455 1194 Fuisse
466 1148 564 1195 tamen
571 1140 694 1213 aliquos,
705 1139 756 1212 qui
767 1139 905 1214 usquead
916 1138 1014 1194 deere-

37 1240 80 1275 om
95 1229 271 1276 senectutem
292 1240 330 1276 ne
353 1223 529 1278 levissimam
544 1221 659 1298 quidem
671 1221 843 1278 febriculam
855 1223 1013 1292 senserint,

37 1308 166 1378 letumque
173 1303 310 1360 duxerint
322 1306 423 1374 vitam,
436 1307 492 1382 ipsi
504 1315 534 1362 et
543 1307 679 1364 novimus
690 1313 720 1361 ct
730 1304 907 1361 audivimus:
922 1323 1013 1380 quan-

37 1408 75 1444 un
86 1389 144 1444 rita
155 1389 217 1462 ipsa
229 1389 395 1445 mortalium
407 1398 469 1444 tota
483 1407 577 1465 poena
589 1390 644 1460 sit,
664 1389 732 1465 quia
744 1397 807 1445 tota
819 1389 943 1446 tentatio
958 1399 1013 1458 cst,

36 1481 65 1527 nt
78 1489 172 1527 sacrae
184 1473 288 1526 literae
300 1481 471 1546 personant,
489 1473 539 1530 ubi
552 1474 692 1548 scriptum
706 1481 764 1530 est:
790 1465 947 1550 Numquid
958 1491 1013 1529 non

36 1557 113 1612 tatio
126 1564 168 1612 eat
179 1557 244 1612 cita
257 1553 385 1612 iamenu
398 1573 489 1632 aupes·
503 1553 638 1615 terram?
668 1554 736 1613 Non
752 1556 829 1612 enim
842 1573 931 1631 parva
944 1574 1014 1630 poe·

40 1648 84 1694 est
96 1641 156 1712 ipsa
168 1639 348 1713 insipientia,
361 1641 409 1698 rel
421 1640 578 1715 imperitia,
593 1657 668 1715 qnae
680 1657 775 1716 usque
789 1639 861 1696 adeo
874 1637 1015 1717 fugienda

35 1725 88 1778 rito
101 1721 253 1794 iudicatur,
269 1731 303 1778 ut
314 1741 367 1798 per
379 1742 488 1799 poenas
499 1723 645 1780 doloribus
658 1725 760 1798 plenas
773 1725 858 1799 pueri
871 1731 1014 1799 cogantur

35 1824 115 1882 reque
127 1805 250 1862 artificia
262 1808 310 1864 vel
322 1807 423 1864 literas
437 1806 564 1864 discere:
583 1809 735 1882 ipsumque
748 1807 872 1878 discere,
887 1805 1014 1882 aliquod

34 1892 84 1945 nis
102 1888 274 1968 adiguntur,
295 1900 355 1947 tam
371 1894 494 1968 poenale
512 1902 556 1948 ιιι
569 1893 627 1963 eis,
652 1900 686 1948 ut
703 1908 914 1967 nonnunquam
937 1891 1014 1964 ipsas

34 1991 90 2029 :nas
104 1990 154 2046 per
168 1991 240 2048 quas
255 1976 467 2048 compelluntur
481 1975 609 2045 discere,
632 1975 736 2030 malint
752 1973 846 2044 ferre,
869 1991 956 2048 quam
969 1973 1014 2028 di-

34 2075 76 2113 re.
91 2058 161 2123 Quis
174 2065 273 2113 autem
286 2075 346 2112 non
361 2057 526 2127 exhorreat,
541 2068 570 2112 et
583 2058 658 2112 mori
671 2058 772 2132 eligat,
785 2057 812 2111 si
825 2057 853 2111 ci
867 2072 1014 2128 propona-

38 2182 47 2212 ,
74 2149 125 2197 aut
136 2159 214 2197 mors
233 2141 437 2216 perpetienda,
460 2150 512 2196 aut
525 2157 626 2196 rursus
640 2133 782 2194 infantial
805 2138 886 2205 Quae
899 2137 1015 2213 quidem

33 2225 59 2280 ul
72 2243 130 2280 non
143 2243 161 2281 a
174 2225 247 2294 risu,
261 2223 312 2280 sed
325 2242 343 2279 a
354 2221 425 2280 lletn
440 2223 554 2279 orditur
565 2220 640 2278 hanc
652 2223 758 2292 lucem,
772 2239 830 2296 quo
844 2220 913 2296 quid
923 2222 1016 2278 malo·

33 2331 43 2364 ι
62 2310 200 2386 ingressa
219 2309 273 2380 sit,
296 2309 432 2364 nesciens
450 2305 602 2384 prophetet
620 2303 743 2380 quodam
765 2305 859 2361 modo.
902 2302 1015 2375 Solum,

35 2393 94 2449 ndo
110 2403 195 2448 natus
211 2399 265 2462 ιιι,
278 2391 379 2448 ferunt
391 2393 491 2446 risisse
501 2389 701 2459 Zoroastrem,
715 2407 769 2446 nee
783 2389 811 2445 ei
824 2389 892 2446 boni
905 2388 1015 2464 aliquid

33 2487 165 2532 retrosus
178 2477 256 2531 risus
270 2477 320 2530 isse
332 2475 488 2550 portendit.
523 2473 598 2531 Nam
611 2474 790 2550 magicarum
804 2474 910 2528 artium
922 2471 1015 2529 fuisse

33 2561 147 2616 libetur
163 2561 314 2616 inventor:
342 2576 415 2632 quae
434 2556 550 2634 quidem
568 2557 612 2612 illi
632 2575 686 2610 nec
704 2555 742 2611 ad
759 2558 922 2630 praesentis
935 2557 1014 2612 vitae

34 2663 83 2699 am
97 2643 271 2698 felicitatem
285 2651 391 2697 contra
404 2659 472 2696 snos
485 2641 619 2696 inimicos
638 2637 776 2712 prodesse
790 2647 955 2712 potuerunt.
990 2640 1015 2697 A

35 2746 54 2783 o
77 2727 187 2801 quippe
204 2743 276 2804 rege
294 2725 498 2800 Assyriorum,
521 2743 586 2780 cum
606 2731 682 2780 esset
700 2723 763 2796 ipse
781 2721 1014 2793 Bactrianorum,

33 2829 49 2867 o
65 2818 225 2883 superatus
239 2818 293 2865 est.
327 2806 453 2865 Prorsus
467 2807 545 2884 quod
558 2808 697 2880 scriptum
712 2816 772 2878 est,
802 2802 902 2863 (ἴτιιι
915 2807 1015 2882 iugum

33 2914 63 2953 er
78 2891 171 2964 filios
183 2891 280 2950 Adam
295 2911 315 2948 c
328 2893 376 2950 die
389 2894 488 2950 eritas
502 2893 537 2950 de
548 2901 652 2950 contre
664 2893 772 2949 matria
788 2907 902 2960 eorum,
925 2906 1015 2966 usque

33 2980 96 3034 'iem
110 2976 287 3056 sepulturae
300 2979 330 3034 in
344 2987 468 3034 matrem
482 2979 617 3046 omnium,
642 2992 735 3051 usque
748 2973 820 3030 adeo
833 2973 948 3050 impleri
962 2993 1014 3029 ne-

37 3081 55 3116 e
69 3071 128 3132 est,
152 3069 189 3118 ιιι
201 3062 258 3135 ipsi
271 3063 385 3136 parvuli
398 3079 450 3136 per
463 3063 611 3117 lavacrum
624 3057 858 3136 regenerationis
872 3057 907 3114 ab
922 3059 1015 3136 origi-

33 3148 199 3220 spcceati,
225 3163 283 3220 quo
297 3147 358 3201 solo
370 3145 563 3219 tenebantur,
587 3145 709 3199 vinculo
728 3145 786 3198 iam
804 3141 912 3212 soluti,
939 3144 1015 3197 mala

33 3239 61 3285 ta
74 3230 240 3303 patientes,
253 3229 390 3284 nonnulli
404 3227 493 3282 etiam
506 3226 641 3280 incursus
655 3227 809 3298 spirituum
821 3223 1015 3300 malignorum

33 3311 134 3367 nando
150 3313 311 3386 patiantur.
347 3311 428 3374 Quae
441 3306 557 3382 quidem
569 3308 666 3380 passio
680 3307 756 3362 absit
768 3315 801 3360 ut
814 3306 857 3358 cis
872 3305 965 3374 obsit,
989 3309 1015 3361 si

33 3396 162 3453 avitam
183 3397 216 3449 in
235 3395 286 3448 illa
305 3399 399 3448 aetate
413 3393 500 3446 etiam
521 3393 583 3466 ipsa
596 3389 733 3462 passione
747 3390 970 3463 ingravescente
986 3398 1015 3443 et

33 3498 102 3534 riam
117 3477 157 3534 sle
172 3493 293 3549 corpore
307 3473 478 3530 excludente
489 3473 631 3530 finierint.

379 3607 499 3666 CAP.
542 3605 621 3664 XV.

33 3713 46 3764 l
56 3727 141 3764 οηιιιι
153 3725 220 3778 opus
229 3707 340 3779 gratiae
349 3703 404 3758 Dei
414 3702 532 3756 eruentis
541 3717 588 3784 pos
598 3703 628 3755 de
635 3700 826 3785 profunditate
837 3701 933 3754 ceteris
942 3705 1016 3768 mali,

216 3779 253 3832 ad
264 3775 361 3852 futuri
370 3773 469 3827 saeculi
479 3782 619 3842 perteneat
629 3779 783 3824 noostatem.

33 3873 252 3930 Verumtamen
278 3872 309 3926 in
331 3867 416 3949 gravi
439 3867 508 3945 iugo
528 3864 604 3940 qnod
623 3863 749 3940 positum
768 3869 812 3918 ιιι
836 3881 922 3940 super
940 3863 1015 3920 filios
