2592 4396
263 216 326 278 DE
350 220 564 282 ClVl'ldTE
590 227 670 285 DEl
698 231 780 290 LlB.
803 235 893 295 xlv.
1060 252 1097 306 17

456 374 578 433 CAP.
621 377 689 436 Xl.

43 466 89 520 De
100 469 181 533 lapsu
188 464 276 533 priun'
285 464 407 532 bortrinis,
417 469 446 522 s'n
457 486 508 538 quo
519 472 582 525 bene
591 477 699 530 condite
710 489 813 534 nature
824 493 872 548 est,
889 503 936 538 nee
943 498 1034 555 potest
1042 495 1096 546 nisi

392 556 409 591 o
420 555 468 591 suo
479 541 599 596 Auctore
609 549 744 614 reparari.

10 637 16 648 ·
37 605 54 632 ⁸
110 623 174 680 Sed
188 626 257 700 quia
271 624 353 682 Deus
372 640 480 686 cuncta
492 636 667 708 praescivit,
695 647 725 693 et
737 640 803 697 ideo
816 641 965 704 hominem
978 667 1093 727 quoque

36 717 238 784 peccaturum
251 709 389 786 ignorare
404 731 463 770 non
476 719 587 789 potuit3
614 722 774 780 secuudum
793 726 824 781 id
843 731 920 803 quod
934 736 1094 804 praescivit

34 803 132 867 atque
148 791 305 864 disposuit,
319 792 474 853 Civitatem
488 811 633 874 sanctam,
648 821 711 860 eam
725 805 860 866 dehemus
875 831 1017 888 asserere,
1033 837 1090 876 non

34 873 210 932 secundum
222 876 295 932 illud
309 878 385 952 quod
399 881 431 936 in
442 891 571 940 nostram
583 889 783 964 cognitionem
795 899 952 967 pervenire
966 918 1025 955 non
1038 921 1090 976 po-

34 961 110 1027 tuit,
126 959 199 1032 quia
212 959 244 1014 in
258 957 316 1015 Dei
329 961 524 1036 dispositione
538 987 598 1025 non
612 971 678 1027 fuit.
702 972 764 1030 Nec
778 979 857 1034 enim
870 977 956 1038 homo
968 995 1090 1056 peccato

36 1061 97 1098 suo
109 1041 247 1098 divinum
255 1045 351 1116 potuit
363 1050 535 1118 perturbare
550 1055 715 1127 consilium,
731 1061 814 1132 quasi
828 1059 924 1120 Deum
938 1066 1014 1139 quod
1029 1078 1090 1124 sta-

34 1134 144 1181 tuerat
171 1135 284 1181 mutare
304 1133 491 1203 compulerit:
520 1154 586 1191 cuns
610 1135 693 1194 Deus
715 1144 908 1214 praesciendo
935 1157 1090 1226 utrumque

34 1209 249 1284 praevenerit,
268 1209 299 1264 id
312 1221 374 1283 cst,
396 1224 426 1269 et
437 1213 541 1290 homo,
563 1237 649 1293 quem
662 1219 771 1278 bonum
785 1226 847 1299 ipse
862 1231 984 1301 creavit,
1005 1251 1091 1306 quam

32 1294 137 1347 malus
153 1301 234 1347 esset
246 1293 374 1366 futurus,
400 1299 513 1373 etquid
527 1301 597 1356 honi
611 1305 699 1359 etiam
712 1307 754 1360 sic
768 1307 803 1362 de
814 1310 865 1365 illo
879 1322 956 1368 esset
969 1315 1029 1388 ipse
1043 1316 1089 1370 fa-

33 1386 156 1432 cturus.
180 1373 262 1430 Deus
277 1379 356 1434 enim
369 1383 425 1434 etsi
439 1381 545 1438 dieitur
556 1393 666 1442 statuta
679 1397 802 1462 mutare,
816 1388 907 1471 (unde
920 1397 1033 1470 tropica
1045 1400 1089 1454 lo-

31 1459 163 1514 cutione
181 1459 214 1513 in
233 1456 395 1534 Scripturis
414 1467 524 1521 sanctis
545 1469 634 1524 etiam
650 1473 831 1544 poenituisse
848 1478 956 1554 legitur
969 1477 1089 1559 Deum,)

29 1545 123 1598 iuxta
138 1540 171 1596 id
184 1541 308 1614 dicitur,
335 1546 413 1619 quod
426 1545 510 1604 homo
525 1562 709 1625 speraverat,
729 1558 778 1611 vel
793 1561 969 1618 naturalium
984 1581 1088 1620 causa·

30 1645 103 1681 rum
118 1624 192 1680 ordo
205 1627 355 1702 gestabat3
384 1648 444 1686 non
458 1633 541 1688 iuxta
554 1634 584 1690 id
599 1635 675 1710 quod
689 1655 720 1692 se
735 1635 928 1716 Omnipotens
942 1644 1088 1704 facturum

29 1727 102 1764 esse
116 1710 327 1781 praesciverat.
349 1711 374 1766 F
375 1715 433 1768 scit
445 1716 543 1791 itaque
557 1716 654 1789 Deus,
679 1722 755 1778 sicut
768 1727 908 1800 scriptum
922 1739 978 1800 est,
992 1728 1086 1786 homi·

27 1813 104 1848 nem
118 1791 252 1848 rectum:
273 1811 306 1848 ac
320 1811 373 1866 per
386 1795 440 1852 hoc
453 1801 613 1858 voluntatis
628 1803 731 1860 bonae.
754 1805 782 1862 N
784 1827 823 1865 on
837 1811 915 1866 enim
928 1822 1024 1869 rectus
1040 1833 1085 1869 es-

30 1887 91 1946 set,
110 1876 221 1932 bonam
234 1894 295 1931 non
309 1874 418 1935 hahens
432 1883 621 1941 voluntatem.
655 1885 738 1944 Bona
753 1893 846 1968 igitur
859 1896 997 1952 voluntas
1013 1916 1085 1972 opus

28 1971 76 2016 est
91 1959 172 2016 Dei:
188 1977 256 2014 curn
271 1977 305 2015 ea
319 1963 424 2038 quippe
437 1964 472 2020 ab
486 1967 537 2022 illo
550 1967 643 2025 iactus
658 1981 704 2026 cst
715 1970 810 2031 honio.
853 1975 934 2034 Mala
946 1997 1018 2035 vcro
1031 1999 1085 2036 vo-

26 2047 133 2099 luntas
147 2045 260 2116 prima,
287 2047 425 2118 quoniam
438 2051 536 2105 omnia
548 2053 724 2126 malaopera
736 2061 897 2128 praecessit
910 2061 942 2115 in
955 2059 1085 2132 homine,

26 2127 173 2183 defectus
192 2127 290 2200 potius
310 2126 368 2183 suit
386 2131 503 2204 quidam
523 2135 558 2188 ab
577 2153 664 2210 opere
678 2135 735 2191 Dei
749 2138 785 2192 ad
798 2157 850 2194 sua
864 2159 970 2213 opera,
998 2161 1083 2216 quam

25 2229 104 2286 opus
119 2210 227 2264 ullum.
249 2209 290 2266 Et
302 2209 368 2266 idco
382 2216 569 2289 malaopera,
589 2219 658 2290 quia
672 2220 833 2277 secundum
847 2241 889 2294 se,
903 2242 963 2280 non
977 2243 1083 2282 seeun-

23 2295 98 2350 dum
113 2292 234 2348 Deum:
261 2302 408 2351 uteorum
422 2315 544 2370 operum
557 2309 696 2376 tanquam
710 2302 858 2362 fruetuum
872 2309 1017 2364 malorum
1030 2329 1082 2366 vo-

21 2381 131 2434 luntas
154 2377 222 2448 ipsa
241 2385 319 2432 essct
335 2381 417 2436 velut
435 2381 521 2437 arbor
540 2385 631 2455 neela,
658 2396 709 2442 aut
721 2389 784 2460 ipse
797 2386 882 2444 homo
895 2391 927 2445 in
941 2400 1081 2466 quantuni

21 2464 124 2516 malae
139 2461 317 2515 voluntatis.
340 2461 432 2519 Porro
446 2467 521 2520 mala
535 2469 683 2535 voluntas,
699 2473 831 2542 quamvis
846 2491 906 2528 non
921 2476 961 2528 sit
974 2491 1081 2528 seeun-

22 2546 94 2600 dum
110 2551 264 2614 naturam,
279 2543 329 2598 sed
344 2555 447 2600 contra
461 2555 607 2619 naturam,
622 2552 692 2624 quia
707 2553 809 2607 vitium
823 2563 880 2608 est:
901 2538 1001 2608 lamen
1017 2556 1081 2609 cius

20 2637 157 2683 naturae
172 2637 228 2697 est,
244 2628 325 2682 cuius
341 2637 385 2684 est
396 2630 511 2698 vitium,
525 2630 601 2706 quod
615 2633 674 2686 nisi
686 2633 718 2687 in
733 2643 838 2689 natura
852 2653 911 2690 non
925 2645 1021 2710 potest
1035 2655 1079 2690 es·

16 2730 68 2768 se:
86 2710 146 2766 sed
161 2709 195 2763 in
210 2727 245 2764 ea
257 2727 344 2784 quam
358 2713 470 2768 creavit
484 2730 522 2767 ex
535 2711 642 2786 nihilo,
666 2734 726 2772 non
740 2734 826 2792 quam
839 2720 946 2795 genuit
959 2717 1081 2774 Creator

17 2795 57 2849 de
73 2793 255 2866 semetipso,
269 2795 349 2850 sicut
360 2797 466 2872 genuit
479 2794 621 2869 Verbum,
640 2818 693 2874 per
706 2800 782 2874 quod
796 2801 874 2858 facta
887 2810 959 2858 sunt
972 2803 1079 2858 omnia.

14 2880 107 2944 Quia
122 2877 183 2930 etsi
196 2875 232 2930 de
245 2885 342 2932 terrae
354 2880 476 2953 pulvere
488 2877 569 2936 Deus
588 2881 677 2938 linxit
691 2881 855 2957 hominem3
882 2885 982 2941 eadem
1000 2895 1080 2942 terra

14 2962 188 3035 omnisque
201 2969 321 3014 terrena
333 2964 469 3039 materies
483 2965 603 3019 omnino
617 2965 652 3021 de
667 2965 759 3023 nihilo
772 2979 832 3040 est,
846 2971 1029 3044 animamque
1044 2969 1078 3024 dc

11 3045 118 3102 nihilo
134 3043 248 3100 factam
262 3041 342 3099 dedit
356 3048 485 3120 corpori,
505 3067 572 3104 cum
585 3048 679 3104 factus
695 3061 740 3107 est
754 3049 849 3109 homo.
893 3051 991 3128 Vsque
1006 3053 1077 3108 adeo

12 3139 124 3186 autem
139 3129 222 3182 mala
233 3128 395 3184 vincuntur
408 3130 534 3199 abonis,
555 3141 589 3186 ut
602 3136 733 3206 quamvis
748 3137 884 3192 sinantur
899 3153 962 3191 esse
977 3135 1013 3190 ad
1028 3135 1078 3191 dc-

9 3209 256 3270 monstrandum
271 3229 358 3284 quam
371 3213 465 3286 possit
478 3221 507 3268 et
519 3215 591 3287 ipsis
605 3215 680 3271 bene
693 3219 737 3272 uti
752 3220 865 3274 iustitia
879 3218 1078 3290 providentis·

6 3300 91 3352 sima
108 3294 286 3364 Creatoris3
307 3295 383 3350 hona
396 3303 494 3351 tamen
508 3297 572 3351 sine
586 3301 670 3353 malis
685 3317 748 3353 esse
760 3301 891 3372 possint,
906 3302 983 3356 sieut
996 3300 1077 3355 Deus

5 3383 79 3457 ipse
94 3393 197 3435 verus
213 3385 243 3431 et
257 3395 398 3448 summus,
414 3380 492 3434 sicut
504 3381 598 3434 omnis
613 3399 701 3454 super
713 3383 803 3436 istum
818 3383 1014 3458 caliginosum
1027 3387 1076 3436 a'e'-

2 3485 75 3521 rem
91 3461 241 3520 coelestis
255 3459 411 3517 invisibilis
422 3461 607 3536 visibilisque
620 3473 769 3534 ereatura3
781 3466 858 3518 mala
866 3481 938 3519 vcro
951 3465 1015 3517 sine
1026 3463 1076 3516 bo-

4 3551 56 3604 nis
74 3563 151 3602 esse
168 3561 231 3598 non
245 3545 369 3617 possint,
386 3546 525 3619 quoniam
539 3555 663 3602 naturae
677 3549 708 3602 in
723 3547 828 3622 quihus
841 3553 925 3613 sunt,
938 3547 970 3598 in
982 3560 1074 3616 quan-

2 3641 72 3688 tum
88 3637 231 3686 naturae
245 3635 327 3698 sunt,
341 3628 443 3702 utique
458 3628 551 3682 bonae
566 3639 644 3685 sunt.
669 3627 842 3686 Detrahitur
854 3644 942 3701 porro
956 3626 1073 3696 malum,

2 3735 68 3771 non
86 3713 205 3784 aliqua
219 3717 324 3764 natura
337 3728 412 3784 quac
426 3722 604 3782 accesserat,
631 3714 679 3768 vel
696 3713 759 3786 plla
777 3713 839 3766 eius
852 3717 935 3784 purte
949 3707 1072 3780 sublata,

1 3798 55 3854 sed
75 3814 121 3854 ea
139 3808 220 3866 quae
236 3793 338 3847 vitiata
353 3811 387 3848 ac
399 3793 557 3866 depravata
570 3793 682 3866 luerat,
710 3804 813 3850 satiata
827 3802 915 3868 atque
930 3801 1069 3848 correcta

1 3878 192 3938 Arbitrium
210 3875 304 3950 igitur
322 3877 484 3932 voluntatis
505 3885 576 3932 tunc
597 3887 641 3932 est
660 3897 728 3934 vere
746 3879 885 3949 liberum,
914 3895 979 3932 cum
994 3877 1072 3933 vitiis

69 3956 128 4020 ιι.
757 3961 780 4016 Β
