2586 4396
236 229 295 288 1⁰⁰
461 223 564 284 mvl
591 220 775 283 AVRELH
796 220 1048 281 svovstlbtt

234 381 277 458 pit
287 398 351 437 esse
362 396 522 455 possessor.
542 373 627 445 Quod
641 384 736 432 autem
748 375 806 432 iam
819 377 850 433 in
864 373 1072 450 Mesopotamia
1086 380 1261 453 constituto,

234 463 289 522 hoc
302 473 357 534 est,
369 464 427 519 iam
441 478 560 541 egresso
575 460 610 517 de
623 469 702 517 terra
716 457 934 531 Chaldaeorum,
947 458 1019 516 dicit
1030 459 1129 535 Deus,
1149 463 1215 521 [tsi
1227 466 1264 524 de

235 557 320 606 terra
336 556 403 616 taa,
417 555 447 604 et
460 547 496 605 dc
509 545 683 622 cognatione
696 552 763 614 tna,
782 554 811 602 et
824 545 859 602 de
873 544 954 601 domo
961 545 1066 621 patrie
1080 548 1135 618 tei,
1149 565 1211 604 non
1227 558 1265 604 ut

234 648 337 706 corpus
351 629 420 687 inde
433 631 568 700 eiieeret,
592 626 669 704 quod
685 627 747 683 iam
756 627 878 700 feceret,
901 626 951 682 sed
963 635 995 683 nt
1008 629 1135 686 animam
1148 633 1263 688 avelle-

231 725 288 786 ret,
302 714 416 770 dicitur.
451 713 518 770 Non
533 712 610 767 enim
624 713 737 767 exierat
750 712 818 768 inde
831 713 946 782 animo,
966 711 992 767 si
1009 729 1060 785 spe
1072 713 1220 770 redeundi
1233 727 1264 771 et

232 797 377 856 desiderio
392 796 563 867 tenebatur,
587 813 661 872 quae
681 812 745 867 spes
760 805 790 852 et
802 795 989 867 desiderium,
1013 793 1076 852 Deo
1089 796 1213 855 iubente
1228 819 1263 855 ae

232 885 362 952 iuvante,
376 889 406 936 et
417 882 467 937 illo
481 871 645 951 obediente,
660 877 756 936 fuerat
767 878 981 956 amputandum.
994 877 1062 936 Non
1075 899 1147 937 sane
1161 883 1261 938 inere-

233 966 360 1022 dibiliter
373 965 573 1035 existimetur,
598 981 663 1020 eum
681 972 782 1037 postea
798 973 915 1021 secutus
930 972 1007 1019 esset
1019 961 1135 1021 Nachor
1147 976 1263 1041 patrem

233 1067 335 1122 auum,
356 1059 427 1106 tune
445 1045 589 1108 Abraham
607 1057 792 1122 praeceptum
806 1046 931 1104 Domini.
943 1048 1122 1122 implevisse,
1143 1059 1177 1105 ut
1190 1069 1265 1106 cnm

233 1131 306 1190 Sere
321 1135 447 1211 coniuge
460 1151 511 1190 sua
526 1140 556 1188 et
568 1129 642 1188 Loth
654 1129 715 1187 filio
728 1130 826 1189 fratris
840 1132 887 1187 sni
900 1132 994 1186 exiret
1006 1130 1041 1187 de
1055 1130 1169 1189 Charra.

609 1302 676 1360 CA
700 1299 732 1356 P.
775 1296 879 1356 XVI.

249 1397 292 1452 De
304 1401 396 1453 ordine
407 1409 434 1452 et
444 1401 577 1470 qualitate
583 1398 787 1522 promissionaqn
797 1394 863 1460 Dei,
877 1413 944 1465 qaae
955 1397 993 1449 ad
1001 1395 1251 1472 Abrahamsactae

710 1485 759 1522 san
774 1507 780 1520 .

294 1558 354 1617 lam
373 1560 601 1624 considerandae
619 1569 689 1616 sunt
706 1559 913 1635 promissiones
928 1556 985 1614 Dei
1002 1557 1095 1615 saetae
1115 1557 1155 1614 ad
1170 1559 1266 1619 Abra·

231 1641 306 1698 ham.
350 1643 383 1700 ln
403 1641 448 1700 his
466 1646 543 1701 enim
563 1646 708 1719 apertiora
727 1641 785 1698 Dei
804 1643 909 1714 ιιοιιιί,
933 1639 1065 1718 [Domini
1085 1645 1186 1700 nostri
1200 1644 1265 1702 lesu

232 1723 353 1800 Christi]
370 1725 424 1783 hoe
439 1737 493 1798 est,
517 1727 575 1785 Dei
587 1730 650 1784 veri
664 1728 784 1782 oracula
797 1743 935 1801 apparere
950 1729 1107 1801 cooperunt
1120 1726 1160 1783 de
1172 1747 1267 1805 popu·

231 1811 400 1884 topiorum,
421 1829 506 1888 quem
523 1809 690 1886 prophetica
702 1811 921 1883 praenuntiavit
940 1813 1105 1867 auotoritas.
1151 1810 1268 1870 Harum

161 1951 168 1961 ,
230 1894 324 1967 prima
335 1894 376 1949 ite
389 1896 513 1973 legitur:
540 1893 582 1952 Ει
600 1896 679 1953 ateis
693 1893 836 1954 Dominae
850 1895 892 1952 ad
902 1893 1011 1951 Abram
1016 1917 1033 1964 ,ι
1052 1893 1115 1951 Eat
1127 1895 1167 1954 de
1181 1908 1269 1954 terra

231 1987 295 2048 tna,
310 1987 341 2034 ot
352 1978 387 2036 de
398 1980 572 2054 cognatione
585 1990 648 2049 tna,
663 1989 693 2035 at
704 1979 739 2035 de
751 1977 831 2035 domo
839 1981 944 2055 patris
956 1980 1010 2048 tui,
1023 1989 1053 2036 et
1064 1979 1143 2037 vade
1157 1982 1191 2038 in
1208 1992 1269 2039 ter·

231 2079 306 2132 ram,
320 2079 405 2138 qaam
415 2062 471 2119 tibi
480 2073 734 2134 aemonstraecr03
745 2061 901 2132 etfaciam
912 2071 940 2120 te
951 2063 981 2118 in
990 2071 1105 2138 gentem
1111 2081 1269 2140 magnam,

230 2153 260 2202 et
270 2143 437 2204 benedicam
448 2155 488 2216 tc,
502 2157 532 2204 et
542 2146 739 2224 magnificabo
750 2163 850 2202 nomen
865 2155 954 2216 taam,
969 2156 999 2202 et
1010 2147 1070 2203 eris
1081 2145 1269 2212 benedictus,

230 2237 259 2285 et
272 2227 439 2287 benedicam
453 2230 654 2288 benedicentes
669 2237 708 2300 te,
722 2228 937 2288 analecticam
949 2229 1162 2287 maledicentes
1177 2243 1228 2301 te,
1242 2241 1269 2287 et

230 2309 437 2371 benedicentur
450 2315 480 2372 in
494 2324 524 2372 te
539 2332 636 2372 omncs
650 2313 745 2372 tribas
759 2322 870 2370 terrae.
913 2312 1131 2370 Advertendum
1148 2321 1198 2368 est
1210 2315 1268 2392 igi-

230 2403 293 2466 tur,
313 2395 384 2454 dnas
397 2416 446 2454 res
458 2399 617 2473 promissas
631 2395 778 2455 Abrahae:
802 2399 1034 2467 naamaniticae,
1056 2393 1139 2470 quod
1158 2406 1270 2453 terram

230 2475 368 2536 Chanaan
381 2482 583 2556 possessurum
596 2482 692 2540 fuerat
704 2498 803 2537 semen
818 2481 896 2553 eius,
910 2480 986 2556 qnod
999 2478 1203 2558 significatur,
1216 2481 1269 2538 nbi

230 2560 407 2636 dictumest,
429 2564 509 2625 Vade
522 2569 553 2623 in
569 2577 692 2637 terram,
714 2583 800 2643 qnam
814 2561 870 2620 tibi
882 2565 1141 2634 demonstravero,
1164 2575 1198 2622 et
1210 2567 1270 2639 sa·

229 2647 305 2703 ciam
318 2658 348 2706 te
361 2651 391 2706 in
403 2661 519 2727 gentem
533 2669 688 2728 magnam:
715 2651 801 2706 aliam
815 2663 885 2704 vero
902 2650 990 2726 long'o
1007 2649 1271 2722 praestantiorem,

230 2748 290 2786 non
304 2731 340 2788 de
354 2735 475 2805 carnali,
490 2733 542 2789 sed
555 2733 590 2790 de
604 2735 728 2810 spiritali
741 2733 864 2803 semi-ne,
878 2745 930 2807 por
944 2731 1022 2806 quod
1034 2739 1118 2804 pater
1133 2741 1195 2804 est,
1211 2753 1271 2790 non

229 2815 317 2870 unius
331 2818 428 2892 gentis
441 2815 637 2888 lsrailiticae,
658 2817 709 2872 sed
727 2818 856 2872 omnium
874 2817 1008 2894 gentiam
1026 2833 1100 2890 quae
1114 2814 1190 2871 fidei
1205 2821 1270 2874 eins

230 2899 358 2975 vestigia
371 2908 604 2975 consequuntur,
623 2900 698 2974 qu'od
712 2891 842 2975 promitti
856 2901 951 2974 coepit
962 2897 1007 2955 bis
1020 2897 1133 2956 verbis:
1159 2898 1271 2958 Ethe-

230 2979 404 3038 aedicantes·
418 2983 449 3038 in
463 2992 493 3040 te
506 2999 603 3038 omncs
616 2983 712 3039 tribas
726 2995 837 3042 terrae.
871 2982 956 3040 Hanc
970 2983 1203 3058 promissionem
1222 2984 1271 3040 ta-

230 3070 306 3117 ctam
330 3065 488 3121 arbitratur
510 3064 653 3122 Eusebius
681 3063 895 3146 septuagesimo
923 3069 1025 3143 quinto
1051 3083 1133 3122 enno
1157 3071 1271 3124 aetatis

229 3143 371 3219 Abrahae,
385 3157 524 3226 tanquam
537 3167 607 3206 mox
619 3159 653 3206 ιιι
663 3149 739 3208 iacta
750 3161 804 3223 est,
819 3151 854 3206 de
866 3149 975 3208 Charra
986 3149 1092 3206 exierit
1101 3149 1270 3207 Abraham:

229 3231 366 3304 qnoniam
380 3231 550 3309 Scripturae
564 3235 728 3291 contradici
741 3254 801 3292 non
813 3243 925 3309 potest,
945 3234 993 3290 ubi
1006 3235 1134 3310 legitur,
1153 3233 1271 3292 Abs-ase

230 3325 299 3372 erat
314 3319 438 3395 quinque
451 3327 481 3376 et
501 3321 696 3397 septuaginta
716 3337 875 3388 annornm,
898 3336 961 3374 cam
979 3317 1054 3374 exiit
1075 3333 1114 3372 aa
1136 3316 1273 3376 Charra.

230 3395 290 3455 Sed
302 3402 328 3456 ιί
341 3419 375 3458 eo
389 3399 466 3458 enno
480 3400 558 3458 iacta
571 3412 616 3458 est
633 3403 691 3457 ista
707 3403 881 3476 promissio,
905 3403 963 3457 iam
981 3400 1082 3475 ntique
1101 3400 1138 3457 in
1158 3400 1277 3460 Charra

230 3501 294 3540 cum
307 3494 390 3559 patre
403 3503 456 3542 sno
470 3484 674 3542 demorabatur
687 3484 838 3542 Abraham.
873 3485 975 3561 Neque
994 3485 1074 3540 enim
1092 3484 1167 3541 inde
1191 3490 1276 3543 exire

229 3577 342 3640 posset,
358 3571 416 3626 nisi
429 3571 510 3645 prins
523 3569 564 3625 ibi
577 3568 746 3626 habitasset.
783 3569 1000 3645 Numquidnam
1013 3585 1084 3645 ergo
1099 3580 1220 3627 eontra
1235 3571 1280 3626 ‹ti-¹

230 3650 305 3706 citur
318 3650 467 3726 Stephano
481 3653 605 3710 dicenti:
631 3650 715 3710 Dens
733 3653 850 3730 gloriae
868 3653 1012 3732 apparuit
1025 3649 1172 3708 Abrahae
1180 3657 1277 3732 patri

229 3731 346 3802 nostro,
373 3753 437 3792 cam
455 3747 533 3793 esset
552 3739 583 3792 in
600 3733 830 3813 Mesopotamia,
849 3739 941 3814 prins
960 3751 1044 3812 qaam
1064 3731 1235 3796 habitaret
1249 3741 1276 3793 ts

232 3809 370 3872 Charra?
395 3815 454 3874 Sed
472 3815 697 3896 intelligendum
715 3827 776 3890 est,
809 3817 885 3894 quod
900 3819 1001 3874 eodem
1019 3834 1097 3872 anno
1111 3817 1204 3877 facte
1219 3823 1277 3878 sint

231 3896 345 3968 omnia,
371 3908 400 3954 et
413 3899 470 3956 Dei
487 3903 641 3977 promissio
661 3913 729 3960 ante
749 3919 832 3977 quam
847 3903 878 3958 in
893 3901 1002 3960 Charra
1015 3899 1166 3958 habitaret
1181 3905 1271 3962 Abra·
