2586 4396
179 187 183 196 ’
229 180 284 232 104
447 171 541 231 DlVl
562 171 748 230 AVREhll
774 169 1018 228 AVGVSTlNl

226 338 271 383 ter
283 335 427 402 appareat,
442 326 510 399 quia
522 333 552 380 et
564 325 641 380 illius
655 325 750 400 gentis
763 324 849 378 unius
862 323 1029 394 multitudo,
1048 341 1123 399 quae
1136 343 1251 384 secun-

226 411 292 465 dum
307 427 424 465 carnem
438 417 506 464 nata
520 417 565 462 est
578 425 615 462 ex
627 404 768 462 Abraham
787 425 838 480 per
856 407 916 460 eius
936 415 1069 480 nepotem
1082 405 1190 478 Iacob,
1218 411 1252 465 in

225 502 338 548 tantum
351 493 459 561 crevit,
481 500 514 546 ut
525 509 599 564 pene
613 507 711 545 omnes
724 499 819 564 partes
834 489 911 544 orbis
923 490 1094 562 impleverit.
1120 489 1161 546 Et
1174 490 1252 547 ideo

224 576 318 649 potuit
330 584 359 630 et
372 576 434 649 ipsa
446 572 604 630 secundum
616 571 793 648 hyperbolen
810 590 915 628 arenae
934 571 1113 629 multitudini
1125 591 1251 647 compa-

224 659 301 730 rari3
329 660 395 732 quia
410 655 520 712 ethaeo
534 657 596 712 sola
608 657 760 711 innumera
773 665 818 710 est
829 653 948 710 homini.
979 654 1101 712 Terram
1114 665 1197 712 certe
1210 659 1251 712 il-

225 743 282 796 lam
296 743 387 796 solam
401 738 602 816 significatam,
616 756 690 812 quae
703 740 843 810 appellata
856 747 900 793 est
912 736 1063 809 Chanaan,
1084 757 1172 796 nemo
1186 758 1251 795 am·

225 825 309 921 bigit.
334 822 392 880 Sed
406 820 481 896 quod
494 821 601 877 dietum
614 829 668 890 est,
686 819 752 876 Tibi
764 821 836 878 dabo
848 840 921 890 eam,
935 833 964 878 et
976 822 1079 879 semini
1091 832 1141 878 tuo
1155 840 1251 899 resque

227 909 256 962 ιἰι
270 906 433 962 saeculum:
446 913 547 980 potest
550 922 667 966 movere
678 905 881 974 ιιοιιιιιιΙΙοι,“
859 922 884 958 ιι
893 921 981 980 usque
994 907 1024 961 ιἰι
1036 905 1211 961 saeculum
1199 924 1250 960 ιιι-

157 1026 159 1030 -
226 983 381 1067 telligant
373 1008 404 1043 ιιι
418 996 577 1044 aeternum
607 985 641 1043 Si
654 989 776 1041 a'utem'
764 1006 794 1042 ιιι
807 986 953 1044 soeculum
965 987 1020 1043 hoc
1033 989 1132 1042 loco'
1109 1006 1151 1042 sre
1165 989 1251 1043 acci-

226 1072 318 1145 piant,
332 1070 567 1146 quemadmodum
579 1070 702 1126 fideliter
714 1078 856 1140 tenemus,
876 1069 989 1128 initium
1002 1071 1094 1126 futuri
1106 1071 1215 1126 saeculi
1231 1089 1252 1126 a

227 1154 286 1209 fine
299 1156 460 1236 praesentis
476 1154 576 1221 ordiri,
591 1152 664 1209 nihil
677 1171 728 1216 eos
740 1153 883 1210 movebit:
903 1154 972 1227 quia
984 1155 1039 1210 etsi
1053 1154 1162 1225 expulsi
1175 1163 1253 1209 sunt

227 1225 375 1294 lsrailitae
394 1237 429 1293 de
447 1237 674 1314 Hierosolymis,
698 1245 817 1292 manent
835 1245 933 1292 tamen
951 1237 983 1292 in
1003 1237 1067 1292 aliis
1080 1235 1252 1292 civitatibus

227 1331 323 1377 terrae
336 1319 484 1392 Chanaan,
499 1329 528 1376 et
540 1339 631 1396 usque
643 1321 674 1376 in
688 1318 775 1375 finem
787 1318 957 1376 manebunt:
977 1329 1007 1376 et
1019 1320 1157 1376 universa
1170 1327 1253 1374 terra

227 1405 278 1460 illa
303 1424 368 1460 eum
391 1424 407 1461 a
433 1403 607 1461 Christianis
633 1402 824 1474 inhabitatur,
852 1403 937 1462 etiam
963 1405 1055 1478 ipsum
1080 1420 1181 1458 semen
1209 1413 1254 1457 est

228 1485 366 1543 Abrahae.
582 1555 591 1570 t
787 1529 789 1536 ·

590 1570 659 1627 (ΓΑ
680 1569 710 1624 Ρ.
754 1567 830 1625 XX
843 1567 856 1624 l
869 1568 889 1624 l.

227 1649 271 1716 De
280 1667 414 1733 superatis
423 1667 456 1718 ob
467 1665 602 1718 Abrabam
612 1665 729 1718 hostibus
742 1665 920 1729 Sodomorum,
935 1667 1038 1733 quando
1048 1675 1075 1717 et
1084 1664 1159 1718 Lotb
1169 1667 1201 1716 de
1213 1683 1254 1716 ca·

301 1735 431 1802 ptioitote
442 1735 557 1804 eripuit,
572 1745 600 1786 et
609 1752 626 1787 a
637 1734 809 1798 Melchisedec
819 1737 955 1798 sacerdote
966 1734 1115 1787 benedictus
1126 1744 1177 1788 ιιι.

291 1821 355 1879 Ηοι
372 1843 511 1899 responso
528 1825 727 1908 promissionis
749 1835 866 1897 accepto
885 1825 1022 1900 migravit
1037 1821 1201 1892 Abraham,
1227 1831 1253 1875 et
1280 1893 1281 1904 χ

229 1907 359 1962 mansit
350 1926 382 1963 ru
396 1910 453 1964 alio
468 1901 595 1964 eiusdem
608 1917 703 1964 terrae
716 1910 790 1979 loeo,
804 1906 844 1963 id
848 1917 902 1980 est,
917 1909 1000 1962 iuxta
1012 1923 1150 1981 quercum
1161 1903 1252 1961 Mam·

229 1989 310 2060 brae,
325 2007 398 2064 quae
412 2001 475 2048 erat
487 1990 616 2048 Hebron.
648 1981 761 2047 Deinde
774 1992 809 2048 ab
821 1949 951 2047 hostibus
964 1992 1015 2065 qui
1028 1987 1186 2046 Sodomis
1177 2005 1253 2042 ιιτιι-

231 2082 328 2144 erant,
353 2092 439 2148 quum
452 2078 580 2150 quinque
600 2093 684 2152 reges
675 2063 834 2131 adversus
848 2083 971 2150 quatuor
983 2074 1090 2130 bellum
1102 2080 1252 2149 gererent,

230 2165 260 2211 et
271 2157 357 2233 vietis
368 2155 524 2214 Sodomitis
537 2159 624 2214 etiam
633 2156 708 2222 Loth
722 2161 821 2232 eaptus
835 2167 922 2228 esset,
935 2157 1070 2212 liberarit
1084 2173 1150 2210 eum
1161 2154 1251 2210 Abra·
1280 2189 1281 2212 ι

229 2236 306 2310 ham,
327 2239 457 2296 adductis
471 2257 568 2296 seeum
581 2243 611 2296 in
626 2243 768 2316 proelium
784 2242 926 2297 trecentis
945 2237 1085 2295 decernet
1103 2246 1170 2294 octo
1187 2255 1250 2292 ver·
1280 2235 1281 2296 l

230 2322 342 2376 naeulis
356 2325 431 2379 suis:
456 2332 485 2380 et
496 2325 648 2380 victoriam
661 2323 730 2379 feeit
741 2321 803 2400 [de]
819 2324 937 2400 regibus
950 2321 1154 2390 Sodomorum,
1167 2318 1249 2376 nihil·

231 2401 286 2479 que
306 2389 462 2478 spoliorum
479 2406 595 2463 auferre
616 2408 723 2476 voluit,
746 2425 833 2480 quum
846 2425 899 2462 rex
913 2407 959 2461 eui
971 2407 1081 2462 vicerat
1093 2403 1249 2459 obtulisset.

231 2485 291 2544 Sed
302 2489 389 2560 plane
402 2498 471 2546 tune
483 2489 652 2546 benedictus
667 2498 711 2544 est
724 2509 741 2546 a
754 2487 960 2560 Melchisedec,
980 2490 1029 2564 qui
1042 2496 1106 2543 erat
1119 2483 1250 2542 sacerdos

230 2567 288 2626 Dei
301 2574 424 2629 excelsi:
449 2573 484 2628 de
503 2592 560 2649 quo
578 2575 610 2628 in
630 2575 752 2648 epistola
774 2590 849 2648 quae
865 2573 1032 2628 inscribitur
1044 2569 1082 2626 ad
1094 2568 1253 2638 Hebraeos,

231 2671 317 2728 quam
334 2657 432 2730 plures
445 2657 576 2732 Apostoli
588 2655 673 2712 Pauli
692 2675 756 2712 esse
774 2655 891 2726 dicunt,
913 2655 1031 2730 quidam
1042 2657 1117 2712 'vero
1136 2662 1254 2731 negant,

157 2793 159 2798 ,
230 2739 322 2792 multa
336 2747 365 2794 et
383 2757 490 2817 magna
507 2733 669 2814 conscripta
687 2749 765 2795 sunt.
800 2737 844 2794 lbi
861 2739 965 2814 quippe
983 2740 1107 2814 primum
1124 2738 1254 2812 apparuit

231 2819 416 2892 sacrificium,
430 2821 507 2896 quod
520 2840 597 2876 nune
611 2840 628 2876 a
642 2821 814 2878 Christianis
828 2819 948 2878 offertur
961 2821 1024 2878 Deo
1037 2831 1100 2878 toto
1114 2821 1182 2876 orbe
1194 2829 1253 2874 ter-

229 2917 346 2972 rarum,
369 2904 560 2976 impleturque
572 2903 646 2958 illud
661 2903 737 2980 quod
749 2907 837 2982 longe
849 2903 980 2980 posthoc
993 2905 1104 2974 factum
1118 2921 1168 3002 per
1178 2901 1251 2957 Pro-

229 2981 344 3056 phetam
357 2983 463 3039 dicitur
473 2984 509 3040 ad
519 2979 678 3057 Christum,
692 3005 742 3062 qur
734 2987 849 3044 iuerat
861 2986 953 3044 adhuc
964 2999 1104 3045 venturus
1116 2989 1252 3052 incarne,

233 3063 277 3121 Τιι
296 3082 326 3122 eo
345 3067 515 3124 sacerdos
503 3087 534 3124 ιιι
555 3077 706 3126 aeternum
727 3072 883 3128 secundum
906 3073 1036 3130 ordinem
1053 3068 1250 3127 Melchisedec

230 3142 297 3203 Non
315 3150 428 3206 scilieet
445 3145 606 3206 secundum
625 3153 755 3210 ordinem
770 3154 885 3211 Aaron:
907 3157 958 3228 qui
976 3153 1045 3210 ordo
1059 3153 1159 3226 fuerat
1176 3149 1251 3207 ause-

230 3231 339 3288 rendus
353 3233 584 3314 illucescentibus
596 3235 692 3307 rebus,
706 3255 778 3312 quae
792 3231 850 3316 illis
864 3237 972 3316 umbris
985 3236 1238 3311 praenotabantur.

582 3357 704 3459 ιιι
746 3367 907 3460 ιξιιιιι

233 3491 274 3548 De
283 3497 360 3548 verbo
370 3495 482 3551 Domini
487 3500 528 3556 ad
536 3497 685 3562 Abrabam,
706 3516 756 3566 quo
767 3499 792 3550 ei
804 3499 977 3567 promittitur
987 3499 1130 3551 secusdum
1141 3498 1254 3551 multitu·

291 3566 376 3619 dinem
386 3570 525 3620 stellarum
534 3536 737 3648 rnultiplicdnda
744 3569 909 3636 posteritas:
925 3569 995 3636 quod
1003 3567 1134 3620 credem'
1122 3570 1200 3621 rusti·

430 3636 535 3706 fleatur
545 3647 585 3688 eat
596 3635 702 3688 adbuc
690 3653 720 3688 ιιι
725 3637 873 3709 praeputio
882 3637 1051 3690 constitutus

294 3722 391 3779 Etiam
404 3735 474 3780 tunc
492 3725 599 3782 factum
613 3735 656 3781 est
669 3727 788 3783 verbum
800 3726 921 3784 Domini
935 3726 971 3782 ad
984 3724 1152 3783 Abraham
1142 3747 1173 3784 ιιι
1188 3729 1253 3785 risu·

234 3803 290 3869 our
304 3823 390 3878 quum
402 3809 429 3861 ei
442 3811 654 3879 protectionem
664 3810 882 3887 mercedemque
893 3812 1077 3885 promitteret
1089 3811 1176 3866 valde
1188 3811 1253 3867 mul·
1280 3855 1281 3864 ,
