2576 4396
186 232 247 288 842
415 215 515 275 lJlVl
536 211 726 270 AVRELII
747 205 1003 265 AVGVSTINI

190 379 297 444 omnia,
311 368 485 450 praefecit,
499 374 529 421 et
545 382 609 423 ecce
623 359 814 418 lonnechin:
828 360 938 414 nullam
951 358 1038 413 aliern
1052 375 1170 412 oausam
1184 356 1228 412 fo-

190 455 287 518 eicnsli
300 452 400 512 mundi
420 448 548 526 intelligi
565 446 673 514 voluit,
700 445 759 498 nisi
775 451 808 498 ιιι
820 442 897 497 lone
908 441 1015 496 tierent
1027 457 1045 494 ι
1058 439 1134 496 bono
1150 439 1229 495 Deo.

189 543 246 598 Vbi
260 542 285 596 si
297 554 383 595 nemo
394 538 557 608 peccaset,
572 525 772 584 tantummodo
786 526 898 581 naturis
912 524 998 580 bessis
1012 529 1091 578 esset
1102 523 1230 578 mundus

190 632 311 682 ornatus
327 629 356 675 ct
369 620 488 694 plenus:
517 621 547 670 et
560 612 629 686 qaia
641 618 794 684 peccatum
807 615 867 678 est,
887 625 949 664 non
962 607 1028 662 ideo
1040 615 1147 662 cuneta
1161 615 1232 661 sunt

189 709 309 779 impleta
323 701 464 778 peccatis,
487 715 554 752 eum
564 696 710 752 bonorum
720 695 811 770 longe
828 691 922 746 maior
936 707 1075 746 numerus
1088 691 1119 745 in
1132 691 1231 744 coele-

191 790 285 846 stibus
295 801 368 842 suae
382 790 504 840 ιιιιιιιιι
517 778 652 836 ordinere
662 785 772 832 servet.
786 774 849 831 Nec
862 775 939 830 mala
952 774 1098 842 voluntas,
1110 773 1163 847 qni
1177 791 1233 828 na-

191 883 278 929 tnrne
291 867 425 924 ordinem
440 878 558 920 servare
572 861 683 930 noluit,
702 858 769 914 ideo
783 859 855 916 iusti
867 855 926 913 Dei
944 858 1025 934 leges
1042 857 1144 911 emnia
1156 856 1235 910 bene

192 952 355 1010 ordinantis
371 945 481 1024 cffugit.
507 946 655 1012 Quonim
666 943 746 998 siout
756 943 873 1017 pictura
885 941 1061 996 enm'colore
1073 940 1173 1016 nigro,
1187 940 1235 994 lo-

193 1055 227 1093 eo
237 1053 291 1090 suo
300 1034 406 1107 posits,
420 1033 461 1086 ita
471 1029 648 1086 universitas
661 1043 771 1097 rerum,
784 1027 811 1080 si
825 1025 889 1100 quis
902 1025 996 1098 possit
1007 1023 1128 1091 intueri,
1141 1023 1236 1076 etiarn

194 1137 259 1174 oum
272 1115 473 1191 peccatoribus
486 1109 608 1186 pulchra
621 1119 683 1181 est,
710 1110 843 1185 quamtis
857 1125 909 1182 per
922 1125 954 1162 ιιι
968 1107 1047 1181 ipses
1061 1103 1236 1161 considers-

193 1212 239 1257 tos
254 1215 308 1268 sne
318 1197 488 1253 deformitas
503 1203 610 1269 turpet.

259 1281 375 1338 Deinde
388 1279 488 1338 videre
501 1278 602 1334 debuit
615 1277 768 1354 Origines,
780 1283 814 1330 et
826 1275 994 1348 quicunque
1005 1273 1049 1327 ita
1063 1273 1193 1346 sapiunt,
1211 1273 1239 1326 si

150 1363 153 1370 ’
193 1367 265 1422 haec
278 1365 379 1440 opinio
392 1381 464 1420 vera
475 1370 564 1432 esset,
578 1359 717 1418 mundum
728 1358 796 1414 ideo
808 1358 929 1427 factam,
942 1365 976 1411 ιι
985 1357 1100 1412 animae
1109 1373 1162 1428 pro
1173 1373 1239 1409 me-

194 1451 260 1506 ritis
281 1456 470 1522 pematoron
488 1459 608 1500 suoram
625 1453 766 1518 tanquam
780 1441 930 1519 ergastula
953 1441 1057 1514 quibus
1071 1439 1241 1512 poenaliter

194 1532 426 1598 includerentur,
452 1545 578 1601 corporo
594 1528 773 1601 acciperent,
801 1524 954 1599 superiora
978 1533 1008 1578 et
1028 1523 1140 1578 leviora
1160 1538 1241 1595 qnae

194 1615 304 1681 minus,
327 1610 470 1668 inferiore
491 1627 562 1665 vcro
581 1618 613 1666 ιι
630 1611 768 1686 graniers
785 1627 861 1684 quae
881 1608 1003 1681 amplius
1022 1613 1242 1680 peceaverunt3

196 1697 351 1750 doemonas
366 1692 469 1766 quaes
483 1691 613 1748 deterius
627 1691 701 1748 nilsil
716 1701 775 1761 est,
801 1698 921 1746 terrem
934 1707 1057 1762 corpora
1068 1687 1175 1762 quilius
1189 1689 1241 1742 in-

196 1778 287 1832 ferius
300 1776 464 1852 etgraviur
478 1773 553 1830 nihil
565 1784 626 1846 est,
650 1775 751 1848 potins
772 1792 860 1849 quarn
881 1772 1014 1829 homines
1033 1773 1122 1828 etiam
1142 1772 1241 1826 malos

194 1859 303 1914 habere
313 1858 459 1914 debuisse.
481 1857 567 1914 Nunc
580 1875 651 1914 vcra
664 1866 698 1914 ut
710 1858 942 1935 intelligeremus
956 1857 1118 1911 animarum
1129 1856 1242 1908 merita

196 1959 257 1997 non
266 1941 455 2014 qualitatibus
466 1957 622 2015 corporum
633 1959 697 1996 esse
708 1941 869 2014 pensanda,
883 1941 996 1995 serium
1008 1939 1154 2012 pessimus
1168 1937 1243 1992 dae-

196 2042 277 2094 mon,
303 2023 387 2079 homo
401 2032 498 2079 autem
512 2032 542 2078 ιι
553 2043 631 2080 nunc
645 2026 716 2080 lieet
727 2027 831 2095 malus,
857 2025 946 2100 longe
960 2022 1081 2078 minoris
1093 2021 1243 2076 mitioris-

197 2125 253 2181 que
266 2107 405 2176 malitiae,
420 2116 450 2162 et
461 2116 541 2163 certe
553 2116 621 2162 ante
634 2117 785 2182 peccatum
798 2116 897 2162 tamen
911 2108 1020 2160 luteum
1033 2122 1139 2178 corpus
1154 2123 1243 2160 acce-

196 2192 247 2264 pit.
274 2189 350 2256 Quid
363 2198 461 2244 autem
476 2192 595 2245 stultius
611 2191 673 2246 dici
685 2199 792 2264 potest,
806 2207 892 2263 quam
903 2207 955 2262 per
967 2190 1055 2242 istum
1069 2188 1179 2257 solem,
1209 2198 1245 2242 nt

197 2276 229 2327 in
242 2291 302 2327 uno
316 2270 424 2326 mundo
438 2289 513 2326 ιιιιιιι
528 2282 617 2344 ιιιιι,
640 2291 702 2328 non
715 2272 812 2328 decori
823 2270 1065 2346 pulchritudinis,
1086 2272 1135 2325 vel
1150 2271 1245 2326 ctiam

198 2356 286 2410 soluti
298 2371 397 2408 rerum
411 2354 604 2426 corporalium
616 2357 798 2412 consuluisse
816 2354 959 2410 artificem
971 2353 1084 2424 Deum,
1112 2353 1166 2408 sed
1184 2351 1246 2409 hoc

197 2439 295 2512 potins
311 2435 455 2506 evenisse,
470 2437 538 2510 qnia
551 2453 611 2491 una
624 2439 723 2492 anima
735 2440 779 2494 sic
792 2445 980 2512 peccaverat,
1001 2445 1035 2492 ut
1047 2437 1100 2491 tali
1114 2454 1246 2510 corpore

196 2528 357 2576 mereretur
374 2515 503 2574 includi?
529 2519 572 2575 Λι
586 2520 639 2593 pcr'
650 2517 706 2576 hoo
723 2523 750 2575 si
768 2523 957 2598 contigisset,
980 2530 1086 2576 utnon
1101 2538 1173 2590 nnn,
1187 2520 1246 2575 sed

197 2605 287 2670 duac3
314 2605 373 2658 imo
386 2621 447 2660 non
462 2601 547 2674 duae,
566 2602 618 2658 sed
632 2603 742 2672 decern,
755 2605 802 2658 vel
814 2613 943 2674 centum,
958 2604 1092 2659 similiter
1106 2605 1245 2677 nequali-

196 2678 298 2760 terqae
310 2694 493 2760 peccassent,
517 2687 727 2745 centumsoles
740 2683 920 2741 haberetlsic
931 2686 1066 2742 mundns.
1105 2685 1192 2752 Quod
1208 2697 1247 2741 ut

196 2787 257 2824 non
269 2769 371 2844 lieret,
398 2787 458 2823 non
478 2768 591 2840 opificis
612 2770 784 2842 provisione
796 2769 924 2824 mirabili
937 2768 973 2824 ad
986 2787 1084 2824 rernm
1098 2785 1245 2841 corpora-

194 2853 266 2906 lium
287 2852 410 2905 salutem
434 2849 626 2923 decoremque
650 2854 817 2908 consultura
840 2861 901 2923 est,
925 2850 977 2906 sed
994 2852 1121 2928 contigit
1138 2853 1245 2924 potins

195 2941 279 2988 tenta
291 2933 379 2987 unius
393 2933 508 2987 ιιιιιιιιιι
521 2934 731 3010 progressione
742 2937 909 3008 peccantis,
932 2943 966 2990 ιιι
979 2937 1041 2990 sols
1056 2951 1163 3007 corpus
1177 2937 1244 2990 tole

194 3024 367 3070 mereretur.
394 3013 461 3070 Non
474 3015 562 3088 plane
574 3018 754 3089 unisonarum,
778 3017 933 3093 dequibus
953 3019 1090 3074 resehmt
1106 3016 1179 3090 qnid
1193 3019 1243 3074 lo-

194 3105 340 3171 quantur,
355 3095 406 3152 sed
419 3115 521 3154 eorum
532 3100 662 3174 ipsorum
676 3103 728 3176 qui
739 3103 812 3158 talis
825 3104 958 3176 sapiunt,
978 3103 1101 3158 multum
1114 3102 1209 3177 lenge
1224 3121 1243 3156 n

191 3180 317 3234 veritate
334 3189 366 3235 ιι
381 3182 488 3236 merito
508 3192 555 3238 ιιι
571 3184 736 3241 coercenda
758 3187 936 3262 progressio.
976 3183 1057 3242 llaec
1079 3201 1153 3261 ergo
1177 3186 1241 3239 tria

195 3279 269 3335 quae
282 3263 417 3336 superius
432 3266 647 3338 eommffldaui,
671 3286 739 3324 curn
752 3269 785 3324 in
797 3285 970 3342 unaquaque
984 3276 1120 3324 ereatura
1131 3269 1240 3340 requi-

191 3354 310 3416 runtur,
331 3347 475 3420 quisnam
487 3348 603 3422 fecerit,
617 3369 670 3424 per
683 3350 752 3426 quid
765 3351 881 3421 feccrit,
895 3369 986 3425 quare
1000 3351 1114 3418 fecerit,
1139 3360 1173 3405 nt
1185 3367 1238 3404 re-

192 3427 371 3501 spondeatur
384 3428 482 3503 Deua,
495 3449 548 3504 per
560 3432 705 3504 Verbum,
718 3435 788 3507 quia
801 3434 877 3490 bene
889 3443 951 3504 est,
966 3443 1064 3489 utrum
1075 3433 1239 3489 altitudine

191 3513 316 3586 mystica
328 3513 415 3570 nohis
430 3516 494 3588 ipsa
507 3513 640 3572 Trinitas
653 3518 825 3588 intimetur,
850 3515 905 3572 hoc
919 3527 979 3587 est,
994 3516 1081 3572 Peter
1096 3525 1126 3572 ιι
1138 3515 1237 3571 Filios

192 3603 222 3650 et
235 3593 362 3667 Spiritus
375 3606 510 3667 sanctum
519 3615 563 3654 «an
571 3599 687 3672 uliquid
695 3608 846 3670 occurrat,
860 3599 939 3674 qnod
952 3599 1008 3656 hoc
1021 3601 1086 3655 loeo
1095 3597 1236 3672 Scriptu-

190 3693 291 3730 rarom
305 3677 336 3732 id
347 3680 551 3752 accipiendum
563 3699 631 3736 esse
643 3679 811 3754 prohibeat,
830 3683 915 3738 multi
928 3684 1071 3740 sermonis
1085 3691 1131 3737 est
1141 3699 1236 3758 qnae

193 3759 259 3826 etio,
274 3775 329 3812 ιιιι
343 3764 443 3816 omnia
456 3779 514 3818 una
527 3765 677 3820 volumine
691 3773 724 3820 nt
738 3766 916 3840 explicemus
930 3763 1097 3844 ungendam
1112 3775 1167 3822 est.
