2576 4396
208 203 271 260 262
435 191 533 252 DlVl
554 188 739 250 AVRELll
759 185 1014 247 AVGVSTINl

208 349 363 410 subvenire
377 337 596 418 compellimur?
610 339 709 398 Servit
722 348 819 396 autem
830 347 926 394 motus
939 339 997 394 iste
1009 339 1129 410 rationi,
1149 357 1241 415 quan

209 433 244 492 do
258 435 299 488 ita
311 429 466 505 praebetur
480 423 690 494 misericordia,
704 432 738 480 ut
748 423 863 478 iustitia
877 431 1078 493 conservetur,
1093 425 1158 479 sive
1179 441 1258 480 cum

209 514 354 591 indigenti
366 511 517 580 tribuitur,
532 509 593 563 sive
606 525 672 564 cum
684 507 849 584 ignoscitur
860 505 1032 578 poenitenti.
1059 503 1145 560 Hanc
1160 503 1259 562 Cice-

207 617 240 654 ro
253 599 366 652 locutor
377 594 513 670 egregius
526 609 588 652 non
598 589 739 646 dubitavit
749 589 892 662 appellere
902 588 1049 658 virtutem,
1063 605 1151 662 quam
1165 586 1259 644 Stoi-

209 699 258 736 cos
272 681 351 736 inter
364 677 438 734 vitia
451 691 605 732 munerare
618 690 679 728 non
691 671 793 746 pudet:
819 671 995 744 quitamcn,
1013 679 1047 726 ut
1059 670 1160 726 docuit
1173 671 1262 727 liber

206 762 336 836 Epicteti
350 758 523 816 nobilissimi
544 755 654 827 Stoici,
683 771 720 810 ex
737 753 862 810 decretis
880 752 1011 808 Zenonis
1030 761 1060 810 et
1078 751 1259 828 Chrysippi,

208 847 259 920 qui
271 843 356 898 huius
370 849 466 896 sectae
479 841 586 914 primas
599 847 696 912 partes
709 835 887 907 habuerunt,
909 833 1074 892 huiusmodi
1091 837 1261 910 passiones

208 931 240 984 in
260 927 388 982 animum
406 920 545 996 sapientis
567 921 742 992 admittunt,
766 937 852 994 quem
870 920 951 975 vitiis
969 913 1102 974 omnibns
1120 919 1261 975 liberum

210 1027 274 1066 esse
288 1009 400 1064 volunt.
419 1004 501 1062 Vnde
514 1004 548 1060 fit
561 1021 754 1079 consequens,
768 1011 801 1058 ut
814 1001 886 1058 haec
899 1003 962 1076 ipsa
974 1019 1034 1057 non
1045 1009 1150 1074 putent
1163 1003 1262 1073 vitia,
1279 1001 1283 1008 '

209 1090 325 1166 quando
343 1089 470 1160 sapienti
486 1089 528 1142 sic
542 1085 694 1157 accidunt,
720 1095 753 1142 ut
767 1091 869 1158 contm
882 1086 1021 1142 virtutem
1034 1085 1141 1139 mentis
1153 1086 1262 1139 ratio-

210 1191 334 1248 nemque
348 1170 421 1226 uihil
433 1171 556 1244 possint,
578 1178 608 1224 ct
619 1187 678 1226 una
692 1170 730 1225 sit
743 1167 899 1242 eademque
912 1168 1058 1223 sententia
1071 1166 1262 1238 Peripateti-

211 1274 321 1326 corum,
334 1256 382 1311 vel
396 1255 483 1310 ctiam
495 1251 726 1319 Platonicorum,
746 1260 776 1308 et
787 1253 916 1324 ipsorum
929 1247 1110 1306 Stoicorum:
1138 1247 1207 1319 sed,
1224 1260 1265 1306 ut

211 1341 253 1396 ait
263 1337 390 1407 Tullius,
404 1336 486 1392 verbi
497 1337 698 1392 controversia
710 1336 770 1390 iam
782 1333 832 1390 diu
846 1341 962 1408 torquet
973 1331 1105 1388 homines
1115 1330 1263 1388 Graecu-

208 1425 253 1478 los
269 1420 465 1476 contentionis
480 1417 661 1491 cupidiores,
682 1435 769 1492 quam
781 1417 924 1474 veritatis.
962 1414 1022 1472 Sed
1033 1413 1128 1470 adbuc
1140 1417 1263 1471 merito

212 1505 313 1578 quaeri
326 1510 433 1576 potest,
448 1509 548 1556 utrum
560 1499 596 1554 ad
610 1501 689 1556 vitae
701 1500 864 1571 praesentis
877 1499 1024 1572 pertineat
1035 1497 1262 1568 infirmitatem,

210 1588 298 1642 ctiam
309 1587 347 1640 vin
367 1583 529 1656 quibusque
547 1581 632 1638 bonis
654 1581 756 1640 ciliciis
775 1579 975 1638 huiuscemodi
985 1580 1097 1655 perpeti
1111 1577 1262 1636 affectus:

211 1669 307 1724 sancti
333 1683 404 1720 vero
430 1665 540 1739 Angeli
569 1683 635 1720 cum
668 1673 698 1718 et
729 1666 794 1722 sine
826 1665 871 1720 ira
896 1665 1036 1737 puniant,
1072 1680 1145 1737 quos
1172 1665 1263 1719 acci-

211 1753 297 1824 piunt
322 1755 442 1802 aeterna
463 1745 521 1802 Dei
546 1747 612 1822 lege
630 1746 812 1820 puniendos,
838 1755 868 1802 et
889 1747 1005 1802 miseris
1028 1747 1093 1802 sine
1112 1747 1262 1802 miseriae

214 1831 415 1906 compassione
435 1829 626 1900 subveniant,
655 1837 684 1884 et
701 1829 935 1904 periclitantibus
956 1831 998 1885 cia
1017 1846 1088 1904 quos
1108 1825 1262 1904 diligunt,

212 1917 278 1976 sine
295 1914 400 1968 timore
419 1913 614 1984 opitulentur;
640 1919 780 1970 ettamen
798 1914 923 1970 istarum
942 1913 1062 1968 nomina
1076 1912 1263 1984 passionum

214 1993 427 2052 consuetudine
441 1995 597 2050 locutionis
610 1992 755 2050 humanae
769 1995 857 2050 etiam
867 1995 899 2050 in
913 2013 963 2050 eos
974 2001 1167 2066 usurpentur,
1181 2013 1262 2068 pro-

211 2088 277 2154 pter
296 2075 439 2152 quandam
460 2094 579 2150 operum
597 2077 833 2149 similitudinem,
856 2095 919 2134 non
929 2086 1047 2151 propter
1059 2073 1263 2135 affectionum

212 2161 429 2216 infirmitatem:
457 2160 614 2232 sicutipse
632 2158 712 2214 Deus
734 2158 893 2215 secundum
913 2157 1078 2233 Scripturas
1096 2160 1263 2234 irascitur,

212 2263 268 2298 nec
282 2252 380 2302 tamen
393 2243 454 2296 ulla
466 2242 601 2314 passione
615 2241 759 2300 turbatur.
794 2239 860 2300 Hoc
874 2243 952 2298 enim
964 2241 1086 2298 verbum
1098 2242 1264 2303 vindictae

212 2325 365 2398 usurpavit
379 2321 509 2394 effectus,
523 2341 584 2380 non
597 2325 676 2380 illius
690 2324 877 2380 turbulentus
889 2321 1019 2382 effectus.

617 2485 739 2544 csP.
782 2486 843 2546 vl.

213 2585 316 2650 Quibus
323 2583 494 2654 passionibus
504 2583 651 2646 daemones,
661 2582 933 2652 cmfltentedpclsia
942 2583 1265 2654 camiseammucmm

439 2670 487 2722 ope
498 2651 614 2706 homines
625 2651 699 2720 apud
708 2653 770 2704 deos
778 2653 877 2706 usserit
886 2653 1020 2706 adiuvari.

273 2747 338 2812 Qua
350 2743 471 2800 interim
484 2741 519 2796 dc
532 2744 642 2800 sanctis
655 2741 777 2817 Angelis
790 2743 962 2816 quaestione
975 2741 1080 2814 dilata,
1093 2741 1264 2806 videamus

212 2825 450 2902 quemadmodum
463 2824 562 2880 dicant
574 2823 719 2882 Platonici
736 2825 847 2882 medios
867 2824 1021 2892 daemones
1038 2827 1117 2884 inter
1130 2826 1212 2885 deos
1231 2843 1266 2890 et

211 2909 344 2965 homines
358 2909 535 2962 constitutos
549 2908 615 2963 istis
627 2907 797 2982 passionum
810 2904 937 2966 aestibus
951 2907 1101 2966 fluctuare.
1120 2907 1157 2972 Si
1172 2917 1267 2972 enim

211 2999 310 3046 niente
328 2988 363 3044 ab
377 2987 423 3044 his
441 2989 533 3046 libera
546 2991 647 3065 eisque
661 2989 829 3048 dominante
841 3000 938 3048 motus
951 2990 1153 3050 huiuscemodi
1167 3007 1266 3068 pate-

211 3083 325 3144 rentur,
339 3089 400 3128 non
410 3089 458 3128 eos
470 3071 580 3130 diceret
591 3073 727 3148 Apuleius
741 3075 830 3132 simili
838 3083 921 3132 motu
934 3073 1029 3134 cordis
1043 3084 1073 3132 et
1085 3077 1150 3130 salo
1165 3096 1266 3138 men-

211 3159 249 3212 tis
264 3173 316 3231 per
329 3173 429 3212 omnes
449 3157 662 3232 cogitationum
674 3165 771 3214 aestus
789 3155 941 3216 fluctuare.
967 3157 1033 3232 lpsa
1053 3159 1148 3236 igitur
1166 3179 1267 3220 mens

212 3257 330 3310 eorum,
350 3237 380 3292 id
399 3247 458 3312 est,
480 3257 547 3313 pars
561 3241 653 3296 animi
666 3241 813 3315 superior,
833 3258 890 3314 qua
903 3241 1062 3298 rationales
1076 3250 1160 3314 sunt,
1175 3255 1212 3301 et
1228 3249 1266 3305 in

212 3340 268 3396 qua
281 3323 375 3378 virtus
390 3331 419 3378 et
432 3323 592 3396 sapientia,
611 3325 637 3378 si
650 3325 709 3378 ulla
722 3324 764 3378 eis
780 3331 873 3394 esset,
891 3323 1076 3398 passionibus
1090 3325 1267 3386 turbulen-

210 3407 249 3460 tis
264 3405 437 3462 inferiorum
450 3407 541 3464 animi
558 3407 686 3481 partium
701 3405 840 3482 regendis
857 3405 1100 3480 moderandisque
1112 3405 1266 3468 domina.

209 3487 308 3559 retur3
320 3490 393 3564 ipsa,
406 3490 536 3564 inquom,
549 3507 631 3544 mens
646 3505 762 3560 eorum,
777 3489 854 3545 sicut
867 3489 923 3546 istc
935 3489 1106 3546 Platonicus
1122 3493 1267 3552 confite-

209 3581 270 3640 tur,
285 3572 347 3626 salo
359 3573 612 3646 perturbationum
625 3569 755 3628 fluctuat.
781 3569 920 3630 Subiecta
928 3581 979 3628 est
992 3589 1063 3649 ergo
1078 3589 1166 3630 mens
1183 3575 1267 3635 dae-

209 3670 329 3708 monum
341 3654 524 3726 passionibus
537 3653 708 3725 libidinum,
721 3653 927 3726 formidinum,
946 3657 1057 3710 irarum
1062 3693 1071 3724 ‚
1092 3664 1187 3731 atque
1203 3657 1267 3718 hrr-

210 3735 370 3790 iuscemodi
383 3738 516 3792 caeteris.
531 3737 611 3802 Quae
625 3738 718 3815 igitur
730 3755 798 3812 pars
812 3737 896 3793 ineis
911 3739 1002 3796 libera
1016 3747 1060 3794 est
1071 3755 1270 3819 sonipesque

211 3818 658 3894 sapientiae,quaplaccantdiis,
667 3820 741 3884 etad
751 3821 894 3878 bonorum
904 3839 1016 3878 morum
1024 3822 1269 3886 similitudinem
1284 3871 1285 3876 ,
