2592 4396
210 231 247 286 12
436 218 534 279 DlVl
556 214 744 274 AVRELll
765 211 1014 272 nvovsulnt

208 387 306 436 autem
319 372 451 432 tristitia
463 378 585 427 mortem
599 377 751 446 operatur.
793 363 871 422 Ecce
888 365 964 421 euim
983 363 1015 420 id
1033 365 1127 442 ipsum
1141 382 1242 424 secun·

208 463 275 519 dum
289 457 383 515 Deum
397 453 592 521 contristari,
613 459 753 528 quantam
766 447 894 526 perficit
907 449 938 503 iu
958 447 1040 504 nobis
1055 448 1241 506 industriam.

208 543 247 602 Ac
260 559 313 615 per
325 537 379 593 hoc
391 543 514 611 possunt
527 531 620 590 Stoici
631 550 683 608 pro
696 533 758 588 suis
771 531 901 605 partibus
922 530 1117 603 respondere,
1140 529 1242 588 adhoc

207 623 305 682 videri
314 622 417 678 utilem
430 635 494 674 esse
506 617 675 686 tristitiam,
698 623 732 670 ut
747 631 885 689 peccasse
904 614 1068 687 poeniteat3
1095 614 1127 669 in
1143 615 1238 670 animo

208 716 303 764 autem
316 702 457 777 sapientis
471 697 537 754 ideo
552 715 616 753 esse
631 717 690 754 non
703 715 806 771 posse,
821 697 888 772 quia
901 715 956 754 nee
970 705 1120 770 peccatum
1132 697 1164 752 iu
1177 715 1241 752 eum

208 789 300 860 cadit,
327 787 411 842 ouius
424 782 607 857 poenitentia
621 783 829 850 contristetur,
856 798 910 836 nec
927 780 1021 835 ullum
1034 777 1113 834 aliud
1125 781 1240 850 malum,

208 871 287 948 quod
303 863 492 944 perpetiendo
511 873 540 920 et
559 863 712 920 sentiendo
731 865 772 919 sit
791 863 894 918 trissti.
938 861 1013 918 Nam
1026 869 1055 916 et
1067 861 1242 918 Alcibiadem

208 954 317 1022 ferunt,
331 945 434 1026 (sime
449 947 484 1003 de
497 949 617 1004 nomine
628 945 754 1004 hominis
767 947 907 1002 memoria
920 964 980 1002 non
993 939 1096 1021 tallia)
1110 963 1176 1000 cum
1189 945 1244 1000 sibi

207 1035 311 1092 beatus
324 1031 487 1102 videretur,
515 1028 637 1087 Socrate
660 1029 842 1105 disputante,
869 1038 899 1084 et
917 1030 944 1084 ei
958 1045 1043 1102 quam
1054 1028 1243 1098 misererem,

209 1119 346 1195 quoniam
359 1115 466 1170 stultus
480 1121 569 1183 esset,
584 1111 813 1184 demonstrante,
826 1109 953 1168 flevisse.
972 1109 1050 1168 Huic
1063 1128 1134 1188 ergo
1148 1111 1244 1182 stulti-

208 1202 251 1258 tis
262 1199 320 1256 tuit
333 1215 420 1254 causa
434 1197 522 1252 etiarn
536 1193 622 1252 huius
636 1198 718 1252 utilis
732 1195 932 1270 optandaeque
945 1194 1100 1264 tristitiae,
1123 1211 1181 1268 qua
1192 1191 1243 1247 ho-

209 1301 258 1340 mo
271 1299 336 1339 esse
350 1297 383 1336 se
396 1279 485 1350 dolet,
501 1277 579 1354 quod
593 1297 658 1334 csse
672 1297 732 1336 uon
746 1277 840 1334 debet.
884 1277 977 1335 Stoici
991 1285 1088 1334 autem
1100 1295 1161 1333 non
1176 1272 1246 1331 ¹stul·

168 1357 171 1362 '
209 1375 289 1438 tum,
310 1362 362 1422 sed
375 1363 537 1436 sapientem
550 1362 634 1417 aiunt
645 1363 760 1418 tristem
774 1380 911 1418 essenon
923 1379 1017 1436 posse.

611 1459 732 1517 CAP.
776 1457 844 1516 lx.

243 1542 287 1595 De
294 1539 548 1612 perturbationibus
559 1539 651 1602 animi,
668 1555 782 1608 quaram
793 1537 910 1608 affectas
920 1545 1006 1591 reatos
1017 1537 1097 1594 babet
1106 1537 1164 1590 cita
1175 1538 1215 1590 iu·

621 1633 630 1650 ·
669 1617 781 1660 starum.
1281 1613 1282 1624 ¹

273 1697 382 1755 Verum
395 1697 440 1754 his
453 1695 644 1772 philosophis,
659 1695 735 1772 quod
748 1695 784 1751 ad
796 1698 884 1754 istam
897 1697 1096 1771 quaestionem
1109 1697 1145 1753 de
1158 1699 1247 1753 animi

209 1782 476 1859 perturbationibus
490 1781 607 1851 attinet,
621 1781 680 1835 iam
691 1779 897 1853 respondimus
911 1781 942 1834 in
956 1797 1035 1836 nono
1045 1778 1131 1836 huius
1143 1779 1248 1854 Operis

210 1866 298 1937 libro,
313 1861 512 1935 ostendentes,
527 1881 576 1918 eos
591 1881 652 1920 non
667 1871 726 1918 tarn
740 1861 893 1934 derebus,
908 1879 993 1936 quam
1007 1861 1042 1920 de
1054 1862 1152 1920 verbis
1166 1865 1247 1936 cupi-

211 1948 309 2004 diores
323 1965 388 2003 esse
401 1947 612 2020 contentionis,
627 1965 714 2022 quam
726 1947 870 2002 veritatis.
892 1944 975 2019 Apud
986 1963 1039 2002 nos
1053 1955 1150 2003 autem
1164 1947 1248 2003 iuxta
1281 1963 1282 2024 l

211 2029 379 2106 Scripturas
392 2048 490 2086 sacras
505 2047 664 2104 sanamque
677 2027 855 2100 docuinam,
886 2030 964 2085 cives
978 2038 1098 2086 sanctae
1112 2027 1248 2085 Civitatis
1281 2031 1282 2078 l

210 2113 269 2171 Dei
286 2115 319 2169 in
337 2111 423 2170 huius
440 2115 519 2170 vitae
540 2112 781 2190 peregrinatione
806 2111 967 2168 secundum
983 2110 1079 2168 Deum
1101 2112 1248 2182 viventes,

209 2205 360 2268 metuunt,
384 2198 579 2271 cupiuntque,
602 2193 718 2264 dolent,
742 2195 939 2271 gaudentque.
961 2195 1002 2252 Et
1014 2196 1081 2270 quia
1093 2203 1192 2250 rectu
1205 2205 1250 2250 est

209 2299 292 2338 amor
306 2298 424 2348 eorum,
448 2281 521 2334 istas
541 2295 641 2332 ornnes
661 2273 830 2334 affectiones
844 2287 940 2336 rectas
952 2277 1068 2335 habent.
1105 2276 1250 2334 Metuunt

208 2380 333 2438 poenam
361 2369 527 2430 aeternam,
561 2361 685 2433 cupiunt
704 2360 795 2415 vitam
820 2369 983 2418 aeternam:
1018 2361 1118 2417 dolent
1145 2361 1179 2417 in
1204 2379 1250 2433 rc,
1281 2399 1282 2408 ι

209 2445 278 2520 quia
290 2445 348 2518 ipsi
360 2445 392 2499 in
406 2443 570 2515 semetipsis
584 2439 676 2501 adhuc
696 2442 898 2519 ingemiscunt
915 2443 1114 2520 adoptionem,
1141 2462 1249 2518 exspe-

209 2535 322 2584 ctantes
345 2527 557 2582 redemtionem
580 2527 710 2598 corporis
734 2527 797 2598 sui3
816 2526 947 2604 gaudent
967 2530 998 2584 in
1021 2546 1082 2602 spe,
1106 2527 1178 2602 quia
1198 2527 1252 2582 liet

209 2627 314 2680 sermo,
328 2611 380 2688 qui
391 2611 524 2687 carpitus
538 2619 599 2666 ast:
611 2607 775 2686 Absorpta
788 2620 835 2666 est
846 2627 925 2666 mors
939 2613 969 2668 ia
982 2610 1147 2668 victoriam.
1175 2608 1252 2666 Item
1281 2633 1282 2676 ι

207 2703 344 2749 metuunt
355 2711 489 2767 peccare,
504 2693 627 2765 cupiunt
639 2709 842 2766 perseverare:
861 2691 961 2750 dolent
972 2695 1004 2749 in
1019 2693 1158 2766 peccatis,
1172 2711 1251 2770 gau·

208 2776 279 2832 dent
304 2776 336 2830 in
363 2774 496 2848 operibus
515 2774 611 2830 bonis.
643 2772 682 2828 Vt
700 2775 778 2830 cuim
794 2784 930 2832 metuant
947 2794 1084 2851 peccare,
1109 2774 1251 2831 audiunt:
1281 2769 1282 2846 l

210 2856 356 2926 Quoniam
375 2854 538 2912 abundabit
557 2857 717 2931 iniquitas,
743 2858 926 2934 refrigescet
944 2861 1060 2916 caritas
1078 2857 1250 2915 multorum.
1281 2847 1282 2924 i

207 2937 246 2994 Vt
260 2939 381 3011 cupiant
394 2954 595 3010 perseverare,
610 2936 732 2995 audiunt
746 2939 824 3015 quod
837 2941 977 3016 scriptum
991 2950 1049 2998 est:
1062 2937 1251 3018 ,Quiperss-
1281 2927 1282 3000 i

206 3021 358 3078 voraverit
371 3035 463 3094 usque
475 3020 506 3074 iu
513 3017 618 3090 finem,
632 3019 681 3076 bic
693 3021 794 3080 saluus
809 3025 876 3082 erit.
912 3022 952 3080 Vt
964 3023 1081 3080 doleant
1093 3025 1125 3080 in
1138 3042 1248 3097 pecea-
1281 3029 1282 3050 ³

207 3105 262 3172 tis,
287 3099 424 3157 audiunt:
450 3098 487 3158 Si
499 3101 672 3173 dixerimus,
696 3106 931 3183 quiapeocatam
944 3125 1000 3164 non
1013 3106 1168 3175 babemus,
1193 3123 1248 3162 nos
1281 3129 1282 3170 ι

206 3187 288 3264 ipsos
310 3183 490 3254 seducimus,
514 3194 545 3241 et
562 3187 678 3242 ueritas
699 3188 729 3243 in
750 3187 832 3244 nobis
849 3197 975 3246 nonest.
1003 3188 1043 3244 Vt
1054 3187 1204 3266 gaudeant
1217 3189 1249 3242 in
1281 3247 1282 3256 χ

207 3267 341 3341 operibus
354 3265 458 3338 bonis,
477 3266 612 3327 audiunt:
639 3267 778 3326 Hilarem
791 3270 925 3329 datorem
938 3271 1040 3348 diligit
1052 3271 1144 3328 Deus.
1173 3269 1250 3327 ltem
1281 3293 1282 3304 ι

205 3351 293 3406 sicuti
307 3367 339 3405 se
351 3349 506 3406 infirmitas
519 3369 619 3408 eorum
628 3351 807 3426 firmitasque
817 3351 963 3426 habuerit,
976 3363 1114 3412 metuunt
1122 3353 1250 3424 tentari,

205 3435 330 3508 cupiunt
343 3435 466 3490 tentari:
481 3433 581 3490 dolent
593 3435 625 3489 in
640 3435 868 3508 tentationibus,
882 3437 1011 3514 gaudent
1023 3439 1056 3493 in
1070 3437 1250 3493 tentationi-

204 3517 268 3572 bus.
290 3514 330 3572 Vt
343 3517 423 3573 enirn
435 3525 569 3572 metuant
581 3517 700 3588 tentari,
719 3517 854 3576 audiunt:
881 3518 917 3576 Si
929 3521 993 3596 quis
1001 3529 1251 3598 praeoccupatus

199 3597 347 3668 fueritin
362 3599 477 3675 aliquo,
503 3597 610 3656 delicto
627 3615 679 3655 uos
693 3601 744 3676 qui
755 3601 910 3680 spiritales
925 3603 1015 3672 estis,
1036 3603 1183 3658 instruite
1196 3597 1249 3658 bss·
1281 3565 1282 3660 i

207 3679 333 3736 iusrsodi
342 3682 372 3736 in
383 3681 494 3758 spiritu
503 3681 749 3750 mansuetudinis,
764 3685 918 3742 intendens
929 3693 959 3740 te
971 3685 1077 3763 quanm,
1089 3701 1126 3740 ns
1136 3691 1174 3740 tu
1184 3692 1252 3739 tca-

206 3759 291 3815 teris.
310 3759 349 3815 Vt
362 3771 458 3816 autem
471 3764 591 3836 cupiant
604 3765 723 3832 tantari,
738 3765 862 3821 audiunt
875 3766 1018 3841 quendam
1030 3767 1126 3822 virum
1138 3763 1254 3822 fortem

206 3834 341 3898 Civitatis
355 3839 413 3898 Dei
426 3841 583 3898 dicentem:
598 3841 696 3902 Proba
709 3865 752 3902 mc
766 3847 900 3918 Domine,
915 3860 944 3908 ct
958 3859 1042 3907 tenta
1055 3867 1117 3922 νιος
1129 3866 1189 3905 ure
1201 3865 1254 3904 rs-
