2510 4404
197 222 258 281 384
421 215 521 274 DlVl
541 212 727 274 AVRELll
747 211 1002 272 AVGVSTINI

197 381 291 428 entem
305 371 391 426 etiarn
404 368 455 424 elii
467 366 585 426 vocibus
599 368 662 423 eins
674 365 773 437 acciti,
800 373 875 421 etse
890 383 988 421 omnes
1007 366 1042 421 in
1062 367 1217 422 orationes

196 472 249 529 pro
262 452 314 509 illo
328 446 523 534 straverant,)
542 450 671 526 quamvis
684 466 749 504 eum
762 465 834 504 sana
846 456 943 503 mente
952 457 1034 504 stare
1048 467 1111 524 gau
1116 449 1217 518 darent,

196 552 296 592 rursus
309 543 405 591 tamen
417 543 534 608 propter
548 531 662 589 oculum
674 532 736 587 eius
749 531 933 601 contristati,
951 529 1114 588 ‘medicum
1141 552 1218 608 quse·

196 617 319 674 rendum
326 633 389 673 esse
402 613 542 673 dicebant.
567 612 610 670 lbi
623 614 744 670 maritus
756 613 863 668 sororis
872 613 949 684 eius,
963 614 1016 686 qui
1030 633 1102 670 oum
1115 617 1170 671 illo
1185 617 1222 671 de
1247 617 1248 638 ;

198 702 314 770 tulerat,
326 698 436 756 Potens
450 707 504 768 est,
518 697 624 772 inquit,
638 693 719 752 Dens
731 704 896 752 sanctorum
907 695 1108 769 orationibus,
1125 701 1177 774 qui
1190 700 1223 754 iu-

199 784 281 860 garit
294 780 476 850 daemonem,
501 779 601 836 lumen
616 777 746 835 reddere.
788 775 883 849 Tunc,
895 779 972 834 slent
984 781 1103 852 potuit,
1119 784 1225 838 oeulnn
1248 756 1249 838 l

198 868 308 938 lapsum
321 873 408 938 atque
425 860 614 938 pendentem,
639 861 705 917 loeo
724 879 776 916 suo
793 869 958 918 revocatum
978 860 1095 938 ligarit
1123 867 1224 922 orario:

197 966 251 1004 nec
264 947 322 1002 nisi
331 955 397 1020 post
409 954 518 1019 septem
532 944 594 1000 (lies
610 945 723 1018 putarit
743 960 805 998 esse
822 941 1000 998 solvendum.
1048 946 1145 1013 Quod
1170 968 1224 1003 eun

197 1030 328 1098 fecisset,
355 1029 538 1084 sanissimum
550 1027 663 1084 invenit
713 1023 816 1082 Sanati
827 1034 894 1082 ιιιιι
906 1026 967 1082 illic
981 1035 1013 1081 et
1027 1030 1104 1103 olii,
1120 1030 1158 1087 de
1172 1033 1223 1106 qui-

197 1110 250 1168 bus
265 1110 360 1168 dicere
373 1111 491 1188 longum
507 1120 558 1166 est.

259 1192 473 1269 Hipponensem
487 1191 629 1267 quandam
639 1193 780 1269 virginem
795 1192 871 1261 scio,
896 1209 959 1246 cum
974 1210 1006 1246 se
1027 1192 1100 1248 olco
1127 1211 1223 1267 perun·

198 1280 308 1348 xissct,
324 1278 371 1333 cui
384 1294 436 1350 pro
451 1277 501 1330 illa
514 1294 599 1332 orans
609 1273 767 1350 Presbyter
780 1275 973 1330 instillaverat
985 1275 1143 1350 lacrymas
1158 1294 1223 1342 ιιιιι,

198 1377 294 1418 moxa
307 1359 457 1416 daemonio
471 1358 707 1414 fuissesanatem.
751 1355 820 1413 Scio
839 1359 923 1412 etiam
937 1356 1127 1432 Episcopum
1145 1360 1223 1414 semel

198 1463 250 1521 pro
263 1441 461 1512 adolescente,
472 1459 555 1515 quem
569 1459 626 1498 non
639 1439 725 1510 vidit,
739 1457 848 1512 orasse,
862 1440 998 1515 illumque
1012 1443 1102 1498 illico
1117 1442 1223 1498 daemo-
1251 1471 1252 1480 ι

199 1547 237 1583 ne
248 1543 385 1582 caruisse.

260 1609 333 1664 Erat
350 1606 465 1681 quidam
481 1625 572 1664 senex
589 1605 755 1663 Florentius
773 1604 971 1685 Hipponensis
991 1616 1119 1679 noster,
1149 1606 1222 1664 hona

199 1692 353 1768 religiosus
365 1698 395 1744 et
406 1708 526 1766 pauper,
539 1691 659 1746 sartoris
669 1707 700 1744 se
714 1697 776 1744 arte
787 1689 935 1762 pascebat,
948 1690 1086 1746 casulam
1100 1685 1224 1765 perdide·

199 1784 256 1843 rat,
270 1780 300 1826 et
312 1769 390 1826 unde
403 1773 458 1828 sibi
484 1781 591 1828 emeret
604 1790 664 1828 non
677 1770 812 1828 habebat:
827 1768 1155 1850 adVigintiMartyres‚
1165 1793 1223 1848 quo

200 1859 264 1912 rum
277 1852 415 1910 Memoris
428 1853 504 1926 apud
517 1872 571 1910 nos
586 1864 631 1909 eat
642 1854 843 1925 celeberrima,
861 1855 941 1912 clara
952 1873 1043 1929 rece,
1058 1867 1098 1913 ut
1111 1859 1221 1914 restire-

199 1949 259 2009 tur,
273 1937 375 1993 orarit.
416 1935 579 1994 Audierunt
590 1955 657 1992 eum
669 1935 875 2010 adolescentes,
898 1940 948 2012 qui
962 1938 1040 1994 forte
1055 1941 1176 1996 aderent
1187 1941 1223 1994 ir-

201 2023 323 2092 risores3
338 2037 459 2094 eumque
472 2019 669 2076 discedentem
681 2022 863 2096 exagitantes
876 2023 1150 2096 prosequebantur3
1163 2042 1222 2098 qur-

202 2108 227 2161 si
241 2123 259 2160 a
271 2101 445 2179 Martyribus
459 2105 676 2181 quinquagenos
689 2103 785 2174 folles,
798 2103 874 2170 unde
887 2105 1099 2162 vestimentum
1112 2117 1223 2174 emeret,

204 2189 363 2262 petivisset.
405 2184 442 2241 Αι
451 2187 501 2240 ille
514 2188 619 2244 tacitus
633 2185 799 2257 ambulans,
826 2188 947 2244 eiectum
960 2187 1108 2265 grandem
1122 2192 1222 2262 piseeu

202 2271 390 2346 palpitantem
402 2266 478 2324 vidit
489 2269 520 2325 in
533 2271 647 2338 littore,
669 2286 789 2343 eumque
806 2269 867 2325 illis
885 2271 1052 2328 faventibus
1072 2281 1163 2348 atque
1179 2272 1223 2328 ad-

203 2352 366 2408 iuvantibus
380 2347 582 2424 apprehendit,
601 2361 631 2406 et
644 2349 755 2406 cuidam
767 2369 859 2426 coquo
872 2349 975 2410 Cato'so
990 2357 1132 2426 nomine,
1156 2356 1221 2410 lens

203 2433 380 2503 Christiano,
394 2433 431 2488 ed
444 2435 597 2509 coquinam
612 2432 809 2503 conditariam,
820 2434 951 2492 indicans
966 2438 1034 2511 quid
1049 2449 1165 2515 gestum
1178 2440 1220 2506 sit,

202 2519 340 2574 trecentis
354 2516 470 2573 follibus
483 2516 627 2592 vendidit,
639 2518 735 2572 lanam
751 2533 915 2590 comparare
927 2520 994 2575 inde
1008 2518 1183 2595 disponens,
1196 2531 1223 2574 ut

203 2619 279 2658 uxor
293 2602 353 2656 eius
370 2599 509 2674 quomodo
522 2609 632 2675 posset,
642 2601 668 2654 ei
682 2617 737 2674 quo
753 2599 932 2670 indueretur,
947 2602 1085 2659 efficeret.
1108 2603 1164 2660 Sed
1177 2622 1223 2659 eo-

204 2703 275 2759 quns
290 2683 445 2739 concidens
456 2685 578 2758 piscem,
602 2682 740 2738 annulum
755 2700 871 2738 aureum
883 2685 915 2740 in
926 2687 1091 2743 ventriculo
1106 2689 1169 2744 eins
1184 2689 1223 2743 in-

205 2769 302 2836 venit,
320 2784 446 2842 moxque
459 2768 643 2823 miseratione
657 2763 761 2835 ssexus,
776 2775 805 2820 et
817 2767 961 2844 religione
973 2771 1163 2842 perterritus,
1176 2769 1220 2826 ho-

204 2851 275 2906 mini
289 2867 354 2904 euru
365 2849 505 2922 reddidit,
529 2848 640 2919 dicens,
666 2846 743 2904 Eece
761 2849 900 2923 quomodo
913 2849 1026 2928 Viginti
1039 2851 1187 2929 Martyres
1197 2863 1223 2907 te

203 2927 382 2988 vestierunti

267 3012 310 3067 Ad
322 3030 409 3086 aquas
422 2995 596 3074 Tibilitanas
609 3011 752 3090 Episcopo
763 3011 899 3071 afferente
908 3013 1055 3072 Preeiecto
1063 3011 1220 3092 [Proiecto]

204 3096 345 3169 reliquias
362 3093 500 3172 Martyris
519 3096 721 3172 gloriosissimi
744 3093 898 3170 Stephani,
925 3097 961 3154 ad
979 3101 1039 3155 eius
1054 3099 1219 3158 Memoriam

206 3177 338 3234 veniebat
348 3195 470 3256 magnae
484 3177 675 3234 multitudinis
687 3197 843 3235 concursus
857 3189 886 3235 et
895 3200 1038 3238 occursus.
1083 3181 1129 3240 lbi
1143 3202 1221 3240 eoeer

205 3262 323 3333 mulier,
346 3269 379 3316 ut
390 3261 426 3316 ed
439 3259 610 3336 Episcopum
627 3271 788 3335 portantem
804 3260 939 3338 [pignora
952 3261 1046 3338 sacra]
1061 3267 1220 3331 duceretur,

206 3346 313 3402 oravit:
339 3341 424 3400 flores
438 3362 509 3420 quos
523 3344 634 3399 ferebat
647 3343 738 3414 dedit;
764 3345 887 3419 recepit,
903 3349 994 3402 oeulis
1007 3348 1147 3420 admovit,
1161 3369 1221 3425 pro·

205 3432 282 3486 tinus
293 3427 374 3484 sidit.
419 3425 605 3501 Stupentibus
620 3427 669 3501 qui
682 3425 819 3496 aderant,
832 3430 961 3501 praeibat
973 3433 1138 3504 exsultans,
1151 3436 1221 3489 riam

207 3528 338 3584 carpens,
353 3518 382 3564 et
396 3511 459 3566 riae
473 3509 572 3564 ducem
586 3509 704 3564 ulterius
717 3525 777 3564 non
790 3512 948 3584 requirens.

266 3592 417 3648 Memorati
430 3589 598 3647 Memoriam
611 3590 765 3666 Martyris,
791 3609 864 3668 quae
881 3595 975 3669 posita
993 3605 1038 3650 eet
1059 3597 1093 3654 in
1108 3599 1217 3654 castello

204 3673 360 3742 Sinitensi‚
379 3673 455 3749 quod
469 3673 651 3746 Hipponensi
665 3674 797 3730 coloniae
805 3676 933 3732 ricinum
948 3687 1004 3747 est,
1023 3679 1157 3735 eiusdem
1171 3681 1216 3736 loci

205 3755 333 3809 Lucillus
347 3754 518 3828 Episcopus,
544 3756 648 3828 populo
662 3755 851 3830 praecedente
864 3769 949 3833 atque
969 3773 1107 3835 sequente
1128 3775 1218 3837 ports-

206 3835 263 3889 bat.
302 3834 425 3905 Fistula,
440 3841 522 3892 cuius
534 3838 665 3893 molestia
679 3837 797 3894 iamdiu
811 3839 1004 3910 laboraverat,
1018 3854 1046 3900 et
1058 3845 1218 3902 familiaris·
