2592 4396
227 183 285 242 380
450 171 549 232 DlVl
577 169 763 230 AVRELll
787 166 1043 226 AVGVSTlNl

511 407 514 414 ,
601 338 721 399 cur.
762 334 887 394 xusx

268 440 311 492 De
322 438 469 491 conditione
479 437 558 490 anias
570 435 655 504 primi
665 435 785 498 bominis,
796 441 877 503 atque
885 433 915 486 s'a
927 449 956 484 eo
962 434 1071 501 gesseris
1080 433 1200 489 bariani.

287 527 351 585 Hac
368 529 460 605 igitur
474 527 643 601 quaestione
663 525 827 581 difficillima
845 531 963 599 propter
976 527 1179 584 aeternitatem
1191 525 1251 586 Dei

225 631 302 672 nova
316 611 441 668 creantis
456 611 519 664 sine
533 610 663 665 novitate
683 610 780 684 aliqua
796 607 971 678 voluntatis,
996 617 1137 681 quantum
1153 613 1249 684 potui-

224 715 300 766 mus,
314 695 467 768 explicata,
482 711 542 748 non
555 703 600 748 est
613 689 736 748 arduum
745 689 845 748 videre
855 692 945 746 multo
956 690 1047 746 fuisse
1057 693 1163 748 melius
1175 695 1251 766 quod

226 781 335 837 factum
348 785 403 848 est,
416 785 449 832 ut
464 793 501 830 ex
516 794 576 831 uno
589 773 707 831 bomine
719 792 805 850 quem
816 775 940 848 primum
954 774 1099 846 condidit,
1111 778 1251 849 multipli-

226 871 305 919 caret
318 877 411 938 genus
424 858 590 930 humanum,
604 876 691 933 quam
704 858 731 914 si
743 857 773 914 id
785 855 951 913 inchoasset
964 875 981 913 a
993 857 1134 930 pluribus.
1177 859 1251 916 Nam

226 965 291 1002 cum
304 944 465 999 animantes
479 942 549 1003 alias
558 943 724 1013 solitarias,
750 949 779 997 et
793 939 918 1016 quodam
930 941 1015 997 modo
1033 943 1199 1020 solivagas,
1225 943 1252 998 id

123 1045 125 1050 ·
226 1037 286 1099 cst,
312 1045 386 1102 quae
411 1024 596 1081 solitudinem
616 1027 711 1104 magis
734 1032 888 1099 appetant,
918 1025 1006 1081 sicuti
1032 1033 1101 1082 sunt
1127 1028 1252 1102 aquilae,

225 1111 323 1182 milri,
343 1111 463 1188 leones,
481 1109 556 1184 lupi,
583 1117 613 1164 et
626 1125 815 1184 quaecunque
840 1108 882 1164 ita
895 1117 978 1180 sunt3
1004 1109 1075 1165 alios
1090 1115 1253 1188 congreget
1281 1127 1282 1176 ι

226 1194 403 1264 instituerit,
426 1209 499 1267 quac
513 1201 710 1270 congregatae
722 1200 808 1266 atque
827 1193 858 1247 in
875 1192 1013 1270 gregibus
1026 1194 1132 1249 malint
1142 1195 1254 1264 rivere,

225 1287 259 1334 ut
271 1285 338 1332 sunt
352 1275 485 1346 eolmnbi,
509 1277 615 1348 sturni,
639 1277 729 1348 cerri,
749 1273 891 1346 damulae,
905 1284 935 1331 et
948 1284 1062 1332 caetera
1074 1274 1254 1333 huiusmodi:

225 1369 381 1434 utrumque
393 1367 490 1415 tamen
503 1378 597 1436 genus
615 1378 676 1416 non
694 1376 731 1414 ex
749 1359 872 1436 singulis
889 1359 1076 1436 propagavit,
1103 1359 1156 1416 sed
1172 1362 1254 1436 plura

227 1445 312 1500 simul
323 1443 409 1498 iussit
422 1441 574 1498 exsistere.
597 1439 752 1499 Hominem
774 1460 859 1512 vcro,
885 1440 966 1498 cuius
985 1449 1118 1500 naturam
1131 1443 1254 1520 quodam

225 1527 310 1583 modo
323 1525 446 1582 mediam
459 1526 536 1581 inter
549 1527 669 1604 angelos
682 1525 848 1600 bestiasque
861 1524 1016 1597 condebat,
1037 1535 1070 1582 ut
1082 1529 1108 1582 si
1121 1526 1254 1584 Creatori

227 1629 281 1666 suo
298 1619 437 1684 tanquam
454 1627 525 1666 vero
546 1608 673 1665 Domino
692 1607 824 1664 subditus
841 1617 1026 1682 praeceptum
1044 1611 1106 1666 eius
1124 1613 1176 1685 pia
1188 1611 1255 1667 obe-

227 1693 335 1750 dientia
345 1690 513 1764 custodiret,
524 1693 557 1749 in
566 1693 746 1748 consortium
755 1693 1078 1770 transiretangelicum,
1090 1695 1157 1750 sinc
1164 1704 1254 1751 morte

226 1775 321 1834 media
333 1776 447 1833 beatam
460 1776 708 1832 immortalitatem
720 1774 828 1850 absque
845 1777 905 1831 ullo
923 1777 1046 1832 termino
1067 1787 1254 1850 consecutus3

227 1862 253 1917 si
266 1869 364 1916 autem
376 1859 534 1916 Dominum
547 1857 643 1914 Deum
656 1877 740 1915 suum
757 1859 849 1916 libera
861 1861 1011 1916 voluntate
1030 1859 1154 1934 superbe
1172 1872 1255 1937 atque
1281 1909 1282 1926 ,

227 1942 429 2000 inobedienter
442 1960 513 1997 usus
529 1935 702 2014 offenderet,
715 1943 804 1999 morti
815 1941 946 1998 addictus
959 1942 1121 2016 bestialiter
1132 1946 1254 2016 viveret,

227 2027 354 2083 libidinis
369 2044 471 2082 servus
496 2033 671 2101 aeternoque
692 2034 760 2101 post
780 2033 905 2082 mortem
923 2028 1061 2101 supplicio
1076 2027 1254 2100 destinatus,

226 2129 316 2166 unum
328 2128 362 2166 ac
376 2111 524 2186 singulum
537 2111 662 2182 creavit,
686 2128 747 2166 non
763 2111 864 2184 utique
883 2111 976 2166 solum
989 2111 1052 2167 siue
1064 2108 1194 2168 humana
1208 2131 1253 2168 so·
1281 2107 1282 2176 ζ

228 2195 334 2248 cietate
348 2192 549 2263 deserendum,
568 2192 619 2248 sed
630 2201 663 2249 ut
676 2210 710 2249 co
723 2192 808 2250 modo
820 2191 1018 2249 vehementius
1032 2195 1059 2250 ei
1072 2196 1255 2252 commenda-
1281 2179 1282 2250 l

227 2284 308 2332 retur
327 2276 417 2350 ipsius
438 2277 585 2331 societatis
604 2277 702 2332 unitas
719 2277 925 2351 vinculumque
943 2277 1128 2348 concordiae,
1157 2281 1185 2336 si
1198 2299 1255 2336 non

226 2365 342 2414 tantum
354 2359 433 2412 inter
446 2375 478 2413 se
491 2366 613 2414 naturae
627 2357 832 2430 similitudine,
858 2377 959 2416 verum
972 2362 1057 2416 etiam
1070 2365 1255 2439 cognationis

227 2437 332 2498 affectu
344 2439 478 2496 homines
492 2449 694 2510 necterentur3
721 2441 837 2516 quando
854 2461 910 2500 uec
928 2445 1019 2518 ipsam
1037 2443 1155 2520 quidem
1174 2447 1256 2504 femi-
1281 2423 1282 2484 i

227 2543 296 2581 nam
308 2525 497 2600 copulandam
511 2527 586 2598 viro,
609 2527 689 2582 sicut
700 2526 796 2600 ipsum
815 2544 914 2582 creare
933 2527 976 2582 illi
993 2529 1117 2602 placuit,
1146 2531 1200 2588 sed
1221 2548 1256 2586 cx
1281 2567 1282 2572 κ

227 2609 303 2686 ipso,
322 2618 356 2666 ut
369 2627 454 2668 omne
468 2627 506 2664 ex
517 2608 635 2667 bomine
648 2629 707 2666 uuo
722 2607 931 2666 diffunderetur
942 2627 1034 2686 genus
1047 2609 1216 2672 humanum.

591 2761 713 2820 CAP.
756 2759 893 2818 XXll.

229 2855 306 2920 Quod
315 2855 475 2922 praescierit
483 2854 559 2909 Deus
569 2856 708 2921 bominem,
718 2875 794 2927 quem
800 2857 918 2928 primam
927 2859 1052 2925 coadidit,
1063 2871 1258 2930 peccaturam,¹

260 2923 390 2992 simulque
401 2924 570 2992 praeciderit
580 2931 709 2994 'quautam
720 2927 829 2996 piorum
835 2931 965 2998 populum
975 2947 1009 2983 ex
1018 2930 1076 2982 cias
1082 2948 1183 3002 gessere
1191 2934 1223 2986 ιἰι

353 2993 504 3062 angelicam
514 2993 677 3050 consortium
691 3011 740 3049 suc
751 2999 923 3068 essetgrats’a
933 3003 1126 3054 translaturus.

288 3079 350 3138 Nec
362 3083 515 3160 ignorabat
525 3083 606 3142 Deus
618 3083 765 3144 bominem
776 3097 973 3163 peccaturum,
988 3099 1018 3147 et
1029 3093 1118 3147 morti
1130 3092 1193 3150 iam
1206 3093 1257 3150 ob-
1281 3073 1282 3160 l

226 3165 346 3222 noxium
360 3167 517 3224 morituros
530 3178 774 3248 propagaturum,
794 3188 886 3247 eoque
898 3191 1103 3252 progressuros
1116 3176 1258 3250 peccandi
1281 3161 1282 3210 ἶ

226 3250 408 3306 immanitate
420 3255 573 3325 mortales,
592 3261 625 3308 ut
637 3255 731 3311 tutius
744 3263 832 3330 atque
842 3257 972 3330 pacatius
986 3259 1110 3314 interae
1123 3261 1258 3318 rationa-
1281 3261 1282 3268 ’

225 3334 262 3388 lis
275 3335 436 3391 voluntatis
451 3346 584 3412 expertes
597 3337 708 3394 bestiae
721 3339 766 3394 sui
779 3340 896 3416 generis
909 3341 1057 3412 viverent,
1082 3359 1210 3418 quarum
1223 3363 1259 3401 ex
1281 3375 1282 3388 ι

226 3418 309 3493 aquis
330 3427 360 3474 et
380 3420 467 3474 terris
491 3422 616 3496 plurium
636 3422 789 3495 pullularit
810 3422 977 3497 exordium,
1003 3443 1089 3500 quam
1110 3424 1258 3500 homines,
1281 3431 1282 3488 l

226 3518 350 3576 quorum
363 3520 455 3580 genus
470 3521 507 3560 ex
519 3522 579 3560 uno
598 3512 642 3560 est
658 3502 694 3560 ad
712 3504 965 3566 commendandam
984 3507 1174 3566 concordiam
1191 3529 1260 3586 pro·
1281 3535 1282 3544 ¹

225 3593 372 3663 pagatum.
418 3584 519 3663 Neque
544 3589 623 3644 enim
646 3604 774 3662 unquam
799 3589 876 3644 inter
901 3608 933 3646 se
957 3593 1072 3664 leones,
1098 3602 1153 3650 sut
1181 3596 1282 3662 interl

226 3685 258 3720 se
278 3666 432 3740 dracones,
454 3672 550 3746 qualia
570 3669 701 3726 homines
719 3669 796 3728 b'ells
816 3684 981 3749 gesserunt.
1023 3673 1082 3732 Sed
1102 3677 1282 3752 praevide-¹

227 3749 279 3802 bat
302 3750 389 3806 etiam
408 3756 504 3828 gratia
522 3772 575 3810 sua
590 3753 728 3827 populum
747 3755 862 3827 piorum
885 3759 917 3815 in
940 3758 1125 3834 adoptionem
1146 3779 1262 3820 vocan-

229 3829 311 3902 dum,
337 3835 521 3912 remissique
538 3835 665 3912 peccatis
684 3836 874 3896 iustificatum
891 3839 1002 3918 Spiritu
1021 3852 1123 3900 sancto
1146 3850 1263 3905 sanetis
