2576 4396
245 195 305 255 ΒΕ
330 193 551 257 clvluliss
573 197 651 257 DEI
672 197 870 298 u1133v11u
998 205 1058 264 253
1086 241 1091 254 .

32 369 79 429 per
88 349 257 408 amieitiam-
266 349 387 410 deorum
399 348 520 406 multum
533 347 606 425 apud
617 347 748 408 hemines
759 355 886 410 valeant.
927 353 968 411 lli
981 357 1059 414 enim

33 436 80 490 diie
99 434 205 506 bonis,
230 449 302 508 quoa
315 440 431 488 aanotos
445 431 572 510 Angelos
599 449 658 491 non
684 453 820 492 voeumus
844 437 1058 514 rationumque

33 525 192 587 creaturas,
222 524 343 572 sanetae
355 511 490 571 eoelestis
503 513 710 590 habitationis,
738 521 801 576 aire
815 519 913 592 sedes,
933 521 995 577 sive
1008 521 1058 578 do-

32 601 221 671 minationes,
247 599 311 655 aive
323 598 517 672 principatus,
544 601 606 656 sive
618 610 792 674 potestates,
819 604 905 660 amiei
920 619 985 659 esse
998 623 1059 659 om-

32 685 95 738 uino
108 699 172 740 non
185 689 328 757 possunt;
354 698 371 737 a
382 680 486 756 quibua
497 689 556 738 tam
569 683 658 760 longe
672 683 778 742 obsunt
789 685 882 742 animi
896 683 1059 752 adratione,

31 783 107 842 quam
119 768 214 844 longe
227 763 334 822 abeunt
346 782 364 820 a
375 761 534 822 virtutibus
546 766 630 836 vitia,
645 777 675 823 et
687 785 704 824 a
715 767 845 828 bonitate
856 769 977 826 malitia.

401 913 466 974 CA
490 914 522 974 P.
564 915 688 976 XXV.

60 1010 99 1062 De
108 1011 151 1062 bis
161 1025 232 1078 qaae
250 1008 352 1060 sanetis
362 1009 472 1078 Angelis
482 1019 510 1064 et
517 1011 667 1066 bominibus
671 1021 787 1081 possset
802 1029 856 1066 esse
864 1013 1023 1066 asumma.

85 1098 173 1156 Nullo
185 1096 274 1154 modo
288 1097 380 1176 igitur
392 1100 474 1174 quasi
488 1117 540 1174 per
552 1099 722 1158 daemonum
735 1101 919 1160 medietatem
929 1101 1058 1159 ambien-

37 1183 94 1238 dum
106 1191 153 1238 est
165 1180 204 1238 ad
217 1181 449 1242 benevolentiam
464 1199 515 1240 aaa
531 1183 754 1241 beneficentiam
768 1184 950 1256 deorum,rel
960 1187 1058 1259 potius

37 1267 168 1323 bonorum
179 1265 376 1342 Angelorum
401 1264 452 1320 sed
464 1283 516 1340 per
532 1266 626 1322 bonae
650 1267 810 1324 voluntatis
828 1267 1060 1341 similitudinem,

36 1367 161 1424 quaeum
172 1349 363 1418 illiasnmua,
390 1357 419 1404 et
438 1367 505 1405 eum
521 1349 582 1404 illis
597 1350 738 1420 virimar,
765 1359 796 1406 et
812 1367 877 1407 eum
892 1351 952 1406 illis
965 1347 1059 1406 Deum

36 1449 117 1506 quem
129 1433 227 1487 eolunt
239 1431 378 1503 eolimus,
394 1433 451 1486 etsi
463 1449 512 1488 eos
528 1432 692 1488 carnalibus
705 1433 797 1489 oeulie
808 1431 907 1491 ridere
920 1451 980 1488 non
993 1451 1060 1507 pos·

34 1530 144 1572 numus:
160 1515 350 1590 inquantum
364 1523 462 1570 autom
474 1513 709 1574 dissimilitudine
725 1516 888 1574 voluntatis
902 1526 932 1572 at
945 1515 1059 1594 fragili-

33 1607 89 1656 tate
100 1595 282 1654 infimitatis
295 1598 395 1654 miseri
407 1613 525 1670 summ,
552 1599 585 1656 in
599 1608 714 1656 tantum
740 1599 776 1656 ab
800 1601 842 1656 eis
859 1599 948 1677 longe
961 1617 1059 1656 sumus

35 1684 106 1738 ritae
117 1681 239 1752 merito,
267 1697 332 1738 non·
340 1683 468 1756 eorporis
480 1683 557 1739 loeo.
599 1681 665 1739 Non
680 1685 757 1739 anim
772 1683 841 1758 quis
854 1683 886 1738 in
899 1691 976 1739 terra
990 1699 1059 1738 eon·

35 1763 136 1822 ditione
150 1763 252 1822 earnis
265 1761 446 1834 habitamus,
463 1763 514 1821 red
528 1765 554 1820 si
567 1765 752 1823 immunditie
766 1767 861 1822 cordis
880 1774 997 1822 terrena
1011 1782 1059 1821 aa·

35 1850 136 1922 pimus,
159 1864 223 1904 non
237 1847 280 1905 eis
293 1848 451 1926 iungimur.
494 1846 565 1906 Cum
579 1865 650 1906 vero
663 1867 815 1921 sanamur,
841 1857 875 1904 ut
889 1849 989 1923 quales
1002 1849 1059 1923 ipsi

34 1941 111 2004 sunt,
139 1932 249 2003 simus3
275 1929 333 1988 lide
348 1931 468 1988 interim
485 1931 543 1986 illis
561 1934 801 2009 propinquamus,
828 1933 854 1987 si
871 1932 906 1987 ab
926 1932 979 1987 illo
1004 1949 1058 1988 noe

34 2015 89 2071 ieri
113 2015 235 2084 beatos,
259 2029 278 2071 a
301 2032 359 2090 quo
372 2023 402 2072 et
413 2015 469 2090 ipsi
482 2013 552 2072 laeti
574 2025 657 2089 aunt,
683 2017 771 2074 etiam
796 2015 868 2090 ipsir
894 2013 1058 2071 laventibue

34 2100 182 2156 oredimus.

34 2259 106 2325 Quod
113 2258 203 2312 omum
212 2257 494 2328 religia-paganorum
503 2259 576 2311 es'roa
586 2259 705 2312 domines
717 2256 931 2329 mortuosfuers't
940 2256 1057 2326 impleta.

86 2349 169 2407 Sane
180 2346 392 2406 advertendum
407 2357 452 2406 est
464 2347 606 2426 quomodo
624 2351 681 2406 iste
693 2347 867 2427 Aegyptiae,
892 2365 957 2404 eum
977 2346 1058 2403 dole-

34 2443 73 2490 ret
90 2444 212 2508 tempua
230 2449 293 2488 esse
311 2441 483 2501 venturum,
508 2450 565 2507 quo
587 2433 640 2489 illa
658 2431 844 2488 auferrentur
861 2449 898 2486 ex
916 2432 1058 2506 Aegypto,

34 2535 99 2592 quse
111 2518 260 2573 fateretur
272 2533 290 2572 a
303 2515 425 2572 multum
439 2515 604 2570 errantibus
617 2523 647 2570 et
660 2513 833 2581 ineredulio,
847 2521 877 2569 et
890 2531 908 2569 a
920 2513 1002 2569 eultu
1016 2511 1060 2568 di-

34 2601 111 2656 vinae
123 2599 285 2677 religionis
296 2599 406 2656 aversis
422 2613 486 2654 osae
498 2598 647 2666 inatituta,
661 2597 702 2652 ait
714 2597 792 2652 inter
806 2603 934 2650 eaeterat
953 2593 1060 2664 „Tune

33 2692 124 2753 „terra
138 2685 201 2738 ista
215 2682 399 2738 sanctissima
412 2679 495 2738 sedes
509 2677 692 2744 delubrorum
705 2686 793 2753 utque
805 2677 995 2751 templorum,
1014 2693 1060 2731 se·

34 2768 219 2839 „pulorornm
232 2765 290 2820 erit
301 2774 535 2840 mortuorumque
547 2759 748 2835 plenissima.“
790 2761 883 2828 Queri
896 2760 998 2816 veroni
1008 2759 1060 2816 illa

34 2867 87 2906 uon
99 2849 308 2918 auferrentur,
321 2865 380 2904 non
393 2857 496 2904 eaaent·
505 2845 637 2903 homines
650 2845 799 2916 morituri,
813 2852 864 2900 aut
877 2841 947 2899 alibi
961 2849 1060 2899 esseut

35 2933 134 2990 mortui
146 2927 279 3007 ponendi
291 2947 376 3006 quam
389 2933 420 2987 in
433 2941 521 2988 terra.
563 2925 603 2986 Et
615 2929 715 3004 utique
729 2938 838 3006 quanto
851 2929 916 3003 plus
928 2927 1060 2984 volvere·

35 3023 75 3071 tur
88 3015 231 3090 temporis
245 3022 275 3069 et
287 3011 413 3084 dierum,
438 3023 521 3072 tauto
544 3014 638 3070 maier
656 3022 732 3070 esset
751 3029 889 3070 uumerus
909 3011 1059 3086 repulere·

34 3115 103 3170 rum,
121 3106 247 3174 propter
258 3098 398 3154 maiorem
411 3113 562 3154 numerum
575 3105 762 3154 mortuorum.
806 3095 864 3154 Sed
876 3093 930 3151 boe
943 3093 1060 3152 videtur

36 3179 141 3252 dolere,
167 3177 250 3256 quod
266 3179 423 3236 Memoriae
441 3179 600 3256 blurtyrum
624 3189 794 3236 nostrorum
819 3179 933 3252 templis
960 3195 1061 3236 eorum

36 3261 217 3340 delubrisque
230 3261 434 3320 sueeederent:
460 3272 493 3319 ut
505 3262 641 3320 videlieet
660 3264 709 3338 qui
722 3260 794 3318 haee
811 3264 913 3340 legunt
931 3263 1061 3320 animoa

35 3346 109 3402 nobis
124 3363 233 3405 averso
247 3354 334 3421 atque
346 3355 603 3421 perrumperent
615 3363 633 3401 a
645 3347 767 3422 paganis
781 3344 849 3400 deos
863 3345 955 3400 cultos
969 3343 1059 3400 fuisse

34 3427 60 3484 ia
68 3429 202 3505 templis,
215 3447 234 3486 a
246 3427 329 3485 nobis
341 3437 437 3488 autem
451 3429 506 3486 ooli
519 3437 647 3484 mortuos
660 3429 692 3486 in
706 3427 855 3502 repuleris.
875 3423 969 3482 Tanta
982 3427 1060 3482 enim

33 3506 157 3570 hominen
171 3513 256 3586 impii
269 3513 409 3568 eaeeitate
422 3515 454 3570 in
468 3520 581 3568 montes
593 3509 718 3588 quodam
730 3509 816 3566 modo
829 3505 990 3577 offendunt,
998 3525 1059 3562 rea·

33 3609 82 3665 que
95 3597 202 3652 oeulos
216 3613 283 3651 suos
295 3594 434 3652 lerientes
447 3595 551 3652 nolunt
561 3594 679 3664 videre,
705 3604 739 3649 ut
755 3609 814 3648 non
833 3587 1002 3656 attendant,
1028 3591 1059 3646 iu

34 3679 165 3735 omnibns
178 3679 274 3734 literis
286 3695 464 3756 paganorum
476 3687 527 3736 aut
538 3695 599 3734 non
609 3677 758 3748 «inveniri,
784 3683 836 3730 aut
855 3673 907 3729 rix
931 3673 1060 3730 inveniri

35 3755 113 3832 deor,
142 3761 194 3835 qui
207 3777 266 3818 uon
278 3759 409 3818 hominen
421 3763 545 3831 fuerint,
569 3759 747 3833 mortuisque
761 3757 853 3814 divini
865 3753 992 3835 bonores
1012 3757 1061 3812 de-

36 3841 80 3896 lati
95 3847 169 3901 sint.
214 3845 324 3905 Omitto
339 3845 416 3920 quod
431 3845 523 3904 Varro
538 3843 624 3913 dicit,
638 3860 738 3898 omnen
751 3841 786 3898 ab
800 3843 841 3896 eiu
856 3848 985 3897 mortuos
999 3843 1061 3896 exi-
