2590 4396
203 225 260 283 148
429 214 527 275 DlVl
548 211 736 271 AVREbll
756 207 1007 269 AVGVSTINI

141 363 144 368 ¹
198 376 263 430 sine
278 387 395 428 suarum
408 368 534 443 partium
547 366 766 436 convenientia,
786 373 815 420 at
827 361 951 438 quadam
963 363 1055 418 veluti
1066 381 1137 438 paee
1150 364 1235 421 dere-

198 457 296 532 llquit3
319 453 399 508 nullo
412 449 497 506 modo
512 458 557 505 est
569 448 730 504 credendus
743 465 837 525 regna
849 445 999 502 hominum
1012 464 1168 522 eorumque
1182 448 1235 504 do-

197 539 372 594 minationes
388 542 418 590 et
430 533 587 589 servitutes
605 550 622 587 a
638 550 708 588 suae
720 529 923 606 providentiae
936 527 1050 604 legibus
1063 531 1174 586 alienas
1189 549 1236 586 es-

196 641 227 678 se
242 621 379 677 voluisse.

584 689 649 754 CA
671 697 702 754 P.
747 695 842 754 Xll.

197 798 299 863 Quibus
311 795 428 847 moribus
439 793 548 860 antiqui
557 793 674 846 Romani
683 793 847 857 meruerint,
867 803 899 846 ut
913 793 989 846 Deus
1004 808 1096 854 verses,
1115 794 1236 858 quesnois

389 880 441 916 nun
451 878 511 914 eum
520 865 647 926 colerent,
662 879 754 915 eorum
765 872 882 933 augeret
890 863 1042 932 imperium.

259 953 389 1011 Proinde
402 951 553 1008 videamus
564 969 636 1025 quos
647 951 847 1008 Romanorum
857 971 966 1024 mores,
981 962 1011 1009 et
1018 969 1106 1026 quam
1118 949 1154 1005 ob
1166 967 1237 1005 eeu-

196 1059 259 1095 sam
272 1037 355 1094 Deus
368 1051 456 1092 verus
471 1032 507 1089 sd
521 1033 687 1111 augendum
708 1035 862 1110 imperium
876 1034 1014 1092 adiuvare
1028 1034 1237 1111 dignatusest,

196 1125 228 1179 in
242 1122 323 1177 ouius
336 1125 479 1194 potestate
494 1124 563 1172 sunt
577 1116 666 1173 etiam
677 1133 771 1196 regna
784 1127 911 1174 terrena.
932 1117 1015 1185 Quod
1029 1125 1062 1173 ut
1074 1116 1238 1172 absolutius

197 1205 343 1261 disserere
355 1217 523 1277 possemus,
550 1197 587 1254 ad
604 1197 659 1258 hoo
675 1202 874 1276 pertinentem
888 1209 918 1257 et
936 1203 1116 1274 superiorem
1129 1199 1240 1255 librum

197 1287 438 1360 conscripsimus,
453 1281 529 1358 quod
543 1283 574 1338 in
588 1281 642 1339 hae
655 1303 688 1339 re
700 1292 829 1359 potestas
843 1284 923 1340 nulla
937 1285 977 1339 sit
989 1301 1090 1339 eorum
1102 1281 1240 1353 deorum,

197 1389 268 1448 quos
287 1371 376 1425 etiam
392 1366 479 1424 rebus
501 1368 666 1444 nugatoriis
689 1365 825 1424 oolendos
843 1375 996 1443 putarunt,
1024 1373 1054 1421 et
1069 1367 1241 1439 proesentis

196 1453 352 1512 voluminis
365 1459 462 1526 partas
477 1449 642 1525 superiores
656 1469 727 1526 quas
744 1448 902 1527 hueusque
917 1449 1117 1525 perduximus,
1132 1447 1168 1502 de
1181 1448 1242 1504 lati

197 1537 369 1614 quaestione
383 1533 527 1590 tollendo:
551 1551 589 1589 ne
603 1535 754 1609 quisquam
768 1535 815 1590 eui
828 1535 886 1590 iam
899 1549 1071 1608 persuasum
1085 1539 1163 1586 esset
1175 1549 1241 1587 non

196 1622 313 1679 illorum
331 1617 453 1674 deorum
472 1617 551 1673 eultu
570 1614 735 1673 Romanum
756 1616 910 1690 imperium
931 1621 1126 1692 propagatum
1149 1622 1242 1688 atque

197 1711 361 1774 servatum,
379 1702 480 1757 neseio
494 1701 541 1755 eui
554 1699 614 1756 fato
627 1699 726 1773 potius
741 1698 770 1754 id
784 1695 941 1767 tribueret,
959 1715 1044 1772 quem
1059 1695 1117 1751 Dei
1131 1699 1239 1756 summi

128 1810 140 1825 ·
196 1786 418 1861 potentissimae
430 1783 584 1840 voluntati.
598 1776 720 1836 Veteres
731 1782 824 1857 igitur
834 1781 978 1855 primique
991 1778 1128 1851 Romani,
1141 1797 1241 1854 quun-

196 1879 259 1926 tum
274 1886 375 1924 eorum
390 1865 476 1920 docet
489 1873 519 1918 et
532 1863 715 1918 commendat
727 1861 861 1934 historia,
880 1863 1011 1938 qualmvis
1025 1871 1059 1918 ut
1071 1863 1146 1918 aliae
1159 1881 1241 1940 gen-

195 1962 257 2023 tes,
285 1957 408 2022 exeepta
421 1963 479 2002 una
490 1945 590 2019 populi
602 1943 822 2018 Hebraeorum,
849 1945 919 2001 deos
933 1945 1022 2001 falsos
1037 1946 1183 2015 eolerent,
1209 1957 1243 2002 et

196 2053 256 2090 non
267 2032 332 2090 Deo
342 2031 488 2099 victimas,
502 2026 554 2082 sed
564 2025 725 2084 daemoniis
739 2029 939 2101 immolarent3
953 2037 1051 2084 tomen
1064 2027 1157 2085 laudis
1171 2031 1241 2085 avi-

197 2117 237 2189 di,
256 2115 400 2190 pecuniae
413 2111 550 2167 liberales
565 2119 660 2182 erant,
685 2113 810 2190 gloriam
823 2113 986 2190 ingentem,
1011 2109 1128 2168 divitius
1142 2109 1241 2168 hone-

196 2209 255 2255 stes
268 2197 420 2254 volebant:
434 2191 509 2250 hano
522 2193 726 2251 ardentissime
739 2195 917 2267 dilexerunt,
931 2202 1049 2270 propter
1060 2191 1137 2251 hano
1151 2194 1242 2250 vive-

195 2300 228 2337 re
241 2281 409 2349 voluerunt,
422 2295 475 2352 pro
488 2275 543 2334 hae
557 2286 587 2334 et
600 2279 676 2334 mori
687 2297 747 2335 non
762 2278 977 2335 dubitaverunt.
1001 2275 1139 2334 Caeteros
1153 2281 1241 2351 eupi-

196 2364 301 2419 ditates
315 2360 401 2417 huius
415 2361 502 2416 unius
520 2362 638 2440 ingenti
656 2362 1006 2438 eupiditatepresserunt.
1041 2360 1136 2435 lpsem
1149 2359 1241 2417 deni-

195 2465 251 2521 que
263 2445 388 2521 patrism
401 2463 493 2516 suam,
509 2446 646 2520 quoniam
661 2448 774 2504 servire
788 2442 941 2503 videbatur
954 2445 1123 2522 inglorium,
1139 2441 1238 2501 domi·

196 2531 261 2584 nari
274 2546 345 2585 vero
359 2536 446 2604 atque
460 2528 603 2603 imperare
617 2529 788 2605 gloriosum,
801 2530 883 2603 prius
897 2530 978 2585 omni
991 2527 1085 2584 studio
1100 2525 1240 2601 liberam,

195 2610 301 2668 deinde
314 2611 461 2670 dominam
475 2629 540 2668 esse
553 2615 775 2686 concupierunt.
799 2611 879 2670 Hine
893 2627 938 2668 est
950 2611 1026 2688 quod
1037 2611 1169 2688 regalem
1184 2611 1240 2666 slo-

194 2697 387 2752 minationem
398 2714 461 2752 non
473 2694 615 2764 ferentes,
639 2714 737 2751 annua
750 2697 872 2770 imperia
886 2696 1029 2770 binosque
1042 2696 1240 2769 imperatores

194 2779 250 2834 sibi
264 2779 409 2847 fecerunt,
423 2777 473 2850 qni
487 2778 623 2832 eonsules
636 2779 773 2851 appellati
788 2787 859 2834 sunt
871 2797 888 2834 a
901 2775 1095 2848 consulendo,
1110 2796 1172 2834 non
1186 2797 1240 2834 re-

194 2879 247 2939 ges
266 2869 316 2916 aut
334 2859 447 2916 domini
464 2875 482 2913 a
501 2858 655 2935 regnando
675 2869 762 2935 atque
782 2859 973 2918 damnando:
1011 2880 1078 2918 eum
1098 2869 1128 2917 et
1146 2879 1239 2940 reges

194 2945 297 3017 utique
311 2961 328 2998 a
341 2941 471 3020 regendo
485 2940 556 2997 dieti
567 2943 672 2998 melius
686 2943 857 3017 videantur,
885 2953 917 3001 ut
931 2963 1057 3022 ragnum
1070 2963 1087 3002 a
1101 2944 1239 3023 regibus,

194 3044 280 3103 reges
295 3034 407 3095 autem,
431 3033 464 3080 ut
477 3023 587 3080 dietum
601 3035 661 3096 est,
685 3028 860 3106 aregend03
887 3028 938 3085 sed
951 3028 1044 3085 festus
1057 3031 1159 3106 regius
1174 3047 1240 3086 nou

194 3108 349 3181 disoiplina
360 3115 461 3182 putata
475 3117 521 3164 est
533 3111 678 3186 regentis,
691 3113 740 3169 vel
752 3113 959 3168 benevolentia
973 3113 1168 3184 consulentis,
1183 3113 1240 3168 sed

194 3189 330 3266 superbia
343 3189 532 3248 dominantis.
556 3191 687 3268 Expulso
703 3195 800 3270 itsque
812 3213 884 3273 rege
892 3193 1068 3272 Tarquinio,
1084 3204 1114 3251 et
1126 3214 1240 3252 oonsu-

192 3274 270 3332 libus
284 3275 444 3346 institutis,
472 3283 604 3332 secutum
623 3287 669 3333 est
687 3276 763 3353 quod
782 3278 859 3334 idem
872 3288 973 3336 auctor
986 3279 1018 3334 in
1032 3277 1242 3335 Romanorum
1279 3271 1282 3279 ’

192 3356 326 3414 laudibus
336 3359 444 3433 posuit,
458 3358 536 3435 quod
547 3360 663 3432 divitas,
676 3359 850 3426 ineredibile
863 3370 1025 3419 memoratu
1036 3372 1092 3434 est,
1107 3361 1242 3435 „adepta

192 3441 351 3512 „libertate
364 3451 504 3516 quantum
515 3443 599 3500 brevi
612 3445 750 3515 eraserit,
764 3452 847 3500 tanta
858 3443 962 3520 oupido
976 3447 1089 3523 gloriae
1102 3446 1240 3501 incesse-

192 3526 293 3594 „rat.“
319 3523 380 3580 lsta
394 3542 466 3603 ergo
479 3525 575 3588 lmrdis
589 3525 714 3582 ariditas
727 3535 757 3582 et
767 3527 880 3602 eupido‘
887 3530 1001 3606 gloriae
1014 3531 1105 3585 multa
1116 3529 1167 3584 ille
1178 3531 1239 3584 mi-

192 3607 283 3663 randa
296 3607 383 3678 feeit,
410 3607 566 3665 laudabilia
585 3610 698 3665 soilieet
717 3617 806 3686 atque
822 3611 952 3688 gloriosa
965 3610 1126 3669 seeundum
1138 3609 1239 3669 homi-

193 3706 262 3744 num
276 3691 533 3747 existimationem.

255 3770 368 3829 Laudat
379 3771 456 3828 idem
469 3771 626 3830 Sallustius
638 3775 817 3850 temporibus
832 3777 893 3832 suis
908 3796 1032 3857 magnos
1052 3789 1082 3835 et
1100 3782 1240 3853 praeele-

193 3872 241 3910 ros
254 3856 349 3926 viros,
375 3854 505 3915 Marsum
518 3855 659 3914 Catonem
674 3867 705 3914 et
718 3857 819 3916 Caium
834 3858 1005 3935 Gaesarem,
1033 3862 1134 3919 dieens
1157 3864 1240 3940 quod
