2586 4396
260 206 317 264 DE
345 208 559 272 ClVlTllTE
586 217 663 275 lJEl
692 221 770 280 utu.
792 225 882 287 x1v.
1037 237 1077 294 33

42 359 140 412 moria
153 359 356 416 recentissima
370 366 482 435 experti
495 377 571 422 sunt.
594 368 751 448 Presbyter
764 375 822 432 fuit
832 381 948 454 quidam
959 391 1077 446 nomine

41 441 215 498 Restitutua
230 442 261 497 in
274 447 408 517 paroecia
422 445 599 508 Coloniensi·
614 457 765 530 ecelesiae,
787 463 836 535 qui
848 466 961 539 quando
975 471 1001 524 ei
1014 475 1076 545 pla-

40 525 145 594 cebat,
170 519 346 602 (rogabatur
363 539 457 586 autem
477 543 511 589 ut
527 533 582 591 boc
594 535 704 596 laceret
717 541 752 596 ab
767 544 808 598 eis
822 548 871 620 qui
883 567 946 605 rern
957 554 1076 610 mirabi-

36 610 99 663 lem
113 626 214 663 coram
228 611 303 664 noire
316 607 505 699 cupiebant,)
530 618 566 674 ad
584 621 710 680 unitates
725 629 806 700 quasi
824 630 1010 690 lamentantis
1024 655 1075 694 cu-

34 691 163 746 iuslibet
175 689 303 748 hominis
317 713 419 769 voces,
443 699 484 755 ita
502 719 533 757 se
547 703 696 762 auferebat
708 727 726 764 a
739 712 889 785 sensibus,
915 727 945 772 et
962 720 1076 778 iacebat

37 775 209 830 simillimus
223 785 353 850 mortuo;
378 789 411 835 ut
430 800 489 838 non
513 787 606 844 solum
622 791 793 849 vellicantes
813 804 898 871 etque
910 813 1074 880 pungentes

37 859 162 912 minime
176 861 312 932 sentiret,
326 862 377 918 sed
389 866 543 940 aliquando
557 873 646 928 etiem
658 875 728 952 igne
741 886 870 934 uteretur
883 883 1012 958 admoto,
1033 890 1073 943 si-

37 960 80 996 ne
93 943 152 996 ulio
169 941 279 999 doloris
293 963 395 1018 sensu,
414 950 473 1005 niti
489 955 671 1026 postmodum
689 978 726 1014 ex
739 963 876 1021 vulnere:
903 986 962 1024 non
977 981 1074 1027 eutem

37 1025 213 1098 obnitendo,
228 1027 279 1082 sed
293 1048 352 1085 non
366 1034 518 1100 sentiendo
532 1056 591 1094 non
604 1058 722 1098 movere
737 1063 857 1120 corpus,
884 1068 918 1105 co
930 1053 1072 1126 probaba-

34 1120 101 1180 tur,
130 1110 209 1184 quod
228 1121 366 1187 tanquam
381 1115 413 1172 in
427 1115 562 1177 defuncto
581 1125 680 1180 nullus
694 1127 898 1188 inveniebatur
911 1133 1072 1195 anhelitus:

33 1191 188 1250 hominurn
201 1203 298 1250 tamen
313 1215 411 1270 voces,
426 1202 451 1255 si
465 1203 572 1260 clarius
584 1207 790 1283 loquerentur,
805 1223 944 1290 tanquam
959 1217 994 1274 de
1007 1222 1071 1277 lon-

32 1279 149 1355 ginquo
163 1296 194 1333 se
207 1277 310 1335 audire
321 1292 423 1354 postea
436 1286 589 1344 referebat.
625 1291 721 1356 Quum
739 1295 838 1369 itaque
862 1317 964 1374 eorpus
985 1305 1073 1360 etiam

34 1380 121 1416 nune
135 1363 317 1436 quibusdam,
343 1367 412 1422 licet
430 1369 462 1424 in
482 1388 571 1426 carne
590 1377 771 1449 corruptibili
783 1376 858 1436 hanc
870 1400 1073 1444 aerumnosam

32 1445 212 1501 ducentibus
224 1447 331 1519 vitam,
358 1451 399 1506 ita
416 1447 448 1508 i'n
464 1455 610 1531 plerisque
628 1453 805 1518 motionibus
823 1473 855 1520 et
871 1463 1071 1527 affectionibus

30 1539 120 1584 extra
134 1531 273 1587 usitatum
292 1542 414 1590 naturae
438 1537 553 1594 modum
572 1541 745 1599 mirabiliter
763 1549 887 1620 serviat,
915 1552 984 1626 quid
1001 1573 1070 1611 cau·

30 1633 83 1668 sac
99 1621 156 1684 est,
170 1623 269 1671 utnon
280 1617 430 1676 credamus
442 1630 511 1678 ante
521 1623 736 1683 inobedientiae
745 1641 898 1704 peecatum
909 1639 1069 1710 corruptio-

28 1698 141 1772 nisque
159 1699 343 1773 aupplicium‚
370 1703 407 1758 ad
424 1707 639 1783 propagandam
655 1713 766 1785 prolem
785 1716 849 1771 aine
867 1719 927 1775 ulla
949 1720 1070 1778 libidine

30 1783 147 1837 servire
160 1783 304 1840 voluntati
317 1782 443 1844 humana
455 1789 583 1848 membra
594 1792 744 1868 potuisscl
764 1795 899 1858 Donatus
913 1812 958 1858 eat
970 1805 1069 1880 itaque

27 1863 118 1920 homo
132 1865 205 1936 sibi,
229 1869 298 1942 quia
317 1867 444 1928 deseruit
456 1871 551 1930 Deum
562 1877 704 1950 placendo
718 1881 788 1938 sibi:
811 1893 842 1939 et
854 1903 915 1942 non
930 1887 1068 1945 obediens

27 1949 105 2020 Deo,
131 1967 195 2006 non
213 1953 312 2024 potuit
329 1952 445 2012 obedire
468 1976 522 2014 nec
546 1959 610 2016 sibi.
650 1961 730 2020 Hinc
753 1966 916 2024 evidentior
938 1972 1067 2043 miseria,

27 2051 84 2108 qua
97 2033 188 2089 bomo
202 2053 263 2091 non
275 2037 351 2092 vivit
362 2047 395 2094 ut
406 2041 478 2096 vult.
496 2040 572 2098 Nam
585 2045 611 2098 ai
623 2054 656 2100 ut
668 2047 757 2102 vellet
769 2051 893 2121 viveret,
907 2051 1023 2110 beatum
1036 2071 1067 2109 ae

26 2127 159 2192 putaret:
178 2118 230 2174 sed
243 2137 297 2176 nee
311 2121 354 2176 sic
369 2129 569 2196 tamencum,
583 2128 609 2180 oi
623 2129 746 2202 turpiter
758 2132 879 2187 viveret.

404 2273 527 2332 CAP.
568 2277 692 2336 XXV.

140 2365 259 2422 Decem
270 2368 447 2436 beatitudine,
457 2387 537 2441 quam
547 2378 701 2444 temporalia
712 2379 770 2432 aito
780 2397 832 2434 non
842 2383 952 2440 obtinet.

90 2459 265 2534 Quanquam
279 2461 306 2515 si
319 2460 488 2539 diligentius
501 2466 695 2539 attendamus,
714 2472 773 2525 nisi
784 2471 896 2543 beatus,
916 2494 975 2532 non
989 2479 1064 2534 vivit
1119 2489 1121 2494 ’

22 2552 56 2597 ut
68 2545 148 2598 vult:
164 2553 194 2598 et
206 2545 303 2599 nullus
317 2543 430 2616 beatus,
444 2546 503 2600 nisi
515 2547 617 2603 instare.
648 2547 707 2606 Sed
720 2555 808 2608 etiam
820 2555 882 2627 ipse
896 2559 989 2614 iustus
1002 2578 1064 2618 noa
1138 2563 1142 2574 '

21 2627 100 2682 vivit
113 2635 148 2680 ut
159 2629 232 2699 vult,
247 2629 309 2684 nisi
323 2647 357 2684 eo
369 2630 552 2704 pervenerit,
572 2631 623 2687 ubi
635 2635 721 2705 mori,
735 2635 807 2708 falli,
823 2635 930 2694 offendi
944 2644 1062 2699 omnino

20 2728 87 2766 non
109 2712 216 2784 poarit3
243 2713 327 2787 eique
345 2713 385 2768 sit
403 2721 530 2784 eertum,
554 2715 597 2770 ita
617 2734 730 2792 semper
743 2717 883 2778 futurum.
905 2722 970 2780 Hoc
985 2727 1062 2782 eninr

20 2803 137 2849 natura
152 2797 275 2870 expetit:
296 2815 351 2853 nec
363 2797 450 2870 plene
464 2805 550 2873 atque
562 2799 693 2874 perfecte
706 2801 791 2859 beata
805 2807 871 2878 erit,
886 2809 945 2864 nisi
958 2808 1063 2884 adepta

18 2876 104 2952 quod
123 2881 242 2953 expetit.
277 2879 363 2936 Nunc
381 2899 451 2936 vero
472 2883 535 2957 quis
553 2880 702 2940 hominurn
719 2896 816 2962 potest
829 2900 861 2946 ut
873 2893 936 2948 vult
947 2894 1060 2967 vivere,

17 2959 139 3036 quando
160 2964 254 3037 ipsum
271 2965 372 3020 vivere
389 2975 514 3032 nonest
527 2968 559 3023 in
577 2967 742 3043 potestatcl
772 2971 878 3032 Vivere
893 2978 971 3033 enim
984 2981 1059 3050 vult,

14 3047 94 3102 mori
109 3049 238 3125 cogitur.
265 3048 414 3115 Quomodo
429 3067 500 3128 ergo
514 3052 588 3108 vivit
600 3063 635 3109 ut
647 3056 720 3127 vult,
734 3059 858 3132 quinon
872 3062 947 3118 vivit
957 3079 1058 3137 quarn-

14 3131 66 3186 diu
81 3127 170 3187 vultl
185 3132 269 3197 Quod
283 3133 309 3186 si
323 3135 397 3188 mori
409 3135 547 3206 voluerit,
561 3137 705 3211 quomodo
716 3150 813 3214 potest
826 3152 860 3200 ut
871 3147 935 3201 vult
946 3147 1058 3218 vivere,

15 3217 66 3288 qui
80 3234 145 3272 non
159 3216 225 3271 vult
236 3211 355 3272 viverel
378 3215 418 3272 Et
431 3218 457 3271 si
471 3217 536 3274 idco
549 3221 625 3276 mori
637 3223 722 3294 velit,
742 3242 803 3280 non
818 3244 874 3300 quo
888 3230 963 3284 nolit
974 3231 1057 3286 vive·

12 3318 58 3366 rc,
75 3298 130 3354 aed
144 3307 180 3354 ut
193 3309 395 3372 postmortem
408 3301 510 3356 melius
524 3304 619 3360 vivat:
633 3305 761 3361 nondum
773 3325 842 3384 ergo
852 3319 886 3365 ut
894 3313 959 3366 vult
972 3314 1056 3384 vivit,

12 3381 69 3436 sed
85 3401 176 3456 quum
190 3383 270 3439 adid
284 3383 359 3458 quod
371 3384 443 3454 vult,
457 3385 606 3442 moriendo
619 3391 795 3462 pervenerit.
809 3389 917 3447 Verum
930 3411 997 3449 ecee
1010 3397 1057 3450 vi-

11 3476 68 3522 vat
77 3467 195 3538 utrrrlt,
208 3469 346 3542 quoniam
356 3468 411 3523 ribi
418 3470 542 3522 extorsit
549 3467 661 3545 sibique
668 3472 821 3545 imperavit
833 3493 893 3530 non
899 3476 1057 3549 vellequod

12 3569 77 3606 non
98 3559 214 3624 potest,
241 3560 329 3626 atque
348 3549 402 3608 hoc
420 3553 495 3607 velle
509 3551 585 3625 quod
601 3563 713 3626 potest3
740 3557 817 3614 sicut
830 3558 872 3612 ait
887 3555 1055 3630 Terentius,

13 3635 166 3701 Quoniam
179 3653 241 3691 non
255 3627 351 3709 potest
363 3635 394 3690 id
406 3634 471 3690 lieri
484 3634 562 3709 quod
573 3637 629 3708 ris,
643 3638 673 3692 id
685 3640 757 3694 velis
772 3639 844 3714 quod
858 3641 965 3714 possit:
986 3659 1055 3699 nunt

12 3718 78 3774 ideo
95 3718 204 3774 beatus
219 3727 275 3790 est,
289 3719 356 3793 quia
367 3721 514 3794 patienter
530 3718 619 3775 miser
638 3717 700 3776 esti
726 3720 814 3778 Beata
833 3725 937 3800 quippe
955 3725 1016 3783 vito
1030 3728 1056 3782 ri

12 3819 72 3860 non
90 3812 211 3859 amatur
225 3821 285 3858 non
298 3799 427 3858 habetur.
459 3799 550 3856 Porro
564 3804 589 3857 ai
602 3812 714 3860 amatur
733 3815 762 3861 et
774 3803 911 3881 habetur,
931 3812 1054 3867 caeteris

12 3887 155 3944 omnibus
175 3887 264 3942 rebus
279 3887 468 3952 excellentius
483 3904 603 3942 necesse
618 3898 663 3943 eat
682 3900 809 3948 ametur:
837 3894 973 3968 quoniam
985 3913 1054 3972 pro·

72 3965 166 4044 11„
741 3973 763 4030 o
