2530 4392
140 143 141 146 ‘
193 164 254 220 sno
424 121 524 216 btvr
548 151 1017 224 sunannnvcvsrtnr

599 307 725 368 cnr.
769 306 829 364 1v.

184 393 235 448 De
255 391 428 448 naturalibos
448 390 590 459 exemplis,
615 405 727 458 qnorum
743 386 923 442 consideratio
939 387 1050 451 doceat,
1070 405 1152 457 posce
1173 391 1238 445 inter

420 461 560 513 cruciatus
570 459 689 512 niventia
700 474 814 528 corpore
820 473 988 528 pemanere.

255 572 440 645 Quapropter
454 569 497 641 si,
511 577 545 624 ut
558 569 740 644 scripserunt
752 569 803 644 qui
815 575 936 624 naturas
950 565 1127 624 animalium
1142 570 1234 626 curio-

191 657 252 712 sius
266 653 463 732 indagarunt,
477 651 661 708 salamandra
674 653 706 708 in
720 651 840 730 ignibus
854 651 946 722 vivit3
962 649 1131 724 etquidem
1145 655 1233 708 notis-

190 740 257 795 simi
270 735 392 794 Siciliae
404 745 537 807 montes,
553 737 603 811 qui
617 744 699 792 tanta
713 735 908 792 diuturnitate
921 735 1064 807 temporis
1082 744 1176 810 atque
1188 755 1234 794 re·

189 831 404 896 tartareusque
419 839 497 876 nunc
512 829 542 876 et
554 818 691 894 deinceps
703 817 830 876 flammis
842 826 995 888 aestuant,
1020 826 1113 892 atque
1127 821 1235 897 integri

189 913 396 981 perseverant,
412 905 483 960 satis
498 901 599 960 idonei
615 911 706 960 testes
720 912 806 975 tunt,
821 921 881 960 non
894 919 980 958 omne
994 899 1075 976 quod
1088 901 1176 958 ardet
1188 904 1234 959 ab·

189 990 283 1060 sumi;
310 997 340 1042 et
353 988 452 1043 anima
472 985 600 1059 indicat,
619 1005 687 1044 non
702 1005 788 1042 omrte
802 985 879 1062 quod
892 983 990 1042 dolere
1003 994 1125 1059 potest,
1149 1005 1236 1061 posse

190 1072 278 1127 etiam
291 1071 383 1127 mori:
402 1071 471 1147 quid
484 1069 578 1127 adbuc
591 1089 609 1126 a
622 1071 706 1127 nobis
719 1087 818 1126 rerum
831 1077 991 1145 poscuntur
1006 1071 1161 1144 exempla,
1173 1072 1235 1146 qui-

188 1155 243 1210 bus
257 1153 429 1225 doceamus,
445 1173 503 1214 non
516 1173 581 1210 erre
594 1153 784 1226 incredibile,
808 1162 841 1210 ut
853 1151 1005 1210 bominum
1019 1171 1150 1228 corpora
1163 1172 1234 1210 sem-

87 1231 90 1236 ’
188 1239 306 1314 piterno
328 1239 469 1313 supplicio
489 1239 676 1314 punitorum,
699 1247 729 1294 et
741 1239 774 1294 in
786 1239 858 1316 igne
872 1238 999 1293 aninram
1011 1255 1075 1293 non
1089 1239 1233 1307 amittant,

190 1317 220 1378 et
234 1323 299 1378 sine
314 1321 489 1379 detrimento
503 1321 642 1394 ardeant,
670 1331 701 1380 et
714 1323 778 1378 siue
791 1323 914 1378 interitu
927 1315 1071 1377 doleanti
1108 1319 1233 1377 Habebit

189 1407 269 1462 enim
281 1415 353 1463 tunc
367 1405 453 1464 istam
467 1402 550 1483 [ista]
567 1407 664 1462 earnis
679 1405 844 1462 substantia
856 1401 1027 1480 qualitatem
1039 1404 1077 1461 ab
1091 1405 1146 1461 illo
1161 1405 1231 1460 indi·

187 1498 267 1561 tam,
295 1491 345 1565 qui
358 1498 418 1546 tam
431 1491 520 1548 miras
536 1498 566 1546 et
578 1490 677 1546 varias
691 1498 737 1547 tot
748 1490 837 1546 rebus
851 1487 977 1560 indidit,
1004 1505 1078 1562 quas
1090 1487 1231 1560 videmur,

188 1582 223 1629 ut
237 1591 303 1642 eas,
318 1574 387 1647 quia
400 1574 510 1629 multae
527 1582 616 1646 sunt,
630 1592 691 1630 non
704 1573 854 1630 miremur·
898 1571 969 1639 Quis
984 1572 1064 1627 enim
1080 1573 1144 1628 nisi
1157 1571 1230 1628 Deus

189 1663 307 1712 creator
330 1657 463 1712 omnium
485 1655 566 1712 dedit
588 1658 672 1712 carni
695 1658 820 1732 pavonis
843 1656 952 1713 mortui
971 1673 1011 1711 ne
1028 1653 1230 1729 putrescerctl

189 1737 274 1805 Quod
290 1757 381 1812 quum
394 1737 527 1794 auditum
539 1739 714 1797 incredibile
726 1739 896 1810 videretur,
911 1739 1012 1796 evenit
1025 1747 1060 1794 ut
1073 1739 1155 1814 apud
1167 1739 1229 1796 Car-

188 1819 339 1898 thaginem
353 1821 436 1878 nobis
451 1831 536 1878 cocta
548 1833 746 1897 apponeretur
757 1817 830 1881 baec
838 1825 923 1880 avis:
948 1821 984 1878 de
1006 1823 1094 1878 ouius
1114 1833 1228 1897 pectore

186 1906 357 1980 pulparum,
385 1914 528 1981 quantum
551 1907 648 1963 visum
672 1915 729 1980 est,
755 1907 924 1983 decerptum
937 1907 1050 1963 serrari
1078 1907 1229 1962 iussimus.

187 1987 264 2064 quod
276 1998 343 2064 post
356 1985 470 2070 dieram
483 1991 753 2064 tantumspatiuas,
780 2000 891 2067 quanto
911 1991 969 2046 alia
989 2004 1060 2046 caro
1083 2007 1228 2064 quaeeun-

188 2089 244 2146 que
257 2081 338 2129 cocta
350 2083 551 2148 putresceret,
576 2076 724 2149 prolatum
736 2085 824 2150 atquc
837 2075 982 2144 oblatum,
1009 2071 1086 2129 nihil
1101 2085 1227 2130 noenum

186 2153 310 2212 offendit
334 2156 481 2214 olfactum.
525 2157 658 2234 ltemque
675 2159 837 2234 repositum
850 2167 917 2234 post
930 2156 992 2214 dies
1006 2157 1134 2232 amplius
1149 2176 1228 2234 quan

180 2241 330 2318 triginta,
357 2240 435 2296 ideas
447 2241 524 2315 quod
540 2251 603 2299 erat
614 2243 767 2300 inventum
781 2251 841 2300 est:
868 2241 1004 2318 idemque
1021 2250 1093 2316 post
1113 2260 1228 2310 annum,

186 2324 246 2378 nisi
273 2323 351 2397 qnod
375 2325 556 2398 aliquantum
581 2327 782 2401 corpulentiae
806 2327 941 2384 siccioris
968 2333 998 2382 ct
1023 2327 1227 2382 contractioris

186 2403 252 2460 fuit.
289 2407 362 2474 Quis
375 2409 476 2481 paleae
490 2407 570 2466 dedit
582 2411 631 2466 vel
645 2419 706 2466 tans
719 2409 860 2488 frigidam
873 2411 950 2481 vim,
963 2417 999 2466 ut
1010 2407 1134 2466 obrutas
1149 2411 1226 2466 uires

186 2499 300 2562 servet3
324 2491 371 2546 vel
385 2499 445 2547 tam
457 2489 616 2563 fervidam,
629 2501 662 2550 ut
675 2511 762 2568 poma
773 2495 929 2552 immatura
940 2489 1090 2549 maturati

248 2571 295 2630 De
314 2575 377 2648 ipso
392 2575 462 2652 igne
474 2577 549 2633 mira
562 2577 628 2652 quis
642 2578 790 2652 explicet,
817 2595 873 2654 quo
898 2592 1031 2654 quaeque
1053 2575 1161 2633 adusta
1184 2579 1226 2632 ni·

186 2667 347 2734 greocunt,
375 2676 465 2733 quum
477 2661 541 2735 ipsc
554 2661 594 2718 sit
605 2660 737 2732 lucidus3
764 2670 794 2717 ct
809 2679 884 2736 pene
898 2661 997 2717 omnia
1009 2677 1086 2735 quae
1099 2661 1190 2718 ambit
1201 2673 1226 2716 et

185 2740 305 2812 lambit,
320 2743 419 2798 colore
431 2742 644 2818 pulcherrimus
659 2743 826 2816 decolorat,
852 2754 942 2820 atque
956 2761 994 2800 ex
1006 2762 1105 2818 pruna
1116 2743 1224 2823 fulgida

185 2824 344 2882 carbonem
357 2827 541 2883 teterrimum
553 2823 674 2886 redditi
704 2827 808 2904 Neque
820 2828 850 2886 id
864 2830 949 2904 quasi
961 2829 1145 2906 regulariter
1157 2828 1223 2884 deli·

184 2908 282 2962 nitum
295 2918 356 2964 est:
385 2927 453 2964 nam
468 2928 484 2964 e
503 2913 652 2968 contrario
667 2911 776 2987 lapides
789 2913 861 2990 igne
874 2911 1018 2972 candente
1031 2913 1185 2985 percocti,
1198 2923 1224 2967 ct

183 2991 241 3062 ipsi
259 2989 336 3047 liunt
360 2991 494 3063 candidi,
521 3002 551 3048 et
564 2997 698 3068 quamvis
712 2997 763 3052 ille
774 2998 869 3074 magis
882 2994 1002 3065 rubeat,
1030 2996 1076 3051 illi
1102 2996 1223 3052 albicent

184 3071 299 3148 [albido
321 3075 420 3130 colore
446 3074 632 3154 nitescantJ,
660 3081 799 3158 congruit
823 3089 923 3136 tamen
950 3080 1010 3135 luci
1031 3078 1111 3154 quod
1131 3080 1222 3136 album
1259 3081 1260 3090 ’

184 3164 246 3226 est,
262 3157 338 3212 sicut
351 3159 471 3236 nigrum
481 3161 622 3220 tenebris.
645 3164 740 3230 Quum
754 3164 854 3240 itaque
867 3165 947 3242 ignis
961 3164 993 3218 in
1006 3163 1100 3240 lignis
1114 3163 1221 3232 ardeat,

182 3247 217 3296 ut
227 3239 340 3314 lapides
355 3253 481 3318 coquat,
506 3247 673 3302 contrarios
688 3244 776 3303 babet
788 3266 849 3304 non
863 3249 894 3303 in
910 3247 1068 3312 contrariis
1081 3247 1171 3303 rebus
1184 3246 1220 3302 ei-

182 3322 287 3380 fectus.
329 3324 394 3382 Etsi
414 3329 493 3384 enim
506 3329 616 3404 lapides
632 3340 661 3386 ct
674 3331 757 3407 ligna
771 3331 887 3388 diversa
901 3339 987 3387 sunt:
1016 3333 1169 3386 contraria
1182 3343 1220 3386 tr·
1259 3391 1260 3402 ,

181 3425 250 3464 men
264 3427 324 3466 non
338 3419 424 3482 sunt,
451 3413 528 3469 sicut
549 3413 648 3470 album
673 3423 703 3470 et
725 3415 860 3492 nigrum,
887 3431 1011 3489 quorum
1029 3413 1064 3470 in
1081 3413 1220 3488 lapidibus
1259 3443 1260 3452 ι

180 3509 274 3548 unum
286 3492 373 3566 facit,
387 3496 513 3552 alterum
526 3497 558 3553 in
571 3497 679 3574 lignis,
699 3499 795 3554 clarur
809 3499 876 3554 illos
892 3495 1075 3569 clarificans,
1089 3494 1164 3554 baec
1177 3497 1218 3554 ab·

181 3572 315 3648 inscans3
341 3597 429 3654 quum
441 3580 474 3636 in
487 3580 545 3636 illis
560 3580 716 3650 deficeret,
738 3581 798 3638 nisi
811 3583 843 3638 in
856 3581 921 3638 istis
934 3581 1058 3637 viveret.
1105 3580 1217 3650 Quiiir

98 3700 102 3710 ,
182 3656 374 3732 carbonibus,
401 3663 648 3722 nonnemirauda
662 3673 708 3720 est
722 3673 751 3720 et
764 3673 848 3722 tanta
860 3663 1035 3736 infirmitas,
1061 3672 1097 3720 ut
1111 3665 1173 3722 ictu
1183 3666 1218 3720 le-

181 3740 301 3797 vissimo
315 3741 508 3821 frangantur,
532 3765 638 3821 pressu
650 3747 791 3805 facillimo
805 3756 1010 3818 conterantur;
1037 3755 1068 3804 et
1080 3755 1166 3806 mata
1177 3748 1219 3804 tir·

179 3822 284 3896 mites,
309 3833 341 3880 ut
354 3828 435 3884 nullo
447 3827 569 3888 humore
584 3841 827 3908 corrumpantur,
854 3832 935 3890 nulla
948 3837 1044 3889 aetate
1057 3831 1220 3903 cinnatu,
