<?xml version="1.0" encoding="UTF-8"?>
<!DOCTYPE html PUBLIC "-//W3C//DTD XHTML 1.0 Transitional//EN"
    "http://www.w3.org/TR/xhtml1/DTD/xhtml1-transitional.dtd">
<html xmlns="http://www.w3.org/1999/xhtml" xml:lang="en" lang="en">
 <head>
  <title>
</title>
<meta http-equiv="Content-Type" content="text/html;charset=utf-8" />
  <meta name='ocr-system' content='tesseract 3.04.00' />
  <meta name='ocr-capabilities' content='ocr_page ocr_carea ocr_par ocr_line ocrx_word'/>
</head>
<body>
  <div class='ocr_page' id='page_1' title='image "./saureliiaugusti02augugoog_0633.png"; bbox 0 0 2538 4392; ppageno 0'>
   <div class='ocr_carea' id='block_1_1' title="bbox 215 195 1018 262">
    <p class='ocr_par' dir='ltr' id='par_1_1' title="bbox 215 195 1018 262">
     <span class='ocr_line' id='line_1_1' title="bbox 215 195 1018 262; baseline -0.006 -1"><span class='ocrx_word' id='word_1_1' title='bbox 215 199 278 262; x_wconf 75' lang='lat'><strong>214</strong></span> <span class='ocrx_word' id='word_1_2' title='bbox 444 195 542 256; x_wconf 87' lang='lat' dir='ltr'><strong>DlVl</strong></span> <span class='ocrx_word' id='word_1_3' title='bbox 562 197 745 257; x_wconf 82' lang='lat' dir='ltr'><strong>AVRELll</strong></span> <span class='ocrx_word' id='word_1_4' title='bbox 765 196 1018 258; x_wconf 81' lang='lat' dir='ltr'><strong>AVGVSTlNl</strong></span> 
     </span>
    </p>
   </div>
   <div class='ocr_carea' id='block_1_2' title="bbox 112 341 1241 424">
    <p class='ocr_par' dir='ltr' id='par_1_2' title="bbox 112 341 1241 424">
     <span class='ocr_line' id='line_1_2' title="bbox 112 341 1241 424; baseline 0.004 -16"><span class='ocrx_word' id='word_1_5' title='bbox 112 341 115 346; x_wconf 43' lang='lat'>¹</span> <span class='ocrx_word' id='word_1_6' title='bbox 217 356 390 423; x_wconf 73' lang='lat' dir='ltr'><strong>interpretes</strong></span> <span class='ocrx_word' id='word_1_7' title='bbox 406 346 612 424; x_wconf 73' lang='lat' dir='ltr'><strong>Septuaginta,</strong></span> <span class='ocrx_word' id='word_1_8' title='bbox 631 349 727 406; x_wconf 89' lang='lat' dir='ltr'><strong>noluit</strong></span> <span class='ocrx_word' id='word_1_9' title='bbox 741 368 775 406; x_wconf 88' lang='lat' dir='ltr'><strong>en</strong></span> <span class='ocrx_word' id='word_1_10' title='bbox 787 351 937 424; x_wconf 82' lang='lat' dir='ltr'><strong>peristos,</strong></span> <span class='ocrx_word' id='word_1_11' title='bbox 958 351 1009 406; x_wconf 85' lang='lat' dir='ltr'><strong>sed</strong></span> <span class='ocrx_word' id='word_1_12' title='bbox 1022 368 1076 424; x_wconf 91' lang='lat' dir='ltr'><strong>per</strong></span> <span class='ocrx_word' id='word_1_13' title='bbox 1093 354 1165 411; x_wconf 84' lang='lat' dir='ltr'><strong>illos</strong></span> <span class='ocrx_word' id='word_1_14' title='bbox 1177 353 1241 413; x_wconf 81' lang='lat' dir='ltr'><strong>Pro</strong></span> 
     </span>
    </p>
   </div>
   <div class='ocr_carea' id='block_1_3' title="bbox 214 429 1244 1416">
    <p class='ocr_par' dir='ltr' id='par_1_3' title="bbox 214 429 1244 1416">
     <span class='ocr_line' id='line_1_3' title="bbox 214 429 1241 516; baseline 0.01 -30"><span class='ocrx_word' id='word_1_15' title='bbox 214 429 381 511; x_wconf 87' lang='lat' dir='ltr'><strong>phetesDei</strong></span> <span class='ocrx_word' id='word_1_16' title='bbox 394 431 521 503; x_wconf 80' lang='lat' dir='ltr'><strong>Spiritus</strong></span> <span class='ocrx_word' id='word_1_17' title='bbox 535 429 639 486; x_wconf 73' lang='lat' dir='ltr'><strong>dicerer</strong></span> <span class='ocrx_word' id='word_1_18' title='bbox 684 433 828 508; x_wconf 82' lang='lat' dir='ltr'><strong>Quicquid</strong></span> <span class='ocrx_word' id='word_1_19' title='bbox 841 451 910 489; x_wconf 87' lang='lat' dir='ltr'><strong>vero</strong></span> <span class='ocrx_word' id='word_1_20' title='bbox 924 442 969 488; x_wconf 91' lang='lat' dir='ltr'><strong>est</strong></span> <span class='ocrx_word' id='word_1_21' title='bbox 981 435 1059 508; x_wconf 87' lang='lat' dir='ltr'><strong>apud</strong></span> <span class='ocrx_word' id='word_1_22' title='bbox 1069 434 1241 516; x_wconf 84' lang='lat' dir='ltr'><strong>Septuagin-</strong></span> 
     </span>
     <span class='ocr_line' id='line_1_4' title="bbox 215 511 1240 592; baseline 0.008 -21"><span class='ocrx_word' id='word_1_23' title='bbox 215 526 260 583; x_wconf 86' lang='lat' dir='ltr'><strong>ta,</strong></span> <span class='ocrx_word' id='word_1_24' title='bbox 284 516 316 570; x_wconf 91' lang='lat' dir='ltr'><strong>in</strong></span> <span class='ocrx_word' id='word_1_25' title='bbox 329 511 473 570; x_wconf 74' lang='lat' dir='ltr'><strong>Hebraeis</strong></span> <span class='ocrx_word' id='word_1_26' title='bbox 487 522 584 568; x_wconf 81' lang='lat' dir='ltr'><strong>entem</strong></span> <span class='ocrx_word' id='word_1_27' title='bbox 598 512 745 570; x_wconf 85' lang='lat' dir='ltr'><strong>codicibus</strong></span> <span class='ocrx_word' id='word_1_28' title='bbox 760 533 819 572; x_wconf 91' lang='lat' dir='ltr'><strong>non</strong></span> <span class='ocrx_word' id='word_1_29' title='bbox 837 524 894 586; x_wconf 86' lang='lat' dir='ltr'><strong>est,</strong></span> <span class='ocrx_word' id='word_1_30' title='bbox 919 535 972 590; x_wconf 89' lang='lat' dir='ltr'><strong>per</strong></span> <span class='ocrx_word' id='word_1_31' title='bbox 987 518 1062 572; x_wconf 89' lang='lat' dir='ltr'><strong>istos</strong></span> <span class='ocrx_word' id='word_1_32' title='bbox 1083 532 1119 576; x_wconf 87' lang='lat' dir='ltr'><strong>ea</strong></span> <span class='ocrx_word' id='word_1_33' title='bbox 1137 525 1240 592; x_wconf 86' lang='lat' dir='ltr'><strong>maluit,</strong></span> 
     </span>
     <span class='ocr_line' id='line_1_5' title="bbox 216 593 1240 680; baseline 0.012 -30"><span class='ocrx_word' id='word_1_34' title='bbox 216 613 301 670; x_wconf 85' lang='lat' dir='ltr'><strong>quam</strong></span> <span class='ocrx_word' id='word_1_35' title='bbox 314 604 367 668; x_wconf 79' lang='lat' dir='ltr'><strong>p&#39;er</strong></span> <span class='ocrx_word' id='word_1_36' title='bbox 380 596 462 665; x_wconf 90' lang='lat' dir='ltr'><strong>illos,</strong></span> <span class='ocrx_word' id='word_1_37' title='bbox 488 593 566 650; x_wconf 89' lang='lat' dir='ltr'><strong>idem</strong></span> <span class='ocrx_word' id='word_1_38' title='bbox 581 593 708 668; x_wconf 80' lang='lat' dir='ltr'><strong>Spiritus</strong></span> <span class='ocrx_word' id='word_1_39' title='bbox 723 597 834 669; x_wconf 78' lang='lat' dir='ltr'><strong>dicere,</strong></span> <span class='ocrx_word' id='word_1_40' title='bbox 854 599 899 654; x_wconf 90' lang='lat' dir='ltr'><strong>sic</strong></span> <span class='ocrx_word' id='word_1_41' title='bbox 913 597 1090 672; x_wconf 70' lang='lat' dir='ltr'><strong>ostendens,</strong></span> <span class='ocrx_word' id='word_1_42' title='bbox 1108 613 1240 680; x_wconf 81' lang='lat' dir='ltr'><strong>utrosque</strong></span> 
     </span>
     <span class='ocr_line' id='line_1_6' title="bbox 214 673 1240 761; baseline 0.011 -29"><span class='ocrx_word' id='word_1_43' title='bbox 214 677 305 733; x_wconf 83' lang='lat' dir='ltr'><strong>inisse</strong></span> <span class='ocrx_word' id='word_1_44' title='bbox 319 674 487 751; x_wconf 87' lang='lat' dir='ltr'><strong>Prophetas.</strong></span> <span class='ocrx_word' id='word_1_45' title='bbox 523 673 584 732; x_wconf 82' lang='lat' dir='ltr'><strong>&#39;lsto</strong></span> <span class='ocrx_word' id='word_1_46' title='bbox 598 679 676 734; x_wconf 92' lang='lat' dir='ltr'><strong>enim</strong></span> <span class='ocrx_word' id='word_1_47' title='bbox 689 680 773 736; x_wconf 88' lang='lat' dir='ltr'><strong>modo</strong></span> <span class='ocrx_word' id='word_1_48' title='bbox 786 681 844 738; x_wconf 87' lang='lat' dir='ltr'><strong>alie</strong></span> <span class='ocrx_word' id='word_1_49' title='bbox 857 699 909 754; x_wconf 92' lang='lat' dir='ltr'><strong>per</strong></span> <span class='ocrx_word' id='word_1_50' title='bbox 921 679 1055 754; x_wconf 84' lang='lat' dir='ltr'><strong>Esaiam,</strong></span> <span class='ocrx_word' id='word_1_51' title='bbox 1068 685 1133 748; x_wconf 78' lang='lat' dir='ltr'><strong>alie</strong></span> <span class='ocrx_word' id='word_1_52' title='bbox 1145 701 1195 761; x_wconf 87' lang='lat' dir='ltr'><strong>per</strong></span> <span class='ocrx_word' id='word_1_53' title='bbox 1205 685 1240 742; x_wconf 83' lang='lat' dir='ltr'><strong>le·</strong></span> 
     </span>
     <span class='ocr_line' id='line_1_7' title="bbox 214 759 1239 836; baseline 0.009 -20"><span class='ocrx_word' id='word_1_54' title='bbox 214 761 350 828; x_wconf 84' lang='lat' dir='ltr'><strong>remimu,</strong></span> <span class='ocrx_word' id='word_1_55' title='bbox 367 760 424 814; x_wconf 86' lang='lat' dir='ltr'><strong>alia</strong></span> <span class='ocrx_word' id='word_1_56' title='bbox 436 777 489 832; x_wconf 90' lang='lat' dir='ltr'><strong>per</strong></span> <span class='ocrx_word' id='word_1_57' title='bbox 502 759 682 834; x_wconf 85' lang='lat' dir='ltr'><strong>nliumatqne</strong></span> <span class='ocrx_word' id='word_1_58' title='bbox 693 761 969 836; x_wconf 89' lang='lat' dir='ltr'><strong>alinmProphctam,</strong></span> <span class='ocrx_word' id='word_1_59' title='bbox 984 767 1032 820; x_wconf 87' lang='lat' dir='ltr'><strong>vel</strong></span> <span class='ocrx_word' id='word_1_60' title='bbox 1046 768 1138 823; x_wconf 83' lang='lat' dir='ltr'><strong>aliter</strong></span> <span class='ocrx_word' id='word_1_61' title='bbox 1152 769 1239 826; x_wconf 86' lang='lat' dir='ltr'><strong>eaden</strong></span> 
     </span>
     <span class='ocr_line' id='line_1_8' title="bbox 214 839 1239 927; baseline 0.012 -31"><span class='ocrx_word' id='word_1_62' title='bbox 214 859 267 916; x_wconf 88' lang='lat' dir='ltr'><strong>per</strong></span> <span class='ocrx_word' id='word_1_63' title='bbox 280 839 356 896; x_wconf 88' lang='lat' dir='ltr'><strong>hunc</strong></span> <span class='ocrx_word' id='word_1_64' title='bbox 369 858 403 895; x_wconf 90' lang='lat' dir='ltr'><strong>ae</strong></span> <span class='ocrx_word' id='word_1_65' title='bbox 417 841 562 914; x_wconf 92' lang='lat' dir='ltr'><strong>perillum</strong></span> <span class='ocrx_word' id='word_1_66' title='bbox 577 839 666 913; x_wconf 86' lang='lat' dir='ltr'><strong>dixit,</strong></span> <span class='ocrx_word' id='word_1_67' title='bbox 694 853 728 898; x_wconf 90' lang='lat' dir='ltr'><strong>nt</strong></span> <span class='ocrx_word' id='word_1_68' title='bbox 740 845 843 901; x_wconf 86' lang='lat' dir='ltr'><strong>voluit.</strong></span> <span class='ocrx_word' id='word_1_69' title='bbox 888 846 1034 920; x_wconf 82' lang='lat' dir='ltr'><strong>Quicquid</strong></span> <span class='ocrx_word' id='word_1_70' title='bbox 1060 863 1152 922; x_wconf 86' lang='lat' dir='ltr'><strong>porro</strong></span> <span class='ocrx_word' id='word_1_71' title='bbox 1176 853 1239 927; x_wconf 84' lang='lat' dir='ltr'><strong>apud</strong></span> 
     </span>
     <span class='ocr_line' id='line_1_9' title="bbox 214 923 1238 1007; baseline 0.012 -29"><span class='ocrx_word' id='word_1_72' title='bbox 214 933 353 995; x_wconf 88' lang='lat' dir='ltr'><strong>utrosque</strong></span> <span class='ocrx_word' id='word_1_73' title='bbox 366 923 532 992; x_wconf 84' lang='lat' dir='ltr'><strong>invenitur,</strong></span> <span class='ocrx_word' id='word_1_74' title='bbox 550 941 601 996; x_wconf 91' lang='lat' dir='ltr'><strong>per</strong></span> <span class='ocrx_word' id='word_1_75' title='bbox 615 933 753 1000; x_wconf 86' lang='lat' dir='ltr'><strong>utrosque</strong></span> <span class='ocrx_word' id='word_1_76' title='bbox 768 925 865 982; x_wconf 80' lang='lat' dir='ltr'><strong>dicere</strong></span> <span class='ocrx_word' id='word_1_77' title='bbox 877 929 970 984; x_wconf 86' lang='lat' dir='ltr'><strong>voluit</strong></span> <span class='ocrx_word' id='word_1_78' title='bbox 980 947 1057 986; x_wconf 83' lang='lat' dir='ltr'><strong>unns</strong></span> <span class='ocrx_word' id='word_1_79' title='bbox 1074 943 1162 1007; x_wconf 84' lang='lat' dir='ltr'><strong>etque</strong></span> <span class='ocrx_word' id='word_1_80' title='bbox 1171 935 1238 990; x_wconf 86' lang='lat' dir='ltr'><strong>idern</strong></span> 
     </span>
     <span class='ocr_line' id='line_1_10' title="bbox 216 1003 1238 1091; baseline 0.014 -32"><span class='ocrx_word' id='word_1_81' title='bbox 216 1003 357 1076; x_wconf 78' lang='lat' dir='ltr'><strong>Spiritus:</strong></span> <span class='ocrx_word' id='word_1_82' title='bbox 383 1003 435 1058; x_wconf 89' lang='lat' dir='ltr'><strong>sed</strong></span> <span class='ocrx_word' id='word_1_83' title='bbox 447 1006 503 1074; x_wconf 85' lang='lat' dir='ltr'><strong>ita,</strong></span> <span class='ocrx_word' id='word_1_84' title='bbox 521 1015 554 1060; x_wconf 90' lang='lat' dir='ltr'><strong>nt</strong></span> <span class='ocrx_word' id='word_1_85' title='bbox 566 1005 612 1060; x_wconf 94' lang='lat' dir='ltr'><strong>illi</strong></span> <span class='ocrx_word' id='word_1_86' title='bbox 624 1007 832 1080; x_wconf 80' lang='lat' dir='ltr'><strong>praecederent</strong></span> <span class='ocrx_word' id='word_1_87' title='bbox 842 1008 1059 1084; x_wconf 88' lang='lat' dir='ltr'><strong>prophetando,</strong></span> <span class='ocrx_word' id='word_1_88' title='bbox 1084 1017 1136 1070; x_wconf 89' lang='lat' dir='ltr'><strong>isti</strong></span> <span class='ocrx_word' id='word_1_89' title='bbox 1147 1033 1238 1091; x_wconf 78' lang='lat' dir='ltr'><strong>seque·</strong></span> 
     </span>
     <span class='ocr_line' id='line_1_11' title="bbox 214 1084 1241 1166; baseline 0.017 -27"><span class='ocrx_word' id='word_1_90' title='bbox 214 1093 319 1140; x_wconf 87' lang='lat' dir='ltr'><strong>rentur</strong></span> <span class='ocrx_word' id='word_1_91' title='bbox 331 1084 501 1159; x_wconf 87' lang='lat' dir='ltr'><strong>prophetice</strong></span> <span class='ocrx_word' id='word_1_92' title='bbox 515 1087 582 1142; x_wconf 88' lang='lat' dir='ltr'><strong>illos</strong></span> <span class='ocrx_word' id='word_1_93' title='bbox 601 1089 832 1163; x_wconf 85' lang='lat' dir='ltr'><strong>interpretand03</strong></span> <span class='ocrx_word' id='word_1_94' title='bbox 859 1095 927 1166; x_wconf 85' lang='lat' dir='ltr'><strong>quia</strong></span> <span class='ocrx_word' id='word_1_95' title='bbox 943 1095 1018 1150; x_wconf 88' lang='lat' dir='ltr'><strong>sicut</strong></span> <span class='ocrx_word' id='word_1_96' title='bbox 1035 1097 1074 1152; x_wconf 88' lang='lat' dir='ltr'><strong>in</strong></span> <span class='ocrx_word' id='word_1_97' title='bbox 1104 1100 1163 1154; x_wconf 91' lang='lat' dir='ltr'><strong>illis</strong></span> <span class='ocrx_word' id='word_1_98' title='bbox 1177 1117 1241 1157; x_wconf 82' lang='lat' dir='ltr'><strong>rere</strong></span> 
     </span>
     <span class='ocr_line' id='line_1_12' title="bbox 216 1167 1241 1249; baseline 0.018 -28"><span class='ocrx_word' id='word_1_99' title='bbox 216 1167 466 1224; x_wconf 85' lang='lat' dir='ltr'><strong>ctconcordantin</strong></span> <span class='ocrx_word' id='word_1_100' title='bbox 480 1167 642 1226; x_wconf 76' lang='lat' dir='ltr'><strong>dicentibus</strong></span> <span class='ocrx_word' id='word_1_101' title='bbox 667 1189 743 1228; x_wconf 85' lang='lat' dir='ltr'><strong>unus</strong></span> <span class='ocrx_word' id='word_1_102' title='bbox 767 1175 847 1245; x_wconf 84' lang='lat' dir='ltr'><strong>paci</strong></span> <span class='ocrx_word' id='word_1_103' title='bbox 856 1172 987 1248; x_wconf 84' lang='lat' dir='ltr'><strong>Spiritu</strong></span> <span class='ocrx_word' id='word_1_104' title='bbox 1001 1175 1075 1249; x_wconf 85' lang='lat' dir='ltr'><strong>fuit,</strong></span> <span class='ocrx_word' id='word_1_105' title='bbox 1099 1183 1143 1236; x_wconf 85' lang='lat' dir='ltr'><strong>sie</strong></span> <span class='ocrx_word' id='word_1_106' title='bbox 1168 1193 1196 1238; x_wconf 90' lang='lat' dir='ltr'><strong>et</strong></span> <span class='ocrx_word' id='word_1_107' title='bbox 1215 1185 1241 1238; x_wconf 87' lang='lat' dir='ltr'><strong>in</strong></span> 
     </span>
     <span class='ocr_line' id='line_1_13' title="bbox 215 1249 1244 1334; baseline 0.018 -31"><span class='ocrx_word' id='word_1_108' title='bbox 215 1249 282 1304; x_wconf 87' lang='lat' dir='ltr'><strong>istis</strong></span> <span class='ocrx_word' id='word_1_109' title='bbox 296 1267 356 1304; x_wconf 90' lang='lat' dir='ltr'><strong>non</strong></span> <span class='ocrx_word' id='word_1_110' title='bbox 371 1267 469 1316; x_wconf 86' lang='lat' dir='ltr'><strong>seeum</strong></span> <span class='ocrx_word' id='word_1_111' title='bbox 482 1251 716 1318; x_wconf 82' lang='lat' dir='ltr'><strong>conferentibus,</strong></span> <span class='ocrx_word' id='word_1_112' title='bbox 734 1261 763 1310; x_wconf 86' lang='lat' dir='ltr'><strong>&#39;et</strong></span> <span class='ocrx_word' id='word_1_113' title='bbox 776 1262 872 1330; x_wconf 86' lang='lat' dir='ltr'><strong>tamen</strong></span> <span class='ocrx_word' id='word_1_114' title='bbox 885 1266 1025 1334; x_wconf 76' lang='lat' dir='ltr'><strong>tanquam</strong></span> <span class='ocrx_word' id='word_1_115' title='bbox 1039 1278 1101 1318; x_wconf 85' lang='lat' dir='ltr'><strong>uno</strong></span> <span class='ocrx_word' id='word_1_116' title='bbox 1116 1281 1166 1320; x_wconf 86' lang='lat' dir='ltr'><strong>ore</strong></span> <span class='ocrx_word' id='word_1_117' title='bbox 1179 1283 1244 1322; x_wconf 88' lang='lat' dir='ltr'><strong>cun·</strong></span> 
     </span>
     <span class='ocr_line' id='line_1_14' title="bbox 216 1332 1022 1416; baseline 0.011 -29"><span class='ocrx_word' id='word_1_118' title='bbox 216 1339 264 1388; x_wconf 84' lang='lat' dir='ltr'><strong>cta</strong></span> <span class='ocrx_word' id='word_1_119' title='bbox 275 1332 546 1408; x_wconf 76' lang='lat' dir='ltr'><strong>interpretantibus,</strong></span> <span class='ocrx_word' id='word_1_120' title='bbox 559 1333 635 1390; x_wconf 89' lang='lat' dir='ltr'><strong>idem</strong></span> <span class='ocrx_word' id='word_1_121' title='bbox 650 1333 778 1411; x_wconf 85' lang='lat' dir='ltr'><strong>Spiritus</strong></span> <span class='ocrx_word' id='word_1_122' title='bbox 791 1353 868 1395; x_wconf 88' lang='lat' dir='ltr'><strong>unus</strong></span> <span class='ocrx_word' id='word_1_123' title='bbox 881 1343 1022 1416; x_wconf 80' lang='lat' dir='ltr'><strong>apparuit.</strong></span> 
     </span>
    </p>
   </div>
   <div class='ocr_carea' id='block_1_4' title="bbox 219 1497 1243 1806">
    <p class='ocr_par' dir='ltr' id='par_1_4' title="bbox 219 1497 1243 1806">
     <span class='ocr_line' id='line_1_15' title="bbox 575 1497 892 1560; baseline 0.016 -6"><span class='ocrx_word' id='word_1_124' title='bbox 575 1497 597 1554; x_wconf 84' lang='lat' dir='ltr'>C</span> <span class='ocrx_word' id='word_1_125' title='bbox 626 1499 651 1558; x_wconf 84' lang='grc' dir='ltr'><strong>Α</strong></span> <span class='ocrx_word' id='word_1_126' title='bbox 677 1499 708 1558; x_wconf 88' lang='grc' dir='ltr'><strong>Ρ.</strong></span> <span class='ocrx_word' id='word_1_127' title='bbox 752 1499 892 1560; x_wconf 77' lang='lat' dir='ltr'>XLIV.</span> 
     </span>
     <span class='ocr_line' id='line_1_16' title="bbox 219 1589 1243 1662; baseline 0.021 -23"><span class='ocrx_word' id='word_1_128' title='bbox 219 1589 292 1652; x_wconf 81' lang='lat' dir='ltr'><strong>Quid</strong></span> <span class='ocrx_word' id='word_1_129' title='bbox 302 1589 502 1656; x_wconf 78' lang='lat' dir='ltr'><strong>intelligendum</strong></span> <span class='ocrx_word' id='word_1_130' title='bbox 519 1591 556 1642; x_wconf 79' lang='lat' dir='ltr'><strong>eit</strong></span> <span class='ocrx_word' id='word_1_131' title='bbox 571 1593 602 1644; x_wconf 82' lang='lat' dir='ltr'><strong>de</strong></span> <span class='ocrx_word' id='word_1_132' title='bbox 611 1591 793 1648; x_wconf 74' lang='lat' dir='ltr'><strong>Ninivitarum</strong></span> <span class='ocrx_word' id='word_1_133' title='bbox 811 1593 926 1662; x_wconf 75' lang='lat' dir='ltr'><strong>excidio,</strong></span> <span class='ocrx_word' id='word_1_134' title='bbox 946 1599 1021 1653; x_wconf 76' lang='lat' dir='ltr'><strong>meins</strong></span> <span class='ocrx_word' id='word_1_135' title='bbox 1040 1605 1210 1660; x_wconf 75' lang='lat' dir='ltr'><strong>denunb‘atio</strong></span> <span class='ocrx_word' id='word_1_136' title='bbox 1222 1608 1243 1660; x_wconf 88' lang='grc' dir='ltr'><strong>ιί</strong></span> 
     </span>
     <span class='ocr_line' id='line_1_17' title="bbox 224 1653 1187 1746; baseline 0.024 -43"><span class='ocrx_word' id='word_1_137' title='bbox 224 1713 225 1718; x_wconf 13' lang='lat'>¹</span> <span class='ocrx_word' id='word_1_138' title='bbox 282 1653 407 1706; x_wconf 84' lang='lat' dir='ltr'><strong>Hebraeo</strong></span> <span class='ocrx_word' id='word_1_139' title='bbox 419 1657 601 1726; x_wconf 78' lang='lat' dir='ltr'><strong>quadraginta</strong></span> <span class='ocrx_word' id='word_1_140' title='bbox 611 1660 713 1740; x_wconf 68' lang='lat' dir='ltr'><strong>dierum</strong></span> <span class='ocrx_word' id='word_1_141' title='bbox 722 1663 809 1742; x_wconf 75' lang='lat' dir='ltr'><strong>spatio</strong></span> <span class='ocrx_word' id='word_1_142' title='bbox 821 1667 947 1746; x_wconf 65' lang='lat' dir='ltr'><strong>tenditur,</strong></span> <span class='ocrx_word' id='word_1_143' title='bbox 963 1667 992 1719; x_wconf 82' lang='lat' dir='ltr'><strong>in</strong></span> <span class='ocrx_word' id='word_1_144' title='bbox 1002 1669 1187 1738; x_wconf 69' lang='lat' dir='ltr'><strong>Septuaginta</strong></span> 
     </span>
     <span class='ocr_line' id='line_1_18' title="bbox 480 1727 984 1806; baseline 0.026 -33"><span class='ocrx_word' id='word_1_145' title='bbox 480 1733 568 1775; x_wconf 83' lang='lat' dir='ltr'><strong>antem</strong></span> <span class='ocrx_word' id='word_1_146' title='bbox 579 1727 662 1776; x_wconf 73' lang='lat' dir='ltr'><strong>trador</strong></span> <span class='ocrx_word' id='word_1_147' title='bbox 672 1729 804 1806; x_wconf 71' lang='lat' dir='ltr'><strong>brevitate</strong></span> <span class='ocrx_word' id='word_1_148' title='bbox 810 1734 984 1786; x_wconf 77' lang='lat' dir='ltr'><strong>concludetur.</strong></span> 
     </span>
    </p>
   </div>
   <div class='ocr_carea' id='block_1_5' title="bbox 200 1820 1245 3306">
    <p class='ocr_par' dir='ltr' id='par_1_5' title="bbox 200 1820 1245 3306">
     <span class='ocr_line' id='line_1_19' title="bbox 278 1820 1241 1918; baseline 0.026 -40"><span class='ocrx_word' id='word_1_149' title='bbox 278 1820 336 1878; x_wconf 88' lang='lat' dir='ltr'><strong>Sed</strong></span> <span class='ocrx_word' id='word_1_150' title='bbox 349 1825 392 1880; x_wconf 86' lang='lat' dir='ltr'><strong>ait</strong></span> <span class='ocrx_word' id='word_1_151' title='bbox 404 1825 523 1900; x_wconf 86' lang='lat' dir='ltr'><strong>aliquis:</strong></span> <span class='ocrx_word' id='word_1_152' title='bbox 551 1828 701 1893; x_wconf 82' lang='lat' dir='ltr'><strong>Quomodo</strong></span> <span class='ocrx_word' id='word_1_153' title='bbox 718 1835 809 1890; x_wconf 80' lang='lat' dir='ltr'><strong>scium</strong></span> <span class='ocrx_word' id='word_1_154' title='bbox 828 1837 896 1913; x_wconf 82' lang='lat' dir='ltr'><strong>qnid</strong></span> <span class='ocrx_word' id='word_1_155' title='bbox 909 1835 994 1896; x_wconf 88' lang='lat' dir='ltr'><strong>Ionas</strong></span> <span class='ocrx_word' id='word_1_156' title='bbox 1013 1841 1159 1918; x_wconf 80' lang='lat' dir='ltr'><strong>propbeta</strong></span> <span class='ocrx_word' id='word_1_157' title='bbox 1173 1846 1241 1902; x_wconf 83' lang='lat' dir='ltr'><strong>dixe-</strong></span> 
     </span>
     <span class='ocr_line' id='line_1_20' title="bbox 215 1903 1242 1998; baseline 0.025 -39"><span class='ocrx_word' id='word_1_158' title='bbox 215 1907 255 1960; x_wconf 92' lang='lat' dir='ltr'><strong>rit</strong></span> <span class='ocrx_word' id='word_1_159' title='bbox 267 1903 421 1978; x_wconf 88' lang='lat' dir='ltr'><strong>Ninivitis,</strong></span> <span class='ocrx_word' id='word_1_160' title='bbox 435 1905 699 1981; x_wconf 81' lang='lat' dir='ltr'><strong>utrum,Triduum,</strong></span> <span class='ocrx_word' id='word_1_161' title='bbox 713 1923 743 1970; x_wconf 85' lang='lat' dir='ltr'><strong>et</strong></span> <span class='ocrx_word' id='word_1_162' title='bbox 755 1912 863 1977; x_wconf 78' lang='lat' dir='ltr'><strong>Ninive</strong></span> <span class='ocrx_word' id='word_1_163' title='bbox 878 1921 1039 1995; x_wconf 70' lang='lat' dir='ltr'><strong>morietur,</strong></span> <span class='ocrx_word' id='word_1_164' title='bbox 1047 1939 1091 1982; x_wconf 76' lang='lat' dir='ltr'><strong>‘an</strong></span> <span class='ocrx_word' id='word_1_165' title='bbox 1107 1927 1242 1998; x_wconf 74' lang='lat' dir='ltr'><strong>‘Quadra-</strong></span> 
     </span>
     <span class='ocr_line' id='line_1_21' title="bbox 214 1987 1243 2086; baseline 0.024 -45"><span class='ocrx_word' id='word_1_166' title='bbox 214 1989 301 2062; x_wconf 78' lang='lat' dir='ltr'><strong>ginta</strong></span> <span class='ocrx_word' id='word_1_167' title='bbox 316 1987 399 2046; x_wconf 79' lang='lat' dir='ltr'><strong>dies?</strong></span> <span class='ocrx_word' id='word_1_168' title='bbox 426 1990 496 2056; x_wconf 82' lang='lat' dir='ltr'><strong>Quis</strong></span> <span class='ocrx_word' id='word_1_169' title='bbox 510 1993 588 2048; x_wconf 92' lang='lat' dir='ltr'><strong>enim</strong></span> <span class='ocrx_word' id='word_1_170' title='bbox 602 2011 661 2049; x_wconf 90' lang='lat' dir='ltr'><strong>non</strong></span> <span class='ocrx_word' id='word_1_171' title='bbox 675 1995 787 2067; x_wconf 85' lang='lat' dir='ltr'><strong>videat,</strong></span> <span class='ocrx_word' id='word_1_172' title='bbox 801 2012 861 2058; x_wconf 84' lang='lat' dir='ltr'><strong>non</strong></span> <span class='ocrx_word' id='word_1_173' title='bbox 872 2005 999 2078; x_wconf 83' lang='lat' dir='ltr'><strong>potuisse</strong></span> <span class='ocrx_word' id='word_1_174' title='bbox 1010 2003 1243 2086; x_wconf 68' lang='lat' dir='ltr'><strong>utrumquemne</strong></span> 
     </span>
     <span class='ocr_line' id='line_1_22' title="bbox 216 2067 1242 2150; baseline 0.026 -28"><span class='ocrx_word' id='word_1_175' title='bbox 216 2068 274 2124; x_wconf 91' lang='lat' dir='ltr'><strong>dici</strong></span> <span class='ocrx_word' id='word_1_176' title='bbox 287 2087 304 2124; x_wconf 87' lang='lat' dir='ltr'><strong>e</strong></span> <span class='ocrx_word' id='word_1_177' title='bbox 318 2067 477 2145; x_wconf 84' lang='lat' dir='ltr'><strong>Propheta,</strong></span> <span class='ocrx_word' id='word_1_178' title='bbox 493 2075 544 2148; x_wconf 86' lang='lat' dir='ltr'><strong>qui</strong></span> <span class='ocrx_word' id='word_1_179' title='bbox 558 2075 664 2132; x_wconf 84' lang='lat' dir='ltr'><strong>missus</strong></span> <span class='ocrx_word' id='word_1_180' title='bbox 678 2077 776 2136; x_wconf 83' lang='lat' dir='ltr'><strong>fuerat</strong></span> <span class='ocrx_word' id='word_1_181' title='bbox 788 2091 897 2142; x_wconf 84' lang='lat' dir='ltr'><strong>terrere</strong></span> <span class='ocrx_word' id='word_1_182' title='bbox 911 2091 1144 2149; x_wconf 82' lang='lat' dir='ltr'><strong>comminatione</strong></span> <span class='ocrx_word' id='word_1_183' title='bbox 1158 2097 1242 2150; x_wconf 85' lang='lat' dir='ltr'><strong>imni-</strong></span> 
     </span>
     <span class='ocr_line' id='line_1_23' title="bbox 215 2153 1241 2232; baseline 0.025 -25"><span class='ocrx_word' id='word_1_184' title='bbox 215 2153 314 2208; x_wconf 87' lang='lat' dir='ltr'><strong>nentis</strong></span> <span class='ocrx_word' id='word_1_185' title='bbox 329 2155 412 2209; x_wconf 85' lang='lat' dir='ltr'><strong>exitii</strong></span> <span class='ocrx_word' id='word_1_186' title='bbox 426 2153 591 2214; x_wconf 59' lang='lat' dir='ltr'><strong>civitatem?</strong></span> <span class='ocrx_word' id='word_1_187' title='bbox 615 2156 671 2216; x_wconf 86' lang='lat' dir='ltr'><strong>Cui</strong></span> <span class='ocrx_word' id='word_1_188' title='bbox 684 2163 710 2216; x_wconf 93' lang='lat' dir='ltr'><strong>si</strong></span> <span class='ocrx_word' id='word_1_189' title='bbox 724 2165 809 2220; x_wconf 87' lang='lat' dir='ltr'><strong>tertio</strong></span> <span class='ocrx_word' id='word_1_190' title='bbox 828 2165 875 2222; x_wconf 92' lang='lat' dir='ltr'><strong>die</strong></span> <span class='ocrx_word' id='word_1_191' title='bbox 893 2167 989 2226; x_wconf 84' lang='lat' dir='ltr'><strong>fuerat</strong></span> <span class='ocrx_word' id='word_1_192' title='bbox 1006 2172 1130 2231; x_wconf 83' lang='lat' dir='ltr'><strong>iuturus</strong></span> <span class='ocrx_word' id='word_1_193' title='bbox 1149 2179 1241 2232; x_wconf 86' lang='lat' dir='ltr'><strong>interi-</strong></span> 
     </span>
     <span class='ocr_line' id='line_1_24' title="bbox 215 2237 1241 2332; baseline 0.024 -44"><span class='ocrx_word' id='word_1_194' title='bbox 215 2243 278 2303; x_wconf 87' lang='lat' dir='ltr'><strong>tus,</strong></span> <span class='ocrx_word' id='word_1_195' title='bbox 290 2251 351 2288; x_wconf 90' lang='lat' dir='ltr'><strong>non</strong></span> <span class='ocrx_word' id='word_1_196' title='bbox 364 2237 463 2310; x_wconf 86' lang='lat' dir='ltr'><strong>utique</strong></span> <span class='ocrx_word' id='word_1_197' title='bbox 476 2239 698 2316; x_wconf 85' lang='lat' dir='ltr'><strong>quadragesimo</strong></span> <span class='ocrx_word' id='word_1_198' title='bbox 712 2243 773 2300; x_wconf 89' lang='lat' dir='ltr'><strong>die:</strong></span> <span class='ocrx_word' id='word_1_199' title='bbox 797 2249 823 2301; x_wconf 87' lang='lat' dir='ltr'><strong>si</strong></span> <span class='ocrx_word' id='word_1_200' title='bbox 835 2260 931 2305; x_wconf 87' lang='lat' dir='ltr'><strong>entem</strong></span> <span class='ocrx_word' id='word_1_201' title='bbox 944 2253 1241 2332; x_wconf 66' lang='lat' dir='ltr'><strong>quadragesimorum</strong></span> 
     </span>
     <span class='ocr_line' id='line_1_25' title="bbox 216 2315 1243 2404; baseline 0.027 -36"><span class='ocrx_word' id='word_1_202' title='bbox 216 2317 319 2386; x_wconf 87' lang='lat' dir='ltr'><strong>utique</strong></span> <span class='ocrx_word' id='word_1_203' title='bbox 331 2317 430 2370; x_wconf 89' lang='lat' dir='ltr'><strong>tertio.</strong></span> <span class='ocrx_word' id='word_1_204' title='bbox 472 2315 507 2372; x_wconf 84' lang='lat' dir='ltr'><strong>Si</strong></span> <span class='ocrx_word' id='word_1_205' title='bbox 521 2337 592 2396; x_wconf 78' lang='lat' dir='ltr'><strong>ergo</strong></span> <span class='ocrx_word' id='word_1_206' title='bbox 604 2337 623 2378; x_wconf 83' lang='lat' dir='ltr'><strong>a</strong></span> <span class='ocrx_word' id='word_1_207' title='bbox 635 2341 681 2377; x_wconf 87' lang='lat' dir='ltr'><strong>me</strong></span> <span class='ocrx_word' id='word_1_208' title='bbox 693 2328 851 2398; x_wconf 88' lang='lat' dir='ltr'><strong>quaeritur,</strong></span> <span class='ocrx_word' id='word_1_209' title='bbox 866 2332 935 2404; x_wconf 87' lang='lat' dir='ltr'><strong>quid</strong></span> <span class='ocrx_word' id='word_1_210' title='bbox 948 2333 1049 2392; x_wconf 88' lang='lat' dir='ltr'><strong>hornru</strong></span> <span class='ocrx_word' id='word_1_211' title='bbox 1064 2335 1156 2397; x_wconf 80' lang='lat' dir='ltr'><strong>lonas</strong></span> <span class='ocrx_word' id='word_1_212' title='bbox 1170 2342 1243 2398; x_wconf 84' lang='lat' dir='ltr'><strong>dixe·</strong></span> 
     </span>
     <span class='ocr_line' id='line_1_26' title="bbox 212 2391 1243 2499; baseline 0.035 -49"><span class='ocrx_word' id='word_1_213' title='bbox 212 2396 264 2462; x_wconf 89' lang='lat' dir='ltr'><strong>rit,</strong></span> <span class='ocrx_word' id='word_1_214' title='bbox 275 2391 331 2450; x_wconf 94' lang='lat' dir='ltr'><strong>hoc</strong></span> <span class='ocrx_word' id='word_1_215' title='bbox 343 2405 412 2467; x_wconf 90' lang='lat' dir='ltr'><strong>puto</strong></span> <span class='ocrx_word' id='word_1_216' title='bbox 426 2399 522 2470; x_wconf 89' lang='lat' dir='ltr'><strong>potius</strong></span> <span class='ocrx_word' id='word_1_217' title='bbox 537 2402 612 2475; x_wconf 83' lang='lat' dir='ltr'><strong>quod</strong></span> <span class='ocrx_word' id='word_1_218' title='bbox 626 2405 734 2480; x_wconf 81' lang='lat' dir='ltr'><strong>legitur</strong></span> <span class='ocrx_word' id='word_1_219' title='bbox 746 2409 778 2464; x_wconf 82' lang='lat' dir='ltr'><strong>in</strong></span> <span class='ocrx_word' id='word_1_220' title='bbox 789 2409 1165 2499; x_wconf 62' lang='lat' dir='ltr'><strong>Hesternum-agenta</strong></span> <span class='ocrx_word' id='word_1_221' title='bbox 1178 2426 1243 2485; x_wconf 80' lang='lat' dir='ltr'><strong>dies.</strong></span> 
     </span>
     <span class='ocr_line' id='line_1_27' title="bbox 214 2471 1244 2577; baseline 0.031 -45"><span class='ocrx_word' id='word_1_222' title='bbox 214 2483 244 2532; x_wconf 85' lang='lat' dir='ltr'><strong>et</strong></span> <span class='ocrx_word' id='word_1_223' title='bbox 261 2471 367 2532; x_wconf 81' lang='lat' dir='ltr'><strong>Ninive</strong></span> <span class='ocrx_word' id='word_1_224' title='bbox 391 2488 551 2538; x_wconf 78' lang='lat' dir='ltr'><strong>evertetur.</strong></span> <span class='ocrx_word' id='word_1_225' title='bbox 594 2483 789 2566; x_wconf 74' lang='lat' dir='ltr'><strong>Septuaginta</strong></span> <span class='ocrx_word' id='word_1_226' title='bbox 807 2496 910 2570; x_wconf 84' lang='lat' dir='ltr'><strong>quippe</strong></span> <span class='ocrx_word' id='word_1_227' title='bbox 928 2500 1016 2577; x_wconf 81' lang='lat' dir='ltr'><strong>longe</strong></span> <span class='ocrx_word' id='word_1_228' title='bbox 1037 2509 1187 2576; x_wconf 85' lang='lat' dir='ltr'><strong>posterius</strong></span> <span class='ocrx_word' id='word_1_229' title='bbox 1205 2510 1244 2561; x_wconf 89' lang='lat' dir='ltr'><strong>in-</strong></span> 
     </span>
     <span class='ocr_line' id='line_1_28' title="bbox 213 2559 1245 2661; baseline 0.028 -47"><span class='ocrx_word' id='word_1_230' title='bbox 213 2559 364 2631; x_wconf 89' lang='lat' dir='ltr'><strong>terpretati</strong></span> <span class='ocrx_word' id='word_1_231' title='bbox 379 2560 458 2616; x_wconf 85' lang='lat' dir='ltr'><strong>aliud</strong></span> <span class='ocrx_word' id='word_1_232' title='bbox 471 2561 568 2622; x_wconf 85' lang='lat' dir='ltr'><strong>dicere</strong></span> <span class='ocrx_word' id='word_1_233' title='bbox 579 2577 751 2644; x_wconf 87' lang='lat' dir='ltr'><strong>potuerunt,</strong></span> <span class='ocrx_word' id='word_1_234' title='bbox 769 2571 854 2648; x_wconf 84' lang='lat' dir='ltr'><strong>&#39;quod</strong></span> <span class='ocrx_word' id='word_1_235' title='bbox 873 2587 969 2636; x_wconf 77' lang='lat' dir='ltr'><strong>terren</strong></span> <span class='ocrx_word' id='word_1_236' title='bbox 990 2582 1026 2637; x_wconf 88' lang='lat' dir='ltr'><strong>ad</strong></span> <span class='ocrx_word' id='word_1_237' title='bbox 1042 2595 1107 2642; x_wconf 81' lang='lat' dir='ltr'><strong>rem</strong></span> <span class='ocrx_word' id='word_1_238' title='bbox 1120 2592 1245 2661; x_wconf 86' lang='lat' dir='ltr'><strong>pertine·</strong></span> 
     </span>
     <span class='ocr_line' id='line_1_29' title="bbox 213 2642 1244 2746; baseline 0.033 -53"><span class='ocrx_word' id='word_1_239' title='bbox 213 2649 268 2710; x_wconf 89' lang='lat' dir='ltr'><strong>ret,</strong></span> <span class='ocrx_word' id='word_1_240' title='bbox 284 2642 357 2715; x_wconf 80' lang='lat' dir='ltr'><strong>etin</strong></span> <span class='ocrx_word' id='word_1_241' title='bbox 370 2661 460 2698; x_wconf 91' lang='lat' dir='ltr'><strong>unum</strong></span> <span class='ocrx_word' id='word_1_242' title='bbox 475 2647 655 2724; x_wconf 85' lang='lat' dir='ltr'><strong>eundemque</strong></span> <span class='ocrx_word' id='word_1_243' title='bbox 667 2669 798 2726; x_wconf 88' lang='lat' dir='ltr'><strong>sensum,</strong></span> <span class='ocrx_word' id='word_1_244' title='bbox 812 2663 942 2732; x_wconf 86' lang='lat' dir='ltr'><strong>quamvis</strong></span> <span class='ocrx_word' id='word_1_245' title='bbox 957 2664 1009 2719; x_wconf 89' lang='lat' dir='ltr'><strong>snb</strong></span> <span class='ocrx_word' id='word_1_246' title='bbox 1024 2667 1120 2723; x_wconf 83' lang='lat' dir='ltr'><strong>altera</strong></span> <span class='ocrx_word' id='word_1_247' title='bbox 1135 2671 1244 2746; x_wconf 79' lang='lat' dir='ltr'><strong>signiti-</strong></span> 
     </span>
     <span class='ocr_line' id='line_1_30' title="bbox 200 2722 1244 2822; baseline 0.032 -45"><span class='ocrx_word' id='word_1_248' title='bbox 200 2722 337 2794; x_wconf 84' lang='lat' dir='ltr'><strong>-estione,</strong></span> <span class='ocrx_word' id='word_1_249' title='bbox 350 2739 554 2802; x_wconf 83' lang='lat' dir='ltr'><strong>concurreret3</strong></span> <span class='ocrx_word' id='word_1_250' title='bbox 581 2731 805 2811; x_wconf 75' lang='lat' dir='ltr'><strong>admoneretque</strong></span> <span class='ocrx_word' id='word_1_251' title='bbox 818 2741 968 2816; x_wconf 77' lang='lat' dir='ltr'><strong>lectorem,</strong></span> <span class='ocrx_word' id='word_1_252' title='bbox 980 2755 1105 2822; x_wconf 84' lang='lat' dir='ltr'><strong>utraque</strong></span> <span class='ocrx_word' id='word_1_253' title='bbox 1119 2755 1244 2809; x_wconf 85' lang='lat' dir='ltr'><strong>anctori-</strong></span> 
     </span>
     <span class='ocr_line' id='line_1_31' title="bbox 212 2808 1244 2909; baseline 0.034 -51"><span class='ocrx_word' id='word_1_254' title='bbox 212 2813 274 2859; x_wconf 88' lang='lat' dir='ltr'><strong>tate</strong></span> <span class='ocrx_word' id='word_1_255' title='bbox 288 2822 347 2858; x_wconf 90' lang='lat' dir='ltr'><strong>non</strong></span> <span class='ocrx_word' id='word_1_256' title='bbox 361 2815 469 2878; x_wconf 83' lang='lat' dir='ltr'><strong>spreto,</strong></span> <span class='ocrx_word' id='word_1_257' title='bbox 478 2808 518 2864; x_wconf 60' lang='lat' dir='ltr'><strong>’ab</strong></span> <span class='ocrx_word' id='word_1_258' title='bbox 528 2809 655 2870; x_wconf 79' lang='lat' dir='ltr'><strong>&#39;historia</strong></span> <span class='ocrx_word' id='word_1_259' title='bbox 669 2833 732 2872; x_wconf 89' lang='lat' dir='ltr'><strong>sese</strong></span> <span class='ocrx_word' id='word_1_260' title='bbox 742 2821 876 2880; x_wconf 78' lang='lat' dir='ltr'><strong>attollere</strong></span> <span class='ocrx_word' id='word_1_261' title='bbox 888 2825 926 2880; x_wconf 80' lang='lat' dir='ltr'><strong>ed</strong></span> <span class='ocrx_word' id='word_1_262' title='bbox 940 2846 974 2884; x_wconf 88' lang='lat' dir='ltr'><strong>ea</strong></span> <span class='ocrx_word' id='word_1_263' title='bbox 986 2833 1179 2905; x_wconf 78' lang='lat' dir='ltr'><strong>requirenda,</strong></span> <span class='ocrx_word' id='word_1_264' title='bbox 1185 2854 1244 2909; x_wconf 89' lang='lat' dir='ltr'><strong>pro-</strong></span> 
     </span>
     <span class='ocr_line' id='line_1_32' title="bbox 211 2889 1244 2982; baseline 0.033 -45"><span class='ocrx_word' id='word_1_265' title='bbox 211 2894 277 2957; x_wconf 86' lang='lat' dir='ltr'><strong>pter</strong></span> <span class='ocrx_word' id='word_1_266' title='bbox 292 2901 367 2956; x_wconf 84' lang='lat' dir='ltr'><strong>quoe</strong></span> <span class='ocrx_word' id='word_1_267' title='bbox 381 2889 575 2962; x_wconf 80' lang='lat' dir='ltr'><strong>significanda</strong></span> <span class='ocrx_word' id='word_1_268' title='bbox 588 2892 710 2950; x_wconf 88' lang='lat' dir='ltr'><strong>historia</strong></span> <span class='ocrx_word' id='word_1_269' title='bbox 723 2901 964 2982; x_wconf 79' lang='lat' dir='ltr'><strong>ipse&#39;con&#39;scriptc</strong></span> <span class='ocrx_word' id='word_1_270' title='bbox 978 2921 1031 2968; x_wconf 85' lang='lat' dir='ltr'><strong>est.</strong></span> <span class='ocrx_word' id='word_1_271' title='bbox 1076 2913 1172 2973; x_wconf 82' lang='lat' dir='ltr'><strong>Gesta</strong></span> <span class='ocrx_word' id='word_1_272' title='bbox 1181 2927 1244 2972; x_wconf 83' lang='lat' dir='ltr'><strong>sant</strong></span> 
     </span>
     <span class='ocr_line' id='line_1_33' title="bbox 212 2965 1241 3069; baseline 0.032 -51"><span class='ocrx_word' id='word_1_273' title='bbox 212 2965 318 3037; x_wconf 85' lang='lat' dir='ltr'><strong>quippe</strong></span> <span class='ocrx_word' id='word_1_274' title='bbox 333 2965 385 3018; x_wconf 89' lang='lat' dir='ltr'><strong>illa</strong></span> <span class='ocrx_word' id='word_1_275' title='bbox 397 2967 428 3020; x_wconf 89' lang='lat' dir='ltr'><strong>in</strong></span> <span class='ocrx_word' id='word_1_276' title='bbox 434 2966 542 3026; x_wconf 87' lang='lat' dir='ltr'><strong>Ninive</strong></span> <span class='ocrx_word' id='word_1_277' title='bbox 557 2973 687 3045; x_wconf 81' lang='lat' dir='ltr'><strong>civitate,</strong></span> <span class='ocrx_word' id='word_1_278' title='bbox 702 2979 752 3034; x_wconf 91' lang='lat' dir='ltr'><strong>sed</strong></span> <span class='ocrx_word' id='word_1_279' title='bbox 764 2984 874 3059; x_wconf 86' lang='lat' dir='ltr'><strong>aliquid</strong></span> <span class='ocrx_word' id='word_1_280' title='bbox 889 2993 976 3047; x_wconf 85' lang='lat' dir='ltr'><strong>etiam</strong></span> <span class='ocrx_word' id='word_1_281' title='bbox 990 2993 1241 3069; x_wconf 65' lang='lat' dir='ltr'><strong>significaverunt,</strong></span> 
     </span>
     <span class='ocr_line' id='line_1_34' title="bbox 213 3042 1242 3154; baseline 0.04 -57"><span class='ocrx_word' id='word_1_282' title='bbox 213 3042 290 3116; x_wconf 88' lang='lat' dir='ltr'><strong>quod</strong></span> <span class='ocrx_word' id='word_1_283' title='bbox 301 3043 417 3100; x_wconf 88' lang='lat' dir='ltr'><strong>modum</strong></span> <span class='ocrx_word' id='word_1_284' title='bbox 431 3047 511 3102; x_wconf 86' lang='lat' dir='ltr'><strong>illius</strong></span> <span class='ocrx_word' id='word_1_285' title='bbox 523 3053 651 3110; x_wconf 84' lang='lat' dir='ltr'><strong>civitatis</strong></span> <span class='ocrx_word' id='word_1_286' title='bbox 667 3061 800 3122; x_wconf 84' lang='lat' dir='ltr'><strong>excedat:</strong></span> <span class='ocrx_word' id='word_1_287' title='bbox 815 3070 892 3126; x_wconf 89' lang='lat' dir='ltr'><strong>siout</strong></span> <span class='ocrx_word' id='word_1_288' title='bbox 903 3082 1020 3147; x_wconf 82' lang='lat' dir='ltr'><strong>gestum</strong></span> <span class='ocrx_word' id='word_1_289' title='bbox 1034 3085 1089 3147; x_wconf 90' lang='lat' dir='ltr'><strong>est,</strong></span> <span class='ocrx_word' id='word_1_290' title='bbox 1096 3080 1177 3152; x_wconf 85' lang='lat' dir='ltr'><strong>quod</strong></span> <span class='ocrx_word' id='word_1_291' title='bbox 1189 3083 1242 3154; x_wconf 83' lang='lat' dir='ltr'><strong>ipse</strong></span> 
     </span>
     <span class='ocr_line' id='line_1_35' title="bbox 212 3120 1242 3235; baseline 0.035 -56"><span class='ocrx_word' id='word_1_292' title='bbox 212 3120 360 3196; x_wconf 75' lang='lat' dir='ltr'><strong>Propheta</strong></span> <span class='ocrx_word' id='word_1_293' title='bbox 372 3127 404 3182; x_wconf 93' lang='lat' dir='ltr'><strong>in</strong></span> <span class='ocrx_word' id='word_1_294' title='bbox 415 3137 518 3184; x_wconf 86' lang='lat' dir='ltr'><strong>ventre</strong></span> <span class='ocrx_word' id='word_1_295' title='bbox 531 3135 588 3190; x_wconf 87' lang='lat' dir='ltr'><strong>ceti</strong></span> <span class='ocrx_word' id='word_1_296' title='bbox 601 3137 699 3196; x_wconf 90' lang='lat' dir='ltr'><strong>triduo</strong></span> <span class='ocrx_word' id='word_1_297' title='bbox 712 3143 781 3217; x_wconf 86' lang='lat' dir='ltr'><strong>fuit,</strong></span> <span class='ocrx_word' id='word_1_298' title='bbox 799 3159 828 3204; x_wconf 84' lang='lat' dir='ltr'><strong>et</strong></span> <span class='ocrx_word' id='word_1_299' title='bbox 841 3161 937 3208; x_wconf 84' lang='lat' dir='ltr'><strong>tamen</strong></span> <span class='ocrx_word' id='word_1_300' title='bbox 956 3157 1050 3212; x_wconf 83' lang='lat' dir='ltr'><strong>alium</strong></span> <span class='ocrx_word' id='word_1_301' title='bbox 1062 3161 1242 3235; x_wconf 77' lang='lat' dir='ltr'><strong>significarit</strong></span> 
     </span>
     <span class='ocr_line' id='line_1_36' title="bbox 210 3207 1242 3306; baseline 0.041 -46"><span class='ocrx_word' id='word_1_302' title='bbox 210 3207 242 3260; x_wconf 92' lang='lat' dir='ltr'><strong>in</strong></span> <span class='ocrx_word' id='word_1_303' title='bbox 255 3207 398 3280; x_wconf 86' lang='lat' dir='ltr'><strong>profundo</strong></span> <span class='ocrx_word' id='word_1_304' title='bbox 412 3211 522 3268; x_wconf 86' lang='lat' dir='ltr'><strong>inferni</strong></span> <span class='ocrx_word' id='word_1_305' title='bbox 534 3217 630 3274; x_wconf 87' lang='lat' dir='ltr'><strong>triduo</strong></span> <span class='ocrx_word' id='word_1_306' title='bbox 648 3221 794 3300; x_wconf 87' lang='lat' dir='ltr'><strong>futurum,</strong></span> <span class='ocrx_word' id='word_1_307' title='bbox 821 3233 1027 3306; x_wconf 84' lang='lat' dir='ltr'><strong>qui·Domimrs</strong></span> <span class='ocrx_word' id='word_1_308' title='bbox 1045 3251 1092 3297; x_wconf 83' lang='lat' dir='ltr'><strong>est</strong></span> <span class='ocrx_word' id='word_1_309' title='bbox 1116 3245 1242 3300; x_wconf 80' lang='lat' dir='ltr'><strong>omniura</strong></span> 
     </span>
    </p>
   </div>
   <div class='ocr_carea' id='block_1_6' title="bbox 204 3285 1242 3881">
    <p class='ocr_par' dir='ltr' id='par_1_6' title="bbox 204 3285 1242 3881">
     <span class='ocr_line' id='line_1_37' title="bbox 209 3285 1242 3400; baseline 0.026 -45"><span class='ocrx_word' id='word_1_310' title='bbox 209 3285 428 3364; x_wconf 64' lang='lat' dir='ltr'><strong>Prophetarum·</strong></span> <span class='ocrx_word' id='word_1_311' title='bbox 458 3295 639 3372; x_wconf 69' lang='lat' dir='ltr'><strong>Quapropter</strong></span> <span class='ocrx_word' id='word_1_312' title='bbox 652 3305 678 3358; x_wconf 90' lang='lat' dir='ltr'><strong>si</strong></span> <span class='ocrx_word' id='word_1_313' title='bbox 689 3324 741 3378; x_wconf 92' lang='lat' dir='ltr'><strong>per</strong></span> <span class='ocrx_word' id='word_1_314' title='bbox 751 3310 830 3369; x_wconf 82' lang='lat' dir='ltr'><strong>illam</strong></span> <span class='ocrx_word' id='word_1_315' title='bbox 844 3313 992 3374; x_wconf 69' lang='lat' dir='ltr'><strong>ciuitatem</strong></span> <span class='ocrx_word' id='word_1_316' title='bbox 1004 3332 1087 3378; x_wconf 87' lang='lat' dir='ltr'><strong>reete</strong></span> <span class='ocrx_word' id='word_1_317' title='bbox 1101 3329 1242 3400; x_wconf 80' lang='lat' dir='ltr'><strong>accipitur</strong></span> 
     </span>
     <span class='ocr_line' id='line_1_38' title="bbox 207 3367 1241 3479; baseline 0.039 -54"><span class='ocrx_word' id='word_1_318' title='bbox 207 3367 340 3428; x_wconf 88' lang='lat' dir='ltr'><strong>Ecclesia</strong></span> <span class='ocrx_word' id='word_1_319' title='bbox 354 3377 485 3450; x_wconf 75' lang='lat' dir='ltr'><strong>gentium</strong></span> <span class='ocrx_word' id='word_1_320' title='bbox 497 3379 665 3455; x_wconf 90' lang='lat' dir='ltr'><strong>prophetice</strong></span> <span class='ocrx_word' id='word_1_321' title='bbox 675 3387 816 3464; x_wconf 84' lang='lat' dir='ltr'><strong>figurato,</strong></span> <span class='ocrx_word' id='word_1_322' title='bbox 836 3404 938 3457; x_wconf 75' lang='lat' dir='ltr'><strong>eversis</strong></span> <span class='ocrx_word' id='word_1_323' title='bbox 950 3403 1065 3459; x_wconf 87' lang='lat' dir='ltr'><strong>scilicet</strong></span> <span class='ocrx_word' id='word_1_324' title='bbox 1077 3424 1131 3479; x_wconf 88' lang='lat' dir='ltr'><strong>per</strong></span> <span class='ocrx_word' id='word_1_325' title='bbox 1143 3409 1241 3479; x_wconf 87' lang='lat' dir='ltr'><strong>poeni·</strong></span> 
     </span>
     <span class='ocr_line' id='line_1_39' title="bbox 207 3455 1241 3562; baseline 0.038 -55"><span class='ocrx_word' id='word_1_326' title='bbox 207 3455 345 3524; x_wconf 85' lang='lat' dir='ltr'><strong>tentiam,</strong></span> <span class='ocrx_word' id='word_1_327' title='bbox 373 3465 406 3510; x_wconf 92' lang='lat' dir='ltr'><strong>ut</strong></span> <span class='ocrx_word' id='word_1_328' title='bbox 432 3459 526 3532; x_wconf 90' lang='lat' dir='ltr'><strong>qualis</strong></span> <span class='ocrx_word' id='word_1_329' title='bbox 549 3461 644 3522; x_wconf 83' lang='lat' dir='ltr'><strong>fuerat</strong></span> <span class='ocrx_word' id='word_1_330' title='bbox 669 3471 726 3525; x_wconf 91' lang='lat' dir='ltr'><strong>iam</strong></span> <span class='ocrx_word' id='word_1_331' title='bbox 741 3493 801 3532; x_wconf 85' lang='lat' dir='ltr'><strong>non</strong></span> <span class='ocrx_word' id='word_1_332' title='bbox 826 3491 921 3553; x_wconf 81' lang='lat' dir='ltr'><strong>esset3</strong></span> <span class='ocrx_word' id='word_1_333' title='bbox 948 3480 1004 3538; x_wconf 89' lang='lat' dir='ltr'><strong>hoc</strong></span> <span class='ocrx_word' id='word_1_334' title='bbox 1022 3489 1168 3559; x_wconf 74' lang='lat' dir='ltr'><strong>quonism</strong></span> <span class='ocrx_word' id='word_1_335' title='bbox 1195 3506 1241 3562; x_wconf 85' lang='lat' dir='ltr'><strong>per</strong></span> 
     </span>
     <span class='ocr_line' id='line_1_40' title="bbox 208 3532 1241 3646; baseline 0.037 -57"><span class='ocrx_word' id='word_1_336' title='bbox 208 3532 354 3592; x_wconf 85' lang='lat' dir='ltr'><strong>Christum</strong></span> <span class='ocrx_word' id='word_1_337' title='bbox 368 3537 476 3594; x_wconf 85' lang='lat' dir='ltr'><strong>factum</strong></span> <span class='ocrx_word' id='word_1_338' title='bbox 490 3545 577 3600; x_wconf 89' lang='lat' dir='ltr'><strong>estin</strong></span> <span class='ocrx_word' id='word_1_339' title='bbox 591 3544 723 3608; x_wconf 82' lang='lat' dir='ltr'><strong>Ecclesia</strong></span> <span class='ocrx_word' id='word_1_340' title='bbox 736 3561 879 3632; x_wconf 84' lang='lat' dir='ltr'><strong>gentium,</strong></span> <span class='ocrx_word' id='word_1_341' title='bbox 886 3565 968 3620; x_wconf 85' lang='lat' dir='ltr'><strong>cuius</strong></span> <span class='ocrx_word' id='word_1_342' title='bbox 976 3565 1033 3621; x_wconf 90' lang='lat' dir='ltr'><strong>&#39;illa</strong></span> <span class='ocrx_word' id='word_1_343' title='bbox 1045 3567 1161 3626; x_wconf 82' lang='lat' dir='ltr'><strong>Ninive</strong></span> <span class='ocrx_word' id='word_1_344' title='bbox 1169 3571 1241 3646; x_wconf 72' lang='lat' dir='ltr'><strong>figu-</strong></span> 
     </span>
     <span class='ocr_line' id='line_1_41' title="bbox 205 3619 1240 3722; baseline 0.035 -54"><span class='ocrx_word' id='word_1_345' title='bbox 205 3632 268 3670; x_wconf 82' lang='lat' dir='ltr'><strong>rom</strong></span> <span class='ocrx_word' id='word_1_346' title='bbox 282 3619 411 3694; x_wconf 82' lang='lat' dir='ltr'><strong>gerebat,</strong></span> <span class='ocrx_word' id='word_1_347' title='bbox 427 3623 489 3678; x_wconf 89' lang='lat' dir='ltr'><strong>sire</strong></span> <span class='ocrx_word' id='word_1_348' title='bbox 501 3641 554 3696; x_wconf 91' lang='lat' dir='ltr'><strong>per</strong></span> <span class='ocrx_word' id='word_1_349' title='bbox 568 3630 760 3708; x_wconf 79' lang='lat' dir='ltr'><strong>quadraginta</strong></span> <span class='ocrx_word' id='word_1_350' title='bbox 773 3639 851 3714; x_wconf 85' lang='lat' dir='ltr'><strong>dies,</strong></span> <span class='ocrx_word' id='word_1_351' title='bbox 866 3647 928 3700; x_wconf 86' lang='lat' dir='ltr'><strong>sire</strong></span> <span class='ocrx_word' id='word_1_352' title='bbox 941 3649 1155 3722; x_wconf 82' lang='lat' dir='ltr'><strong>pertriduum,</strong></span> <span class='ocrx_word' id='word_1_353' title='bbox 1169 3651 1240 3706; x_wconf 84' lang='lat' dir='ltr'><strong>idem</strong></span> 
     </span>
     <span class='ocr_line' id='line_1_42' title="bbox 205 3695 1242 3804; baseline 0.033 -52"><span class='ocrx_word' id='word_1_354' title='bbox 205 3695 268 3766; x_wconf 69' lang='lat' dir='ltr'><strong>ipse</strong></span> <span class='ocrx_word' id='word_1_355' title='bbox 283 3701 465 3774; x_wconf 80' lang='lat' dir='ltr'><strong>significatus</strong></span> <span class='ocrx_word' id='word_1_356' title='bbox 481 3716 525 3762; x_wconf 88' lang='lat' dir='ltr'><strong>est</strong></span> <span class='ocrx_word' id='word_1_357' title='bbox 539 3705 687 3785; x_wconf 85' lang='lat' dir='ltr'><strong>Christus3</strong></span> <span class='ocrx_word' id='word_1_358' title='bbox 702 3719 895 3800; x_wconf 78' lang='lat' dir='ltr'><strong>quadraginta</strong></span> <span class='ocrx_word' id='word_1_359' title='bbox 908 3729 1032 3798; x_wconf 88' lang='lat' dir='ltr'><strong>scilieet,</strong></span> <span class='ocrx_word' id='word_1_360' title='bbox 1046 3733 1115 3804; x_wconf 83' lang='lat' dir='ltr'><strong>quia</strong></span> <span class='ocrx_word' id='word_1_361' title='bbox 1127 3733 1242 3789; x_wconf 84' lang='lat' dir='ltr'><strong>totdies</strong></span> 
     </span>
     <span class='ocr_line' id='line_1_43' title="bbox 204 3779 1241 3881; baseline 0.04 -56"><span class='ocrx_word' id='word_1_362' title='bbox 204 3779 319 3851; x_wconf 78' lang='lat' dir='ltr'><strong>peregit</strong></span> <span class='ocrx_word' id='word_1_363' title='bbox 339 3798 403 3838; x_wconf 91' lang='lat' dir='ltr'><strong>cum</strong></span> <span class='ocrx_word' id='word_1_364' title='bbox 418 3784 569 3861; x_wconf 90' lang='lat' dir='ltr'><strong>discipulis</strong></span> <span class='ocrx_word' id='word_1_365' title='bbox 588 3795 649 3850; x_wconf 89' lang='lat' dir='ltr'><strong>suis</strong></span> <span class='ocrx_word' id='word_1_366' title='bbox 666 3809 735 3870; x_wconf 82' lang='lat' dir='ltr'><strong>post</strong></span> <span class='ocrx_word' id='word_1_367' title='bbox 756 3811 1017 3881; x_wconf 85' lang='lat' dir='ltr'><strong>resurrectionem,</strong></span> <span class='ocrx_word' id='word_1_368' title='bbox 1040 3822 1071 3868; x_wconf 91' lang='lat' dir='ltr'><strong>et</strong></span> <span class='ocrx_word' id='word_1_369' title='bbox 1089 3814 1241 3872; x_wconf 84' lang='lat' dir='ltr'><strong>adscendit</strong></span> 
     </span>
    </p>
   </div>
   <div class='ocr_carea' id='block_1_7' title="bbox 0 0 1274 4392">
    <p class='ocr_par' dir='ltr' id='par_1_7' title="bbox 0 0 1274 4392">
     <span class='ocr_line' id='line_1_44' title="bbox 0 0 1274 4392; baseline 0 1"><span class='ocrx_word' id='word_1_370' title='bbox 0 0 1274 4392; x_wconf 95' lang='lat' dir='ltr'><strong> </strong></span> 
     </span>
    </p>
   </div>
  </div>
 </body>
</html>
