2530 4392
185 179 246 236 ³10
413 165 509 228 mvl
529 165 714 225 svttssttt
734 161 990 224 AVGVSTINI

180 327 328 401 sicennam
358 334 388 382 et
413 333 475 380 trae
501 335 587 398 reget
613 318 794 390 humiliabit,
821 329 852 376 et
874 315 963 376 cerba
991 316 1144 373 aduerm
1175 314 1223 372 At-

188 412 331 468 tiesimum
356 406 504 484 loquetun3
538 414 569 461 et
593 413 712 462 nanctae
738 400 887 460 Altitrimi
911 410 1056 458 conteret.
1105 397 1152 456 Et
1180 417 1222 454 ru·

187 492 352 572 spicabitur
376 501 492 548 mutare
515 498 648 566 tempora
672 497 704 544 et
728 486 837 563 legam:
867 495 897 543 et
923 484 1048 542 dabitur
1076 486 1110 540 in
1138 501 1222 540 mam
1250 473 1251 532 b

186 579 248 636 eiua
261 593 351 652 aeque
363 574 404 632 ud
415 583 541 650 tempus,
568 583 598 629 et
619 583 767 648 tempora,
790 579 819 629 et
832 569 982 628 dimidium
1003 567 1167 646 temporie.
1189 565 1221 622 Et

186 657 458 725 iudiciumeedebit‚
484 666 514 713 et
527 656 735 734 principatum
752 653 935 712 remanebunt
958 646 1165 727 [removebit]
1191 650 1223 706 ab
1250 671 1251 680 ¹

188 740 439 802 exterminandum
463 750 493 798 at
512 739 697 818 perdendum
723 755 813 816 utque
838 739 868 794 in
886 735 996 811 finem5
1028 744 1063 791 et
1087 751 1222 809 regnan,

188 838 218 884 et
234 835 388 905 potestat,
410 834 440 882 et
461 822 633 899 magnitudo
654 841 767 898 regum,
786 823 836 899 qui
856 821 907 878 sub
930 821 1011 878 omni
1037 817 1124 875 coelo
1152 827 1222 884 eunt,

189 909 263 967 data
289 918 335 965 eat
356 907 470 964 canctit
491 905 647 962 Altiasimi.
692 904 735 962 Et
759 923 882 981 reguum
907 903 969 962 eius
995 921 1133 978 regnam
1159 918 1223 956 sen·

183 994 354 1069 piternum:
383 1001 413 1047 et
435 1007 530 1046 omnen
545 990 739 1068 principatus
758 991 818 1070 ipti
835 991 975 1058 servient,
1002 997 1035 1043 et
1058 985 1222 1042 obaudient.

190 1072 258 1130 Huc
271 1092 370 1151 usque,
383 1075 489 1148 inquit,
495 1071 572 1144 finit
584 1075 734 1130 sermonis.
762 1071 827 1148 Ego
839 1069 958 1140 Daniel,
971 1069 1107 1126 multum
1119 1069 1224 1143 cagita-

189 1159 284 1216 tiones
297 1176 378 1214 meae
391 1156 604 1215 conturbabant
619 1175 680 1228 me,
705 1155 850 1228 etformu
862 1171 925 1212 mea
939 1155 1111 1210 immutata
1124 1161 1171 1208 eet
1182 1167 1222 1206 ιι·

183 1259 244 1321 per
257 1260 312 1311 me,
326 1251 355 1297 et
364 1240 481 1298 uerbum
493 1242 523 1296 in
537 1241 623 1298 corde
636 1259 696 1301 meo
710 1239 889 1298 conservavi.
917 1238 1057 1304 Quatuor
1074 1237 1131 1292 ille
1142 1251 1223 1311 regna

192 1325 392 1400 exposuerunt
405 1323 521 1400 quidem
534 1322 735 1400 Assyriorum,
761 1323 930 1392 Portarum,
956 1318 1177 1387 Macedonum,
1201 1328 1222 1370 et

191 1407 399 1466 Rornanorum.
435 1408 528 1474 Quem
543 1425 615 1464 vcro
634 1410 843 1466 convenienter
860 1405 890 1462 id
908 1405 1056 1475 fecerint,
1081 1405 1136 1479 qui
1150 1419 1220 1457 nuru

192 1491 372 1561 desiderunt,
395 1492 496 1568 legent
512 1492 676 1568 presbyteri
691 1489 867 1566 Hieronymi
886 1489 992 1546 librum
1011 1489 1046 1544 in
1062 1486 1221 1552 Danielem,

193 1577 265 1632 setis
279 1575 435 1652 diligenter
449 1573 618 1650 eruditeque
638 1577 842 1650 conscriptum.
873 1570 1051 1630 Antichristi
1066 1581 1171 1626 tamen
1181 1568 1220 1624 eb·

192 1676 295 1716 versus
303 1653 465 1714 Ecclesiam
478 1659 825 1738 saevissimum-regnum,
839 1659 907 1714 licet
919 1657 1032 1734 exiguo
1046 1657 1150 1730 spatio
1162 1663 1220 1708 tent·

193 1742 274 1818 poris
287 1738 502 1811 sustinendum,
516 1741 608 1800 donce
621 1742 679 1800 Dei
690 1745 793 1800 ultimo
805 1741 915 1798 iudicio
927 1758 1060 1818 reguum
1075 1739 1172 1796 saneti
1181 1755 1218 1791 rc·

193 1827 303 1900 cipiunt
316 1824 535 1899 sempiternum,
550 1827 600 1900 qui
612 1828 660 1883 rel
670 1825 830 1886 dormitent
840 1824 911 1882 haec
921 1825 1005 1902 legit,
1021 1822 1220 1880 dubitaretur

188 1909 310 1980 sinitur.
343 1905 469 1983 Tempus
484 1909 589 1984 quippe
602 1919 632 1966 et
645 1920 777 1986 tempore
790 1920 819 1966 et
830 1908 981 1974 dimidium
996 1909 1163 1982 temporis,
1179 1923 1222 1960 rn-

194 2011 265 2050 uum
277 2010 369 2050 unum
381 2009 446 2048 esee
460 2001 489 2050 et
502 1991 573 2050 duos
587 2003 617 2052 et
629 1993 795 2066 dimidium,
819 2012 854 2070 ις
869 2011 921 2068 per
939 1989 995 2048 hoc
1008 2000 1073 2048 tres
1095 2007 1189 2046 nnnc·
1201 1997 1222 2041 et

195 2078 355 2148 semissem,
368 2075 589 2144 etiamnumero
602 2077 715 2136 dierum
725 2079 868 2155 posterius
881 2076 976 2152 posito
990 2075 1168 2145 dilucescit,
1180 2072 1220 2128 eli

196 2159 309 2238 quando
323 2161 355 2218 in
368 2158 528 2234 Scripturis
542 2171 572 2218 et
583 2165 730 2220 mensium
742 2181 862 2219 numero
876 2159 1054 2227 declaretur.
1088 2157 1223 2214 Videntur

102 2255 104 2262 ’
195 2247 275 2302 enim
292 2254 424 2319 tempora
441 2243 593 2304 indefinite
610 2245 658 2304 hic
672 2247 750 2304 dicte
762 2244 996 2324 linguqutinn:
1025 2241 1079 2300 sed
1094 2261 1148 2317 per
1161 2241 1223 2296 dur·
1252 2277 1253 2298 t

195 2331 253 2384 lem
266 2345 418 2384 numerum
432 2326 509 2386 dicte
522 2339 607 2402 sunt,
629 2349 715 2408 quem
727 2329 826 2388 Latini
845 2345 906 2386 uon
923 2326 1041 2384 hebent.
1079 2324 1165 2382 Sicut
1177 2341 1224 2379 eu·

195 2422 254 2468 tem
266 2405 381 2482 Graeci,
395 2411 438 2468 ite
449 2410 527 2471 hunc
541 2413 677 2472 dicuntur
689 2413 796 2472 hebere
806 2424 835 2470 et
845 2411 982 2470 Hebraei.
997 2408 1052 2468 Sic
1066 2425 1143 2486 ergo
1156 2407 1222 2466 tien

196 2504 265 2552 sunt
277 2504 420 2570 tempore,
433 2504 574 2572 tunquam
586 2499 754 2558 dicerentur
767 2497 825 2554 duo
837 2506 975 2570 tempore.
1002 2491 1114 2550 Vereri
1125 2511 1173 2548 ure
1185 2509 1222 2546 w

196 2597 234 2637 ne
247 2579 357 2651 fateor,
378 2598 417 2636 ne
429 2580 572 2638 indecem
584 2583 720 2660 regibus,
742 2591 965 2658 quamnquam
978 2577 1084 2635 decem
1097 2576 1223 2634 hennum

196 2663 311 2720 ridetur
323 2665 497 2724 inventurus
509 2665 724 2738 Antichristus,
746 2667 823 2723 forte
847 2665 998 2732 fallemur,
1020 2670 1115 2737 etque
1126 2662 1171 2716 ite
1183 2660 1223 2714 iile

195 2745 362 2822 inopinatus
375 2746 527 2821 adveniet,
541 2769 600 2808 non
614 2749 821 2808 exsistentibus
842 2758 887 2806 tat
903 2746 1023 2824 regibus
1035 2747 1071 2802 in
1084 2747 1158 2804 orbe
1171 2742 1221 2800 tte-

195 2849 291 2888 mano.
320 2830 396 2896 Quid
409 2833 527 2890 enimsi
540 2850 661 2892 numero
675 2836 732 2891 isto
744 2834 864 2890 denario
877 2831 1057 2889 universitas
1070 2848 1178 2907 regum
1188 2828 1222 2882 ri·

109 2936 113 2949 ι
195 2913 335 2990 gnificete
348 2922 404 2983 eu,
416 2923 482 2988 post
495 2933 567 2989 quos
579 2919 629 2974 ille
643 2928 783 2976 venturus
797 2926 858 2992 ιρις
876 2917 954 2973 sicut
965 2914 1148 2984 millenario,
1161 2929 1220 2967 eer-

146 3043 151 3058 ,
194 2997 324 3064 tenurio,
338 2998 503 3069 septenario
515 2999 701 3076 significetur
712 3005 880 3077 plerumque
898 2998 1095 3068 universitas,
1122 3007 1154 3054 et
1165 2995 1220 3050 eliis

195 3087 281 3154 etque
293 3077 358 3134 aliis
373 3081 512 3153 numeris,
525 3101 597 3159 quos
611 3101 689 3142 nunc
703 3099 927 3143 commemorare
940 3101 999 3140 non
1013 3090 1060 3136 cst
1072 3073 1208 3138 neceseei

247 3162 312 3220 Alio
325 3157 391 3219 loeo
405 3162 481 3220 idem
492 3163 609 3240 Daniel,
622 3167 747 3240 dicerit,
760 3169 866 3244 inquit,
882 3179 996 3244 temput
1009 3163 1219 3228 mibuletionit,

194 3245 291 3328 paulic
307 3265 365 3304 non
380 3246 507 3320 suiten
526 3267 580 3328 quo
599 3263 674 3309 nuto
692 3263 738 3309 eet
752 3269 825 3329 gem
845 3261 1067 3328 superterram
1085 3243 1220 3326 argued

195 3342 308 3409 temput
322 3326 404 3389 illud.
428 3330 470 3388 Et
483 3334 514 3390 in
529 3345 659 3412 tempore
673 3335 723 3393 iiia
737 3335 903 3393 calcabitur
911 3331 1038 3411 papulus
1052 3340 1126 3388 tut
1138 3329 1216 3388 mi·

194 3418 245 3496 pui
258 3415 503 3488 inaenttufuerit
515 3419 647 3496 ecriptue
662 3421 692 3476 in
705 3419 791 3476 libro.
822 3417 863 3475 Et
877 3417 964 3476 mebi
974 3412 1214 3482 dormientium

196 3509 299 3557 terrae
308 3518 421 3576 aggere
434 3511 610 3579 emungant:
623 3501 656 3560 bi
668 3504 698 3560 in
711 3503 803 3562 citam
816 3512 977 3570 aeternam,
991 3509 1021 3557 et
1029 3495 1064 3554 tn·
1073 3497 1105 3554 in
1118 3513 1212 3575 apprr-

196 3577 290 3638 brium
303 3594 333 3640 et
346 3585 376 3640 in
390 3584 590 3658 confusionem
603 3597 764 3646 aeternam.
790 3585 832 3644 Et
849 3584 1048 3660 intelligenter
1059 3578 1208 3658 frigunt

196 3665 274 3722 sicut
293 3666 419 3722 claritas
435 3665 636 3740 firmamenti,
658 3679 689 3730 at
707 3688 745 3728 er
762 3670 851 3728 iutttt't
866 3666 968 3725 multis
984 3666 1064 3724 nicet
1076 3661 1209 3724 anstais

195 3745 323 3801 caecuba.
359 3745 397 3802 Et
410 3748 503 3808 adhuc
516 3755 680 3810 sententiae
694 3753 737 3810 ilii
749 3751 946 3830 Evangebicee
959 3757 1005 3806 ert
1016 3749 1100 3806 loeur
1114 3749 1166 3802 iste
1177 3744 1209 3800 si-

195 3827 341 3899 millimus,
356 3825 390 3882 de
404 3836 618 3890 resurrectione
628 3835 770 3894 duntaxat
780 3844 961 3894 mortuorunt
972 3847 1134 3908 corporum.
1146 3827 1209 3884 Neu
