2586 4396
221 220 284 277 aaa
449 197 546 274 nrvr
571 208 756 271 lvnntn
783 209 1038 272 svcvsrrnr

224 373 301 429 dona
326 366 536 445 rependerent,
561 383 614 442 pro
633 381 757 441 quorum
775 364 883 422 divinis
901 365 1036 440 operibus
1054 367 1254 442 praedicandis

222 455 377 512 humanam
389 453 480 510 vitam
492 451 549 506 sibi
561 449 649 506 adimi
662 467 724 511 non
735 449 860 505 timeret.
895 446 980 506 Sicut
991 448 1136 526 Martyres
1148 456 1254 527 nostri,

222 557 288 596 enm
307 539 350 594 eis
367 553 421 612 pro
437 534 560 590 crimine
578 533 758 590 alliceretur
770 531 937 590 Christiana
948 534 1070 612 religio,
1095 553 1151 610 qna
1163 553 1253 594 nove·

222 631 290 678 rant
303 639 336 678 ιι
347 620 413 677 lieri
424 620 519 674 salvos
532 626 562 672 et
575 617 803 695 gloriossisimos
815 617 848 672 in
861 623 1028 688 aeternum,
1052 635 1113 674 non
1126 635 1189 675 eam
1200 639 1254 676 ne-

222 704 319 784 gando
333 703 506 778 temporales
519 717 630 776 poenas
644 700 768 758 eradere
781 699 973 778 delegerunt,
987 699 1039 756 sed
1051 701 1150 775 potius
1162 703 1253 759 conli-

222 787 321 860 tendo,
335 784 497 863 profitendo
504 822 514 855 ,
528 783 736 859 praedicando,
750 793 780 840 et
791 801 844 859 pro
857 782 912 840 hac
925 785 1023 840 omnia
1033 783 1158 841 fideliter
1169 785 1253 844 forti-

223 884 326 948 terque
338 867 504 940 tolerandc‚
528 876 559 924 et
572 885 637 925 cum
649 869 697 944 pia
710 869 867 924 securitate
879 867 1046 940 moriendo,
1057 869 1138 946 leges
1152 870 1253 944 quibua

221 953 444 1031 prohibebatur,
474 949 647 1008 crubescere
677 954 899 1027 compulerunt,
923 952 1087 1026 mutarique
1112 951 1254 1009 lecerunt.

223 1038 318 1095 Huius
341 1045 439 1094 autem
459 1033 623 1112 philosophi
633 1033 779 1092 Platonici
801 1035 1001 1110 copiosissima
1019 1043 1050 1090 et
1066 1034 1257 1092 disertissima

223 1130 321 1178 exstat
333 1120 443 1192 oratio,
469 1137 528 1196 qua
540 1119 652 1178 crimen
664 1120 771 1176 artium
784 1120 963 1197 magicarum
976 1135 994 1174 a
1006 1135 1038 1174 ιι
1050 1120 1175 1175 alienum
1189 1137 1255 1174 cere

223 1204 365 1277 defendit,
392 1221 484 1279 seque
497 1203 585 1260 aliter
597 1211 658 1260 noir
672 1204 738 1260 vult
750 1203 939 1259 innocentem
951 1201 1058 1274 videri,
1083 1203 1142 1258 nisi
1154 1221 1188 1259 ea
1201 1221 1256 1258 ne-

223 1289 320 1369 gando
334 1303 409 1364 quae
421 1303 483 1344 non
496 1295 620 1362 possunt
632 1285 668 1343 ab
680 1288 840 1343 innocente
853 1286 1004 1342 committi.
1041 1283 1079 1342 At
1092 1286 1185 1342 omnia
1197 1288 1256 1340 mi-

224 1374 323 1430 racula
335 1389 505 1450 magorum,
530 1387 603 1446 quos
616 1379 697 1427 recte
710 1371 802 1428 sentit
815 1386 880 1425 ιιιι
893 1368 1089 1442 damnandos,
1116 1369 1257 1424 doctrinis

223 1457 300 1514 liunt
313 1464 343 1512 et
355 1455 491 1530 operibus
502 1453 692 1526 daemonnm3
706 1471 780 1529 quos
790 1451 900 1511 viderit
912 1471 964 1509 cur
977 1462 1097 1512 censeat
1109 1451 1257 1510 honoran-

223 1541 292 1612 dos,
317 1539 499 1596 necessarios
519 1554 569 1593 eos
589 1553 723 1594 asserens
736 1535 919 1610 perferendis
931 1536 969 1593 ad
982 1535 1052 1592 deos
1064 1537 1173 1594 nostris
1186 1555 1255 1612 pre·

222 1623 322 1692 cibus,
336 1637 459 1697 quorum
472 1619 610 1676 debemus
624 1637 713 1694 opera
726 1617 868 1692 devitare,
882 1621 907 1676 si
920 1618 956 1676 nd
968 1619 1064 1677 Deum
1076 1637 1177 1676 veruta
1189 1638 1257 1696 pre-

224 1723 272 1763 ces
285 1714 404 1762 nostras
416 1705 549 1761 volumus
561 1704 726 1778 pervenire.
769 1702 885 1761 Deinde
899 1721 1020 1780 quaero,
1044 1705 1142 1778 quales
1155 1721 1257 1779 preces

222 1789 374 1846 hominum
387 1787 443 1844 diis
455 1786 540 1843 bonis
552 1803 605 1860 per
618 1785 773 1844 daemones
787 1788 909 1866 allegari
925 1796 1027 1862 putat,
1050 1787 1196 1866 magicas,
1218 1805 1258 1844 an

223 1868 340 1929 licitasl
363 1869 397 1928 Si
409 1871 551 1948 magicas,
564 1871 671 1926 nolunt
683 1872 772 1928 tales:
785 1872 811 1926 ιί
824 1872 931 1942 licitas,
945 1873 1051 1930 nolunt
1062 1889 1115 1946 per
1127 1872 1209 1926 tales.
1223 1869 1259 1927 Si

224 1966 320 2014 autem
333 1963 468 2031 peccator
481 1954 637 2029 poenitens
649 1971 752 2028 precer
765 1953 875 2026 fundit,
893 1955 1020 2011 maxime
1034 1955 1060 2009 si
1073 1953 1184 2030 aliquid
1196 1973 1259 2010 ma-

223 2041 320 2120 gicum
331 2037 462 2110 admisit3
475 2037 1005 2094 itanetandemillisinterccdentibua
1016 2039 1260 2113 accipitrem,

224 2124 329 2200 quibus
346 2121 563 2198 inpellentibus
582 2131 635 2178 aut
647 2120 812 2180 laventibus
827 2141 858 2178 re
871 2121 1012 2179 cecidisse
1024 2123 1140 2201 plangit
1151 2123 1183 2179 in
1196 2123 1260 2178 cul-

223 2203 306 2283 peml
327 2207 373 2264 dn
392 2215 422 2262 ιι
440 2206 497 2280 ipsi
515 2203 671 2262 daemones
689 2215 723 2262 nt
734 2205 1077 2282 possintpoenitentiltus
1089 2207 1198 2262 mereri
1211 2207 1261 2263 in-

225 2291 420 2368 dulgentiam,
433 2289 547 2364 priores
560 2297 664 2366 agunt,
683 2288 762 2364 quod
773 2295 825 2346 'eos
838 2289 1017 2366 deceperint,
1030 2287 1262 2365 poenitentiami

224 2372 291 2430 Hoc
304 2391 390 2430 nemo
402 2389 531 2448 unquam
543 2370 579 2427 de
591 2371 780 2429 daemonibus
795 2373 885 2430 dixit:
911 2374 980 2450 quia
992 2375 1019 2429 si
1031 2375 1073 2429 ita
1086 2383 1180 2445 essct,
1206 2393 1262 2431 ne-

224 2475 368 2534 quaquam
381 2455 437 2512 sibi
451 2455 593 2512 auderent
605 2454 722 2512 divinos
734 2453 860 2514 honores
874 2465 1023 2532 expetere,
1042 2458 1093 2532 qui
1105 2459 1263 2532 poeniten-

225 2540 262 2598 do
277 2540 478 2598 desiderarent
491 2538 527 2596 ed
540 2540 668 2617 gretiam
680 2540 786 2598 veniae
798 2541 963 2618 pervenire.
999 2539 1042 2600 lbi
1057 2543 1138 2599 enim
1151 2551 1198 2599 ιιι
1211 2542 1248 2598 de

225 2624 358 2682 tentanda
372 2624 518 2700 superbie,
531 2621 581 2680 hic
593 2621 742 2682 humilitas
755 2619 929 2682 miserande.

619 2789 743 2848 CAP.
784 2789 871 2849 XX.

225 2889 268 2942 Aa
277 2888 435 2941 credendum
445 2887 492 2950 ait,
502 2887 573 2956 quod
585 2885 625 2938 uti
634 2886 696 2969 boa}
706 2885 833 3010 libentto'ue
844 2891 1013 2944 daemonibus
1023 2907 1103 2960 quum
1113 2889 1269 2944 hominibus

653 2971 769 3010 murena
785 2973 826 3011 ur.

288 3045 328 3102 At
341 3045 419 3102 enim
431 3063 542 3125 urgens
556 3063 644 3104 causa
657 3053 687 3103 et
703 3050 869 3105 arctissima
887 3051 969 3131 cogit
980 3050 1138 3108 daemones
1152 3049 1269 3108 medios

226 3131 305 3186 inter
317 3127 388 3186 deos
402 3138 433 3186 et
445 3128 578 3187 homines
592 3148 697 3208 egere,
723 3140 757 3187 ut
776 3132 812 3188 ab
830 3131 996 3191 hominibus
1010 3131 1136 3192 offerant
1149 3133 1271 3191 deside-

226 3223 306 3285 rsta,
329 3221 360 3269 et
372 3231 390 3270 a
402 3212 459 3270 diis
471 3213 604 3272 referant
614 3211 788 3290 impetrarat
821 3217 972 3283 Quaenam
983 3217 1101 3275 tandem
1115 3237 1208 3275 cauea
1222 3229 1272 3274 est

226 3299 296 3368 iata,
311 3306 341 3353 ιι
354 3305 465 3373 quanta
477 3295 657 3356 necessitas?
685 3299 761 3366 Quia
774 3301 881 3372 nullus,
895 3303 1045 3378 inquiunt,
1059 3300 1143 3358 Deus
1157 3304 1271 3358 misce-

226 3390 277 3438 tur
289 3379 411 3438 hcmini.
446 3381 602 3440 Praeclara
614 3384 708 3462 igitur
720 3384 861 3440 sanctitas
875 3383 950 3458 Dei,
976 3387 1027 3462 qui
1044 3403 1105 3442 non
1124 3387 1274 3442 miscetur

226 3463 338 3522 homini
348 3467 532 3541 supplicanti,
545 3468 718 3524 etmircetur
728 3464 865 3524 daemoni
876 3471 1043 3547 arroganti:
1053 3487 1115 3526 non
1125 3471 1275 3526 miecetur

226 3547 338 3606 homini
344 3551 519 3623 poenitenti,
529 3558 560 3607 et
569 3551 710 3607 miecetur
721 3548 857 3607 daemoni
868 3548 1042 3628 decipienti:
1055 3569 1116 3609 non
1123 3553 1275 3609 miscetur

227 3630 339 3689 homini
352 3632 537 3711 confugienti
543 3633 579 3688 ad
592 3633 787 3705 divinitatem,
802 3641 833 3690 et
844 3635 984 3693 miscetur
991 3637 1127 3693 daemoni
1140 3635 1279 3715 fingenti

228 3714 426 3773 divinitatem:
452 3734 513 3774 non
526 3717 666 3772 miscetur
678 3713 790 3772 homini
803 3720 916 3792 petenti
929 3719 1154 3799 indulgentiam,
1170 3728 1204 3776 et
1216 3719 1280 3774 mi-

229 3807 326 3854 scetur
345 3797 480 3856 daemoni
500 3798 637 3854 suadenti
656 3799 829 3874 nequitiem:
855 3819 916 3859 non
934 3805 1072 3860 miscetur
1088 3801 1206 3860 homini
1221 3817 1280 3878 per

229 3879 444 3957 philoecphlcor
457 3881 546 3939 libros
560 3890 661 3954 poetas
672 3882 707 3938 de
721 3883 795 3940 bene
808 3885 944 3943 instituta
958 3887 1078 3944 civitate
1089 3887 1234 3963 pellenti,
1250 3894 1280 3941 et
