2586 4396
252 201 311 261 DE
338 201 555 262 ClVleTE
578 201 656 262 DEI
683 202 763 266 ΗΒ.
785 203 857 262 XV.
1028 211 1066 266 et

41 364 96 418 bus
107 355 286 426 bominibus,
302 353 432 427 exeeptis
442 355 493 430 qui
503 356 535 411 in
546 373 615 411 area
625 355 755 427 fuerunt,
768 373 853 430 quem
864 357 1007 432 perderet,
1020 363 1066 420 iu·

40 443 168 500 veniret.
183 438 549 514 Nequeenimmirandum,
558 440 584 494 si
590 441 671 496 varia
681 441 843 514 quantitate
853 445 1067 502 numerositatis

40 543 189 584 annerum
202 522 385 595 interposita,
397 539 450 595 per
457 529 517 577 tam
527 523 646 600 leugam
657 531 780 578 aetatem
793 522 924 581 ebddam
934 527 1067 600 usquead

40 610 186 668 diluvium
199 624 260 664 non
273 605 400 678 sequslls
415 605 531 664 numeri
545 607 751 683 generationes
761 603 991 684 babuitutraque
1000 609 1067 683 pro-

40 693 163 771 genies,
176 687 229 744 red
240 705 293 762 per
305 685 378 744 Cain
390 697 516 762 septem,
529 707 581 763 per
595 687 667 746 Seth
681 698 777 746 autem
791 691 905 749 deeem:
931 693 1068 768 septimus

41 785 89 832 est
98 776 184 843 enim,
194 773 291 828 utiam
298 771 371 841 dixi,
384 771 516 828 abddam
522 771 656 846 Lemeeh,
672 774 797 830 decimus
804 773 880 833 Nee:
895 786 924 832 et
933 775 998 832 ideo
1009 795 1069 832 uen

40 877 120 915 unus
133 857 211 914 filius
224 853 365 926 Lameeh,
379 855 455 911 sieut
466 857 498 912 in
512 858 635 912 caeteris
648 859 798 931 superius,
816 859 867 915 sed
879 863 975 934 plures
989 879 1068 916 eem-

41 942 194 999 memorati
205 949 289 1010 sunt3
303 940 370 1014 quia
379 939 526 998 ineertum
537 950 599 998 erat
606 943 670 1016 quis
678 943 706 996 ei
716 941 820 998 firisset
827 953 941 1002 mortuo
952 961 1068 1001 sueces-

41 1044 138 1095 surus,
151 1026 178 1080 si
189 1022 334 1101 regnandi
344 1031 457 1098 tempus
472 1026 656 1100 interipsum
669 1034 699 1081 et
715 1025 855 1082 diluvium
872 1029 1068 1084 remansisset.

103 1107 165 1166 Sed
178 1124 292 1184 queque
305 1106 390 1163 modo
404 1125 437 1163 se
449 1106 553 1164 hebeat
565 1110 628 1165 sive
640 1127 692 1183 per
703 1111 929 1188 primogenitos,
944 1114 1006 1168 sire
1018 1129 1069 1184 per

40 1213 146 1272 reges,
164 1207 202 1246 ex
216 1189 288 1247 Cain
302 1193 526 1269 generationum
539 1191 609 1248 orde
623 1192 796 1264 decurrens,
818 1194 891 1250 illud
904 1194 974 1250 milri
989 1197 1069 1251 nullo

40 1287 127 1354 poete
144 1275 387 1350 praetereundum
406 1276 524 1331 silentio
542 1275 673 1347 videtur,
699 1276 774 1351 qued
787 1293 874 1352 quum
887 1276 1011 1334 Lamech
1024 1295 1068 1333 se-

43 1364 152 1436 ptimut
164 1359 199 1414 ob
212 1357 303 1415 ddum
314 1358 419 1414 finsset
431 1361 582 1429 inventus,
596 1369 641 1415 tet
654 1360 715 1416 eius
730 1363 914 1417 annumerati
926 1369 994 1417 sunt
1005 1360 1069 1432 filii,

43 1445 138 1500 donee
150 1440 328 1499 undenarius
341 1459 478 1498 numerus
491 1443 674 1518 impleretur,
702 1460 760 1519 quo
773 1444 954 1522 significatur
966 1463 1070 1518 peeea-

41 1539 113 1584 tum.
133 1525 286 1583 Adduntur
300 1527 378 1581 enim
390 1535 451 1582 tres
463 1525 534 1598 filii,
547 1535 576 1582 et
588 1545 648 1582 una
660 1526 728 1582 filia.
757 1525 870 1583 onres
884 1538 979 1584 auteur
993 1528 1070 1584 eliud

40 1619 166 1687 possunt
183 1609 368 1686 signifieare,
392 1629 451 1666 nen
464 1608 519 1666 hor
535 1609 612 1688 quod
624 1627 702 1667 nune
716 1611 974 1668 eorumendaudunt
987 1611 1069 1668 vide-

41 1705 97 1750 tur.
141 1691 228 1750 Nune
241 1694 319 1748 enim
338 1693 374 1748 de
393 1694 629 1771 generationibus
642 1695 803 1769 loquimur:
828 1697 896 1750 illae
908 1713 980 1752 vero
993 1695 1070 1751 unde

42 1780 103 1833 sint
115 1777 250 1854 genitae,
266 1777 386 1833 tacitum
399 1786 452 1833 est.
496 1777 640 1844 Quoniam
654 1795 724 1855 erge
738 1777 801 1836 Lex
815 1777 935 1835 denarie
948 1797 1069 1836 numero

40 1861 244 1936 praedieatur,
258 1859 336 1918 unde
348 1869 393 1915 est
404 1859 599 1916 memorabilis
612 1862 663 1916 ille
676 1859 856 1942 Deealogur3
869 1862 1001 1936 profeeto
1014 1881 1070 1918 nu·

41 1963 136 2001 merus
146 1942 340 2013 undenarius,
354 1945 492 2018 queniam
502 1944 718 2020 mansgreditur
730 1945 890 2018 denarium,
904 1957 1069 2026 musgres-

42 2032 155 2084 sienem
173 2029 267 2104 legis,
292 2043 327 2081 ae
340 2045 392 2100 per
404 2025 460 2083 hee
473 2036 622 2101 peecatum
635 2028 791 2105 signifieat.
834 2029 913 2086 Hine
931 2041 976 2086 est
995 2029 1069 2103 qued

41 2115 73 2168 in
86 2111 292 2168 Taberneeule
305 2111 481 2182 testimonii,
507 2109 583 2184 qued
596 2120 659 2166 eret
672 2111 704 2165 in
721 2111 827 2166 itinere
839 2115 937 2186 pepuli
949 2113 1007 2169 Dei
1019 2115 1070 2168 r'e-

41 2199 86 2251 lut
99 2195 237 2267 templum
250 2193 488 2265 ambulatorium,
513 2191 649 2249 undeeim
664 2196 727 2250 vele
744 2195 860 2251 eilieina
873 2194 937 2250 lieri
951 2213 1070 2270 praeee-

41 2289 92 2354 pta
105 2285 182 2333 sunt.
224 2275 259 2332 ln
272 2277 367 2332 eilieio
381 2278 485 2350 quippe
497 2275 661 2333 recordatio
676 2285 722 2333 est
732 2287 931 2353 poeoniorum,
953 2287 1070 2355 propter

41 2361 151 2418 hoedos
164 2361 201 2416 ad
214 2361 363 2416 sinistram
376 2359 505 2416 futuros:
519 2360 596 2435 qued
605 2361 776 2418 confitentes
788 2364 819 2418 in
835 2364 930 2420 eilieio
942 2373 1070 2440 prester-

42 2448 149 2515 nimur,
164 2453 304 2518 tanquam
317 2441 446 2499 dieentes
459 2442 537 2517 qued
551 2445 583 2498 in
597 2443 711 2500 Psalmo
726 2448 864 2520 seriptum
878 2456 935 2502 est:
950 2446 992 2503 Et
999 2465 1071 2524 pee-

43 2540 139 2586 catum
151 2546 245 2585 meum
259 2537 329 2583 ente
341 2545 385 2584 me
398 2536 445 2582 eat
457 2541 580 2602 temper.
607 2525 765 2602 Progenies
781 2546 852 2605 ergo
867 2547 905 2583 ex
916 2528 1007 2584 Adam
1020 2545 1072 2601 per

44 2611 116 2668 Cain
129 2612 302 2668 sceleratum
313 2609 475 2666 undenario
485 2626 605 2664 numero
619 2608 731 2680 linitur,
745 2627 801 2684 que
813 2621 962 2685 peecatum
977 2612 1070 2688 rigni·

43 2695 161 2751 ficetur:
187 2703 217 2750 et
229 2695 291 2768 ipae
304 2710 443 2750 numerus
462 2691 570 2748 femina
583 2691 744 2764 clauditur,
768 2711 787 2749 e
799 2711 856 2768 quo
870 2711 943 2750 sexu
956 2695 1070 2750 initium

43 2779 212 2834 factumest
225 2779 353 2851 peceati,
366 2795 418 2851 per
431 2776 508 2851 quod
521 2791 621 2831 omnes
632 2776 779 2833 morimur.
823 2775 1014 2834 Commissum
1028 2787 1072 2834 est

43 2871 158 2932 autem,
171 2871 203 2917 ut
217 2870 246 2916 et
259 2862 390 2934 voluptas
406 2862 518 2930 cernis,
533 2877 607 2934 quoe
620 2860 737 2932 spiritui
751 2863 917 2933 resisteret,
934 2878 1071 2937 sequere-

42 2956 98 3002 tur.
139 2944 215 3001 Nam
236 2945 347 3016 etipsa
363 2943 424 3000 filia
435 2941 559 3000 bameeh
578 2941 689 2998 Nedma
705 2946 837 3020 voluptas
855 2947 1063 3021 interpretatur

43 3029 98 3085 Per
113 3027 186 3086 Seth
199 3036 296 3084 autem
308 3027 342 3082 ab
356 3027 447 3083 Adam
461 3045 553 3102 usque
570 3025 607 3083 ad
620 3025 684 3082 Noii
697 3027 834 3086 denarius
848 3031 1016 3086 insinuetur
1029 3031 1071 3085 le-

42 3115 165 3190 gitimus
178 3129 329 3168 numerus.
363 3110 417 3168 Cui
430 3110 493 3167 Not
507 3120 566 3166 tres
579 3110 757 3168 adiiciuntur
770 3113 837 3168 filii:
864 3115 941 3172 unde
955 3133 1015 3170 une
1028 3115 1071 3169 la·

42 3215 90 3269 pse
115 3196 175 3252 due
194 3192 405 3250 benedicuntur
424 3202 552 3268 epatre,
579 3202 613 3248 ut
629 3204 741 3261 remoto
760 3197 880 3269 reprobo
899 3207 929 3252 et
942 3196 1071 3271 probetis

42 3279 108 3336 liliis
124 3278 162 3336 ad
173 3295 327 3334 numerum
339 3276 443 3332 additis
456 3279 542 3332 etiem
553 3275 749 3332 duodenarius
761 3295 897 3334 numerus
909 3281 1071 3348 intimetur,

43 3365 91 3436 qui
107 3373 137 3418 et
149 3363 183 3418 in
195 3358 428 3417 Patriareharum
441 3361 514 3415 etin
527 3359 731 3434 Apostolorum
744 3378 865 3416 numero
876 3364 1001 3440 insignis
1015 3371 1070 3431 est,

41 3457 159 3521 prepter
182 3446 341 3518 septenarii
361 3453 475 3518 partes,
500 3445 620 3500 alteram
639 3461 691 3518 per
713 3445 834 3498 alteram
856 3446 1070 3520 multiplicatas.

41 3529 116 3588 Natu
134 3541 184 3587 ter
204 3530 352 3604 quaterni,
377 3528 426 3584 rel
438 3536 540 3602 quater
552 3529 630 3583 terni
643 3529 737 3600 ipsum
750 3527 873 3582 iaciunt.
916 3526 971 3582 His
985 3528 1027 3580 its
1040 3543 1070 3580 se

41 3610 233 3682 habentibus,
258 3611 343 3668 rideo
371 3609 611 3668 considerandum
637 3621 666 3665 et
692 3608 987 3681 commemorandum,
1014 3610 1069 3664 ista

42 3707 167 3773 utreque
180 3697 351 3773 progenies,
366 3713 439 3770 quae
452 3693 598 3750 distinctis
609 3692 848 3772 generationibus
860 3690 929 3747 duas
943 3693 1072 3749 insinuat

43 3778 203 3849 Civitates,
229 3797 318 3836 unam
330 3779 559 3856 terrigenarum,
585 3780 705 3834 alteram
721 3784 973 3857 regeneratorum,
999 3793 1071 3852 quo·

44 3865 129 3922 mode
141 3872 247 3939 poetes
258 3863 300 3918 sie
313 3863 468 3918 commixta
481 3861 570 3918 fuerit
583 3870 669 3937 atque
689 3860 825 3932 eenfirsa,
852 3870 886 3916 ut
903 3862 1071 3918 universum

723 3944 784 4001 Eu
