2510 4404
166 185 227 242 358
395 175 494 235 DlVl
519 171 708 233 AVRELll
730 169 992 228 AVGVSTlNl

166 334 253 395 Sient
267 334 342 390 enim
354 345 414 400 aas,
427 328 536 402 inquit,
549 322 707 401 aliqnando
721 339 776 379 nan
790 323 966 380 credidistis
976 321 1059 394 Deo,
1075 343 1158 381 nnnc
1168 344 1202 382 cs

166 430 223 476 tem
234 413 469 474 misericordiam
483 409 633 467 consecuti
643 409 715 464 estis
724 402 781 482 [in]
791 405 906 463 illoram
918 407 1167 466 incredulitate:
1179 413 1213 464 sis

166 511 196 559 ct
206 500 240 558 hi
249 517 327 556 nano
337 516 393 554 non
405 494 597 552 crediderant
606 493 637 548 in
646 501 749 548 cestra
759 491 977 559 misericordia,
991 501 1031 548 at
1047 499 1081 547 st
1096 492 1161 567 ipsi
1171 495 1213 547 ssi

166 583 363 640 sericordiam
381 585 607 653 consequantur.
637 573 753 630 Deinde
771 573 910 644 subiecit,
931 572 1015 630 unde
1029 575 1089 629 isti
1104 575 1164 630 sibi
1176 593 1213 632 sr-

164 665 258 722 rauda
270 663 470 730 blandiuntur,
483 668 571 733 atque
585 658 641 714 ait:
659 655 808 714 Conclusit
823 658 899 713 enim
911 654 997 713 Dens
1009 674 1121 714 amnes
1134 659 1166 713 in
1179 661 1215 713 in-

160 748 327 822 fidelitate,
341 757 375 804 at
388 746 512 802 amniam
525 743 713 798 misereatur.
750 741 829 806 Quas
843 757 961 812 omnes,
980 741 1049 795 nisi
1063 739 1106 796 dc
1121 741 1216 815 quibm

166 832 349 906 loquebatur,
363 838 502 902 tanquam
515 825 629 894 dicens,
644 833 674 880 ct
686 841 740 880 vos
755 833 785 879 et
797 819 883 878 illosl
900 821 983 878 Deus
997 841 1080 900 erga
1098 833 1132 879 et
1145 824 1216 880 Gen-

166 917 234 970 tiles
253 924 283 970 et
295 911 432 980 ludaeos,
457 927 530 984 quos
552 907 711 982 praescivit
734 917 765 962 et
785 905 1023 980 praedestinavit
1049 907 1217 964 coniurans
1247 927 1248 946 ¹

167 993 256 1070 [lieri]
271 995 408 1072 imaginis
422 992 492 1048 Filii
505 993 562 1062 sui,
586 1008 687 1047 omncs
702 991 734 1046 in
748 989 922 1046 infidelitate
935 991 1114 1047 conclusit:
1141 1001 1175 1046 ut
1190 990 1218 1044 de
1247 1035 1248 1052 ,

168 1077 366 1135 amaritudine
379 1075 562 1134 infidelitatis
577 1091 649 1129 suae
661 1071 839 1148 poenitendo
854 1072 989 1143 confusi,
1018 1082 1055 1128 et
1068 1073 1113 1129 ad
1126 1073 1216 1130 dulce

91 1195 92 1200 κ
169 1161 268 1218 dinem
280 1157 503 1216 misericordiae
517 1155 577 1214 Dei
591 1157 737 1214 credenda
752 1156 901 1226 conversi,
912 1157 1089 1212 clamarent
1104 1157 1180 1214 illud
1191 1159 1216 1212 in

168 1244 296 1315 Psalmo,
313 1241 409 1312 Quam
422 1241 518 1298 malta
530 1239 687 1296 multitado
702 1238 866 1296 dulcedinis
879 1249 958 1308 taae,
973 1233 1127 1309 Domine,
1141 1259 1216 1317 qaas

169 1328 352 1402 abscondisti
365 1324 536 1384 timentibus
550 1332 595 1394 te,
615 1323 783 1400 perfecisti
800 1330 899 1378 antem
917 1323 1141 1398 sperantibus,
1167 1342 1214 1379 non

167 1412 201 1466 in
215 1429 258 1483 se,
277 1409 329 1466 ssd
343 1411 373 1466 in
388 1407 434 1468 te!
456 1405 596 1463 Omnium
608 1407 708 1480 itaque
721 1407 879 1460 miseretur
890 1422 1034 1462 vasorum
1049 1408 1214 1462 misericor-

169 1494 244 1550 diae.
269 1492 345 1560 Quid
359 1502 418 1563 est,
439 1485 587 1557 amniuml
619 1487 659 1546 Et
672 1507 774 1544 eorum
788 1489 900 1544 scilicet
913 1505 987 1562 quos
1003 1506 1046 1543 ex
1063 1488 1213 1558 Gentibus,

169 1586 316 1632 eteorum
330 1594 402 1650 quos
417 1591 454 1630 cx
467 1573 583 1630 ludaeis
597 1572 845 1646 praedestinavit,
870 1573 1003 1643 vacavit,
1030 1573 1213 1642 iustificsvit,

168 1659 364 1735 glorificavit3
378 1676 439 1714 nan
454 1657 587 1714 amnium
599 1654 761 1728 bominum,
775 1653 827 1710 sed
838 1655 959 1712 istorum
973 1657 1117 1739 amnium
1131 1658 1212 1714 neni-

168 1759 235 1796 nem
248 1741 445 1796 damnaturus.

544 1855 667 1914 CAP.
711 1852 834 1912 XXV.

168 1955 212 2008 rln
223 1953 253 2006 hi
263 1953 310 2024 qni
319 1952 393 2006 inter
403 1951 553 2005 haereticas
565 1951 700 2021 baptizati
711 1961 783 2016 sant,
799 1961 825 2004 et
835 1950 980 2002 deteriores
987 1962 1092 2019 postea
1103 1957 1172 2006 male
1181 1955 1210 2004 ci·

167 2025 250 2076 aenda
264 2023 341 2097 sacti
351 2031 426 2086 sant,
445 2024 488 2074 cel
502 2021 532 2074 hi
547 2023 594 2090 qai
612 2023 687 2090 apnd
705 2021 850 2074 catholicos
865 2021 957 2072 certati
971 2021 1155 2076 adhaereres
1168 2033 1209 2074 ant

167 2093 314 2146 schismata
325 2093 509 2156 transierant,
529 2095 571 2144 ael
586 2091 616 2144 hi
630 2091 677 2160 qni
687 2109 704 2144 a
715 2090 855 2143 catholicis
870 2091 945 2157 apud
963 2107 1030 2158 qaas
1047 2094 1144 2145 renati
1156 2101 1209 2145 sust

219 2181 274 2217 non
282 2165 433 2216 recedentes
444 2162 585 2216 criminose
595 2161 683 2213 eicere
694 2161 887 2229 perstiterant,
899 2159 1007 2227 possint
1013 2162 1166 2234 privilegia

288 2241 517 2284 sacramentorum
528 2231 708 2284 remissionem
718 2229 825 2284 aeterni
834 2247 945 2299 sperare
954 2231 1096 2298 supplicii.

232 2319 292 2376 Sed
305 2322 363 2376 iam
376 2319 605 2394 respondeamus
619 2321 708 2378 etiam
720 2321 790 2390 illis,
805 2322 857 2394 qui
870 2337 931 2376 non
946 2321 1041 2375 salum
1056 2319 1171 2377 diabalo
1183 2331 1208 2376 et

168 2404 284 2480 angelis
299 2405 373 2475 eius,
393 2405 469 2460 sicut
482 2423 537 2460 nec
550 2405 614 2476 isti,
636 2403 688 2460 sed
701 2422 739 2460 ne
752 2404 823 2478 ipsis
837 2401 953 2477 quidem
966 2404 1107 2460 omnibus
1121 2402 1206 2460 bami-

168 2487 255 2544 nibus
269 2486 473 2544 liberationem
487 2487 522 2542 ab
536 2496 657 2544 aeterna
671 2489 742 2562 igne
753 2487 947 2558 promittunt3
970 2505 1076 2542 verum
1089 2489 1134 2544 eis
1147 2498 1205 2543 tsn-

168 2579 231 2626 tum
243 2571 293 2645 qui
307 2568 417 2626 Christi
436 2569 610 2642 baptismate
624 2568 716 2626 abluti
735 2577 765 2624 et
782 2569 913 2642 corporis
928 2569 991 2625 eius
1008 2579 1043 2624 et
1056 2574 1205 2650 sanguinis

167 2653 324 2727 participes
339 2653 411 2710 facti
425 2661 504 2723 sunt,
518 2651 735 2726 quomodolibet
747 2652 889 2724 vixerint,
904 2653 936 2708 in
950 2670 1131 2729 quacunque
1142 2653 1205 2710 hae-

166 2737 229 2792 resi
245 2737 293 2792 vel
311 2737 460 2810 impietate
476 2735 595 2792 fuerint.
631 2733 692 2792 Sed
712 2735 888 2795 conmodicit
905 2737 947 2792 eis
961 2735 1142 2810 Apostolus,
1166 2738 1204 2793 di-

168 2836 252 2874 eens:
279 2817 450 2892 Manifesta
464 2829 563 2876 antem
580 2829 651 2876 sant
664 2837 757 2896 opera
770 2821 886 2888 carnis,
902 2837 977 2896 qnae
988 2821 1204 2891 santforssica-

168 2903 223 2968 tia,
238 2901 436 2969 immunditia,
450 2899 582 2970 lanaria,
597 2901 740 2959 idolorum
753 2904 893 2971 scenitas,
912 2901 1070 2974 asnmieia,
1084 2905 1203 2961 inissici-
1247 2899 1248 2952 ἶ

167 2984 240 3050 tiae,
264 2984 480 3050 contentiones,
504 2983 732 3054 aemulationes,
759 2985 975 3054 animositates,
999 2985 1201 3054 dissensiones,

166 3063 320 3132 haereses,
348 3064 494 3134 incidiae,
520 3064 694 3138 ebrietates,
714 3069 949 3138 comessationes,
973 3077 1005 3124 et
1018 3066 1200 3126 hississs‘iia:

167 3165 242 3223 qnae
249 3147 397 3223 praedico
411 3147 504 3218 nobis,
522 3149 601 3206 sicat
613 3151 775 3227 praediti,
801 3151 935 3227 qnoniam
947 3152 999 3227 qni
1012 3151 1093 3208 talia
1105 3163 1199 3229 ogast,

166 3249 290 3306 regnam
303 3229 365 3288 Dei
376 3250 432 3288 non
439 3232 642 3308 possidebant.
657 3231 739 3288 Haeo
752 3233 882 3307 profecto
893 3233 1064 3306 Apostolica
1078 3235 1150 3292 falsa
1163 3245 1201 3290 est

167 3316 327 3388 sententia,
342 3317 367 3370 si
380 3317 453 3372 tales
466 3324 534 3388 post
547 3316 728 3389 quantalibet
741 3325 872 3390 tempora
883 3316 1001 3372 liberati
1012 3336 1141 3394 regnum
1150 3318 1198 3375 Dei

168 3399 369 3476 possidebunt.
419 3396 479 3454 Sed
497 3399 636 3473 quoniam
654 3398 728 3456 falsa
747 3418 807 3458 non
817 3409 873 3470 est,
879 3399 1012 3473 profecto
1019 3419 1145 3478 regnum
1152 3401 1199 3458 Dei

166 3499 227 3538 non
240 3481 438 3557 possidebunt.
449 3479 489 3536 Et
502 3483 572 3538 siin
585 3483 673 3559 regni
683 3482 741 3540 Dei
753 3484 939 3557 possessione
949 3501 1102 3557 nunquam
1113 3493 1198 3562 erunt,

152 3600 156 3606 -
167 3565 640 3639 aeterno,suppliciotenehuntun
653 3569 794 3640 quoniam
804 3585 865 3624 nan
876 3575 921 3622 est
930 3567 1012 3622 lacus
1023 3567 1151 3641 medius,
1160 3568 1198 3622 uli

167 3661 228 3700 non
242 3646 281 3698 sit
294 3647 325 3700 in
339 3649 488 3722 supplicia,
500 3650 551 3722 qui
564 3650 614 3704 illo
628 3667 689 3706 nan
704 3650 795 3706 fuerit
809 3650 985 3708 constitutus
996 3651 1029 3705 in
1043 3668 1148 3728 regna.

231 3725 425 3790 Quamobrem
438 3731 515 3806 quod
528 3733 570 3787 ait
584 3731 728 3790 Dominus
743 3731 840 3790 lesus:
862 3731 923 3790 Hic
937 3734 1097 3809 stiparis,
1112 3735 1161 3810 qai
1171 3732 1198 3788 ds

168 3805 245 3862 caela
258 3807 418 3883 descendit,
432 3823 466 3872 nt
480 3816 509 3870 si
520 3817 585 3890 qais
599 3834 636 3874 ea
651 3817 713 3892 insa
726 3817 962 3888 manducaverit,
977 3833 1035 3873 non
1049 3819 1198 3874 morietur:
