2592 4396
232 224 269 278 ia
460 213 557 272 nivi
578 199 767 270 ινιιΕιιι
788 209 1043 307 Avousums

229 372 415 448 peccatisque
430 383 489 422 non
503 363 602 420 servit.
638 359 711 418 Tale
725 359 823 417 datum
837 371 882 416 est
896 381 913 416 a
927 361 1006 418 Deo:
1033 364 1110 437 quod
1127 369 1257 425 amissum

228 454 347 531 proprio
360 451 446 519 vitio,
460 448 518 504 nisi
532 465 549 509 a
561 463 619 522 quo
633 444 696 500 dari
708 445 815 519 potuit,
830 443 912 500 reddi
926 463 986 501 uon
999 455 1104 518 potest.
1116 446 1257 507 VndeVe-

229 539 300 592 ritas
315 533 398 590 dicit:
412 529 448 589 Si
460 547 510 587 vos
526 527 622 586 Filius
637 527 821 596 liberaverit,
837 537 907 583 tanc
919 547 989 584 vere
1002 528 1091 586 liberi
1103 533 1195 588 eritis.
1214 533 1258 588 ld-

228 622 324 694 ipsum
337 626 382 672 est
394 623 503 684 antem,
518 631 551 668 ac
563 613 588 668 si
599 610 720 682 diceret,
735 609 769 667 Si
781 630 833 667 vos
846 609 939 666 Filius
953 612 1050 668 salvos
1064 610 1175 686 fecerit,
1188 625 1258 673 tunc

229 720 297 760 vere
309 701 383 756 salvi
397 697 489 753 eritis.
522 693 593 750 lude
607 696 710 769 quippe
723 695 874 766 liberator,
888 692 967 750 unde
980 697 1118 752 salvator.

292 783 417 840 Vivebat
429 781 528 854 itaque
536 775 621 834 homo
634 777 794 834 seeundum
806 775 904 834 Deum
914 777 946 833 in
959 777 1105 851 paradiso,
1120 788 1150 836 et
1161 799 1257 855 eorpo-

228 869 284 924 rali
299 876 329 922 et
342 864 477 938 spiritali.
507 860 610 936 Neque
628 861 706 916 enim
726 869 789 916 erat
807 859 960 935 paradisus
975 864 1136 935 corporalis
1148 875 1259 939 propter

230 950 360 1024 corporis
379 947 470 1017 bona,
497 955 528 1000 et
544 953 665 1018 propter
677 944 784 1000 mentis
799 958 860 1000 non
874 953 937 999 erat
951 945 1106 1018 spiritalis3
1132 957 1181 1003 ant
1194 967 1257 1005 vero

230 1041 293 1088 erat
306 1031 446 1106 spiritalis
459 1047 517 1104 quo
529 1045 583 1103 per
595 1027 766 1097 interiores,
781 1035 811 1082 et
824 1045 883 1083 non
897 1036 960 1082 erat
972 1029 1133 1102 corporalis
1147 1049 1202 1105 quo
1214 1050 1260 1105 per

230 1117 392 1170 exteriores
408 1130 512 1168 sensus
526 1109 610 1166 homo
625 1111 781 1167 frueretur.
796 1109 870 1166 Erat
883 1111 969 1183 plane
982 1120 1138 1186 utrumque
1150 1123 1261 1188 propter

228 1208 393 1272 utrumque.
415 1193 522 1252 Postea
534 1212 605 1251 vero
619 1211 705 1269 quam
718 1193 859 1268 superbus
872 1194 921 1248 ille
934 1196 1076 1270 angelus,
1101 1213 1135 1250 ac
1148 1215 1199 1270 per
1211 1195 1259 1252 hoc

228 1281 359 1350 invidus,
371 1298 423 1354 per
437 1277 558 1335 candem
569 1277 732 1352 superbiam
743 1295 760 1332 a
770 1275 834 1332 Deo
849 1277 885 1331 ad
899 1277 1085 1351 semetipsum
1099 1297 1261 1347 conversus,

214 1386 215 1390 ¹
228 1363 353 1440 quodum
366 1365 450 1439 quasi
463 1363 617 1437 tyrannico
630 1359 707 1416 fastu
720 1358 848 1436 gaudere
861 1359 995 1431 subditis,
1011 1378 1096 1434 quam
1111 1371 1187 1418 esset
1200 1363 1262 1418 sub·
1277 1387 1278 1390 ¹

229 1447 305 1502 ditus
320 1447 446 1524 eligens,
460 1445 495 1500 de
507 1445 631 1518 spiritali
644 1442 778 1518 paradiso
792 1441 909 1514 cecidit,
924 1433 973 1520 (de
984 1445 1065 1499 cuius
1079 1445 1162 1518 lapsu
1173 1447 1261 1502 socio-

228 1548 351 1603 rumque
365 1529 445 1599 eius,
466 1529 518 1600 qui
532 1545 569 1582 ex
582 1527 696 1603 angelis
711 1525 768 1582 Dei
782 1526 881 1602 angeli
894 1527 956 1580 eius
973 1522 1069 1582 effecti
1082 1537 1166 1598 sunt,
1187 1530 1218 1584 iu
1231 1530 1262 1583 li·

228 1613 290 1668 bris
302 1609 456 1666 undecimo
471 1619 500 1664 et
513 1609 684 1664 duodecimo
697 1607 784 1664 huius
799 1607 904 1682 Operis
919 1610 1001 1680 satis,
1023 1617 1165 1682 quantum
1176 1612 1263 1685 potui,

230 1688 407 1768 disputavi,)
431 1691 598 1748 malesuada
616 1692 748 1747 versutia
764 1693 796 1748 in
809 1689 935 1748 hominis
948 1709 1052 1748 sensus
1066 1711 1186 1767 serpere
1199 1691 1263 1750 alie·

231 1786 330 1846 stans,
350 1776 398 1830 cui
411 1775 515 1848 utique
529 1776 634 1846 stanti,
650 1775 789 1848 quoniam
802 1777 863 1849 ipse
878 1774 1032 1844 ceciderat,
1046 1775 1208 1848 invidebat,
1221 1796 1263 1833 co-

229 1860 343 1917 lubrum
357 1859 389 1914 in
402 1857 538 1932 paradiso
552 1858 713 1932 corporali,
739 1857 789 1912 ubi
809 1877 875 1914 oum
893 1857 1005 1914 duobus
1019 1859 1078 1914 illis
1091 1857 1264 1928 hominibus,

230 1943 361 1998 ruaseulo
376 1951 405 1997 et
419 1941 529 1997 lemine
542 1941 680 1997 animalia
693 1941 782 1995 etiam
802 1943 955 1998 terrestria
976 1950 1092 1998 caetera
1112 1943 1228 2000 subdita
1240 1956 1266 1998 et

230 2026 353 2082 innoxia
371 2024 581 2095 versabantur,
608 2025 716 2082 animal
734 2024 848 2080 seilicet
863 2023 1005 2081 lubriemn
1018 2034 1049 2080 et
1061 2029 1204 2084 tortuosis
1218 2046 1266 2083 nn·

230 2108 371 2164 fractibus
391 2107 514 2180 mobile,
539 2107 620 2182 operi
638 2124 691 2162 suo
712 2125 889 2184 congruum,
913 2125 966 2182 per
985 2126 1072 2183 quem
1090 2109 1267 2184 loqueretur,

232 2193 336 2268 elegit3
351 2209 444 2266 eoque
456 2209 509 2264 per
522 2191 686 2267 angelicam
698 2192 895 2263 praesentiam
904 2193 1207 2268 praestantioremque
1219 2213 1268 2250 ns-

232 2283 327 2328 turam
341 2275 466 2346 spiritali
480 2274 610 2346 nequitia
623 2272 678 2326 sibi
691 2273 840 2344 subiecto,
867 2282 897 2329 et
916 2283 1055 2349 tanquam
1072 2277 1268 2334 instrumento

232 2355 373 2422 abutens,
386 2354 502 2410 fallacia
519 2349 689 2428 [fallaciam]
704 2357 918 2414 sermocinatus
932 2367 977 2412 est
989 2357 1131 2415 feminae:
1159 2377 1180 2414 a
1192 2372 1269 2436 parte

232 2439 346 2495 scilicet
358 2437 498 2492 inferiore
511 2437 591 2492 illius
605 2435 749 2492 humanae
763 2439 883 2512 copulae
894 2441 1054 2516 incipiens,
1077 2451 1111 2497 ut
1124 2443 1270 2520 gradatim

230 2521 399 2598 perveniret
412 2519 448 2576 ad
461 2529 570 2591 totum;
597 2538 658 2575 nou
675 2520 863 2592 existimans,
888 2524 985 2580 virum
1002 2523 1089 2580 facile
1108 2525 1270 2594 credulum,

231 2621 286 2658 nce
305 2603 429 2660 errando
449 2621 534 2677 posse
554 2602 663 2676 decipi,
690 2602 742 2658 sed
754 2602 822 2660 dum
834 2605 932 2662 alieno
946 2605 1023 2662 cedit
1036 2609 1141 2662 errori.
1187 2609 1271 2666 Sicut

232 2687 310 2742 enim
323 2687 421 2742 Aaron
437 2687 547 2742 erranti
559 2687 664 2759 populo
679 2685 716 2740 ad
728 2685 838 2742 idolum
856 2686 1055 2744 fabricandum
1069 2707 1131 2746 ιιοιι
1142 2709 1270 2748 consen·

232 2771 270 2824 sit
282 2768 429 2838 inductus,
443 2769 494 2822 sed
508 2769 597 2824 cessit
610 2768 783 2836 obstrietus;
803 2787 858 2825 uec
872 2767 1059 2828 Salomonem
1073 2771 1217 2830 credibile
1232 2785 1278 2829 est,

232 2868 330 2904 errore
343 2858 460 2924 putasse
472 2849 557 2904 idolis
572 2867 636 2904 esse
649 2850 846 2922 serviendum,
860 2852 911 2908 sed
923 2853 1073 2910 blanditiis
1087 2855 1227 2914 femineis
1239 2857 1271 2912 ad

232 2932 282 2984 illa
297 2931 452 3006 sacrilegia
466 2930 557 2985 luisse
572 2933 765 3006 compulsum:
793 2935 1099 3008 itacredendumest,
1126 2940 1214 2997 illum
1226 2942 1270 2995 vi·

232 3030 296 3066 rum
310 3030 379 3066 suae
394 3011 530 3082 feminae,
545 3014 596 3068 uni
610 3031 712 3086 unum,
732 3013 878 3072 hominem
891 3016 1012 3090 homini,
1027 3022 1189 3098 coniugem
1202 3041 1270 3078 cou-

193 3135 196 3140 .
232 3095 311 3170 iugi,
331 3093 367 3148 ad
380 3091 437 3149 Dei
450 3096 546 3171 legem
565 3095 855 3173 transgrediendam,
881 3109 1095 3176 nontanqunm
1107 3121 1214 3160 serum
1228 3106 1270 3160 lo·

136 3181 137 3184 ’
232 3177 333 3250 quenti
348 3175 507 3232 credidisse
521 3176 686 3250 seductum,
714 3177 765 3234 sed
778 3183 882 3237 sociali
895 3182 1114 3240 necessitudine
1126 3189 1278 3259 paruisses

231 3256 299 3314 Non
319 3260 397 3314 enim
414 3257 522 3314 frustra
541 3259 616 3314 dixit
632 3261 804 3334 Apostolus,
827 3261 888 3322 Sed
900 3275 930 3320 et
942 3263 1037 3322 Adam
1050 3285 1107 3324 aea
1122 3279 1171 3324 eat
1185 3269 1278 3326 seda-i

189 3375 192 3379 ·
233 3351 309 3413 etus,
317 3341 423 3398 mulier
434 3351 532 3398 eutem
543 3343 666 3398 seducta
679 3352 742 3398 est:
756 3345 814 3400 nisi
825 3346 893 3420 qnia
905 3347 955 3402 illa
966 3347 1042 3421 quod
1053 3349 1082 3403 ei
1091 3367 1219 3422 serpens
1230 3353 1268 3405 lo-

231 3433 314 3478 eutus
324 3433 379 3492 est,
393 3433 531 3497 tanquam
543 3441 644 3478 verum
656 3435 744 3496 esset,
758 3429 882 3500 accepit,
895 3429 945 3484 ille
958 3440 1055 3486 autem
1068 3431 1104 3488 ab
1116 3434 1209 3488 unico
1220 3451 1278 3498 ιιι-ι

230 3507 285 3560 luit
299 3507 448 3560 consortio
462 3505 570 3576 dirimi,
585 3524 639 3560 nee
653 3506 685 3560 in
700 3511 904 3566 communione
914 3513 1043 3584 peccati;
1064 3531 1121 3570 nee
1135 3513 1206 3570 ideo
1219 3517 1278 3586 usi-q

232 3604 287 3641 nus
306 3605 391 3656 reus,
415 3586 466 3641 sed
485 3589 580 3644 sciens
598 3586 783 3664 prudensque
801 3595 942 3664 peccavit.
970 3593 1051 3650 Vnde
1070 3605 1100 3651 et
1113 3591 1278 3672 Apostolusl

231 3682 292 3720 non
304 3669 355 3738 ait,
370 3667 436 3723 Non
446 3671 591 3742 peccavit:
606 3668 666 3738 sed,
680 3667 744 3726 Non
756 3682 802 3730 est
815 3675 962 3732 seductus.
977 3675 1052 3731 Nam
1062 3680 1169 3752 utique
1180 3683 1278 3750 ipsnnn

233 3741 393 3819 [peccasse]
409 3751 548 3819 ostendit,
562 3751 611 3805 ubi
624 3749 712 3822 dicit,
735 3751 794 3810 Per
808 3773 894 3812 unum
906 3757 1047 3815 bominem
1061 3761 1197 3817 intravit
1203 3778 1278 3836 pec-q

234 3835 331 3878 catum
346 3830 375 3881 in
390 3831 542 3886 mundum:
570 3843 598 3886 ct
610 3834 695 3905 paulo
707 3846 774 3908 post
787 3839 934 3910 apertius,
953 3837 988 3896 ln
1002 3841 1215 3911 similitudine,
1231 3845 1262 3896 in
1277 3853 1278 3920 q
