2586 4396
261 182 325 244 na
349 179 563 242 crvrrcrn
587 181 842 245 animavi.
1020 194 1079 250 ιιι

45 357 125 414 „nen
152 353 265 395 causas
291 336 369 394 ritna
395 335 441 392 sui
467 344 630 408 noverunt3
659 337 754 394 maior
778 355 846 413 para
873 342 973 415 populi
997 343 1078 416 facit,

44 419 135 501 „quod
148 439 208 478 eur
221 419 313 476 faciat
325 418 475 498 ignorat.“
499 415 559 475 Sed
572 418 607 476 de
620 422 810 478 sacramentis
823 420 1011 498 ludaeorum,
1030 429 1078 484 vel

43 526 99 576 cur,
124 507 179 564 rel
192 512 341 582 quatenus
354 503 490 560 instituta
502 503 564 558 sint
576 505 750 560 auctoritate
763 505 875 579 divina,
901 525 935 563 ac
947 519 1075 582 postmo-

40 591 101 646 dum
114 609 133 646 a
144 589 260 664 populo
273 586 344 660 Dei,
359 587 407 645 cui
418 587 497 642 ritae
509 593 647 642 aeternae
659 590 833 663 mysterium
845 592 1008 650 revelatum
1020 603 1076 665 est,

39 683 165 748 tempore
180 689 244 747 quo
258 671 387 746 oportuit
400 667 684 728 eadem-auctoritate
697 672 810 730 sublata
821 673 891 745 sint,
906 682 937 730 et
949 676 1020 732 alias
1032 674 1075 731 di-

39 759 141 827 ximus,
165 755 300 811 maxime
314 772 382 810 cum
394 751 534 810 adversus
546 752 732 812 Manichaeos
745 774 911 835 ageremus,
934 767 964 814 et
976 760 1009 818 in
1021 757 1076 816 hoe

39 840 129 915 Opere
142 837 215 896 loco
232 837 441 912 opportuniore
455 835 608 894 dicendum
621 847 674 894 est.

433 1002 553 1061 GAP.
597 1002 690 1061 ΧΗ.

40 1104 110 1168 Quod
115 1101 270 1173 gentilium
280 1099 390 1151 &oram
399 1100 522 1153 cantare
535 1100 654 1164 detecta,
674 1111 791 1171 nequeat
803 1103 925 1156 dubitari
939 1115 1077 1161 aeternam

127 1189 174 1226 eos
184 1171 272 1224 citam
282 1168 384 1228 oem'mi
390 1171 690 1308 ¹²⁰⁸⁸⁰,{',2‘J,‘0⁸,t21⁷,⁶,2,⁹“i
699 1189 747 1226 aec
756 1172 843 1240 ipsam
854 1173 982 1228 adiacent

98 1347 188 1405 Nunc
200 1356 324 1424 propter
338 1355 399 1404 tres
412 1345 585 1426 theologias,
600 1364 672 1421 ques
684 1347 791 1404 Graeci
802 1321 904 1406 dicunt
915 1346 1076 1426 mythicen,

40 1431 188 1509 physicen,
207 1431 364 1508 politicen,
378 1429 482 1488 Latine
495 1439 594 1488 autem
608 1429 666 1488 dici
678 1443 812 1506 possunt,
831 1432 975 1504 fabulosa,
990 1443 1074 1490 natu-

39 1518 119 1587 ralis,
145 1516 260 1586 cirilis;
287 1514 366 1590 quod
379 1533 474 1590 neque
488 1514 524 1572 de
538 1515 682 1587 fabulosa,
708 1534 796 1592 quam
808 1525 838 1572 ct
849 1517 906 1592 ipsi
916 1517 1075 1574 multorum

39 1600 236 1674 falsorumque
250 1598 373 1654 deorum
386 1599 512 1656 cultores
525 1598 674 1656 liberrime
686 1597 954 1675 reprehenderunt,
979 1619 1074 1676 neque

41 1683 73 1740 de
84 1684 177 1754 civili,
195 1684 283 1739 cuius
296 1683 348 1738 illa
359 1699 429 1757 para
443 1700 507 1738 esse
520 1683 715 1754 convincitur,
734 1683 857 1760 eiusque
871 1694 901 1742 et
912 1686 970 1742 ista
982 1685 1074 1742 simil-

40 1769 102 1824 lima
113 1769 165 1824 vcl
179 1768 272 1823 etiam
285 1764 415 1822 deterior
427 1765 589 1838 invenitur,
602 1765 747 1841 speranda
760 1777 806 1824 est
818 1777 938 1826 aeterna
949 1770 1026 1842 rita;
1048 1770 1075 1826 ei

40 1853 82 1908 cui
95 1853 167 1908 satis
181 1868 245 1906 non
258 1858 330 1908 suut
344 1867 420 1925 qnae
437 1851 468 1905 in
487 1848 543 1906 hoc
556 1852 705 1907 volumine
723 1850 802 1908 dicta
819 1862 907 1925 aunt,
934 1851 1075 1930 adiungat

40 1937 120 1990 etiam
132 1936 188 1990 illa
202 1934 325 2008 quaein
339 1933 537 2008 superioribus
550 1935 650 2005 libris,
677 1945 707 1990 ιι
720 1936 848 1992 maxime
862 1945 966 2012 quarto
980 1935 1016 1992 de
1029 1937 1073 1992 fe-

39 2019 153 2074 licitatis
173 2017 280 2074 datore
298 2015 364 2074 Deo
382 2018 508 2092 plurima
526 2017 672 2094 disputata
692 2029 773 2076 suut.
799 2018 877 2078 Nam
888 2021 937 2076 cui
950 2021 1009 2078 uisi
1022 2021 1074 2076 uni

39 2102 170 2158 felicitati
186 2110 308 2176 propter
328 2109 479 2158 aeternam
497 2102 587 2158 vitam
606 2103 800 2160 consecrandi
818 2101 951 2159 homines
965 2112 1073 2174 essent,

39 2187 62 2241 si
73 2187 126 2242 dea
140 2185 273 2242 feliciter
289 2180 386 2240 essetf
414 2185 490 2252 Quia
509 2203 579 2242 vero
593 2205 654 2243 non
668 2185 736 2258 dea,
757 2185 809 2242 aed
821 2203 927 2242 munus
941 2195 987 2244 eat
999 2184 1072 2257 Dei;

40 2272 83 2326 cui
94 2269 161 2326 Deo
177 2269 239 2324 nisi
252 2265 350 2323 datori
362 2267 513 2324 felicitatis
528 2269 720 2326 consecrandi
733 2288 844 2342 sumna,
859 2271 911 2345 qui
923 2279 1073 2327 aeternam

39 2356 139 2425 vitam,
164 2353 218 2408 uhi
235 2369 309 2407 vera
327 2359 373 2407 cst
393 2360 423 2407 et
434 2352 522 2428 plcna
540 2351 682 2425 felicitae,
707 2354 756 2430 pia
769 2355 891 2411 caritate
904 2349 1072 2433 diligimurf

39 2435 101 2494 Non
117 2445 220 2494 autem
234 2434 369 2492 datorem
382 2453 445 2492 esse
458 2436 607 2493 felicitatis
621 2453 787 2511 quenquam
800 2439 925 2494 istorum
940 2437 1072 2508 deorum,

40 2523 85 2594 qui
97 2530 182 2577 tanta
194 2519 384 2594 turpitudine
397 2520 545 2590 coluntur,
570 2529 601 2575 et
613 2521 674 2575 nisi
687 2521 730 2574 ita
743 2521 890 2590 colantur,
902 2521 995 2575 molto
1008 2528 1072 2575 tur·

39 2606 100 2678 pius
111 2606 298 2674 irascuntur,
318 2611 407 2678 atque
420 2603 456 2660 oh
470 2601 526 2658 hoc
538 2620 570 2657 se
583 2603 703 2677 spiritus
717 2599 965 2658 immundissimos
981 2600 1072 2656 coufi-

39 2695 152 2756 tentur,
163 2697 234 2760 puto
246 2703 286 2742 cx
294 2684 340 2741 hir
351 2703 425 2761 qnae
436 2685 516 2742 dicta
528 2693 609 2757 suut,
623 2685 771 2741 neminem
784 2682 916 2740 dubitare
927 2693 1072 2758 oportere.

40 2769 134 2826 Porro
147 2773 270 2844 quinon
283 2769 334 2826 dat
346 2770 532 2842 felicitatem,
559 2770 652 2826 vitam
670 2767 815 2844 quomodo
833 2769 928 2844 possit
939 2767 1010 2824 dare
1022 2786 1073 2824 ae-

41 2849 171 2910 tcrnamf
191 2853 268 2912 Eam
282 2855 389 2930 quippe
401 2857 492 2912 vitam
504 2861 654 2910 aeternam
667 2852 801 2926 dicimus,
815 2853 866 2910 uhi
879 2861 924 2910 cst
936 2854 1001 2910 sine
1013 2851 1072 2910 fine

40 2937 169 2994 felicitas.
206 2937 284 2996 Nam
298 2939 326 2994 si
338 2941 436 2995 anima
448 2941 480 2995 in
492 2940 597 3015 poenis
610 2939 687 2995 vivit
699 2939 838 3011 aeternis,
853 2937 959 3014 quihus
973 2946 1003 2994 et
1015 2938 1072 3012 ipsi

40 3024 156 3096 spiritus
169 3023 383 3079 cruciabuntur
395 3023 553 3095 immundi,
577 3041 656 3080 mors
680 3024 797 3080 catilla
818 3023 917 3098 potius
941 3031 1072 3094 aeterna,

40 3124 120 3180 quam
133 3107 206 3162 rita.
230 3105 319 3162 Nulla
331 3107 438 3180 quippe
450 3109 543 3164 maior
554 3116 584 3163 et
596 3108 679 3181 peior
693 3116 737 3164 cst
745 3125 837 3179 mors,
851 3122 939 3182 quam
949 3107 1001 3164 ubi
1011 3123 1072 3162 non

39 3192 160 3246 moritur
172 3205 262 3246 mora.
280 3187 343 3246 Sed
357 3189 433 3264 quod
446 3192 560 3247 anianae
574 3201 690 3263 natura,
703 3192 799 3266 perid
812 3189 888 3267 quod
900 3191 1071 3246 immortalis

40 3283 131 3330 creata
146 3283 205 3344 est,
220 3273 285 3329 siue
300 3275 496 3349 qualicunque
509 3276 571 3332 rita
583 3293 649 3330 esse
662 3294 723 3331 uon
736 3283 844 3349 potest,
869 3291 980 3330 summa
992 3290 1071 3328 mors
1109 3266 1115 3286 ⁴

40 3357 95 3412 eius
109 3366 156 3413 cst
168 3357 312 3413 alienatio
325 3375 343 3412 a
355 3359 417 3414 vita
430 3355 489 3414 Dei
501 3360 533 3414 in
545 3360 720 3415 aeternitate
735 3358 880 3432 supplicii.
903 3356 1001 3412 Vitam
1013 3355 1071 3432 igi-

40 3447 82 3494 tur
94 3449 264 3511 aeternam,
292 3440 323 3495 id
337 3449 397 3513 est,
423 3443 488 3498 aine
499 3443 559 3498 ullo
573 3441 632 3498 fine
645 3443 771 3512 felicem,
791 3441 871 3496 solus
885 3440 935 3494 ille
948 3439 1009 3507 dat,
1023 3437 1073 3510 qui

40 3521 82 3578 dat
93 3543 196 3581 reram
209 3523 392 3580 felicitatem.
418 3526 512 3592 Quam
525 3527 663 3601 quoniam
676 3527 731 3596 illi,
757 3539 829 3599 quoa
843 3523 913 3580 colit
924 3518 1074 3594 theologia

40 3606 90 3662 itta
102 3609 215 3678 civilis,
226 3659 230 3666 ,
243 3605 316 3664 dare
328 3625 389 3664 non
401 3627 488 3684 posse
502 3611 631 3666 convicti
649 3618 732 3680 aunt3
759 3623 820 3662 non
841 3606 935 3659 solum
952 3609 1072 3675 propter

41 3688 90 3746 ista
103 3691 279 3766 temporalia
293 3700 381 3768 atque
394 3701 524 3764 terrena,
544 3691 621 3768 quod
634 3690 835 3764 superioribus
848 3687 977 3762 quinque
989 3685 1072 3742 libris

42 3773 225 3845 ostendimus,
240 3773 294 3830 sed
307 3776 398 3832 multo
411 3777 505 3854 magia
514 3785 635 3851 propter
643 3776 735 3832 vitam
745 3782 906 3840 aeternam,
920 3786 994 3844 qnae
1005 3781 1072 3845 port

44 3865 158 3914 nortem
169 3856 272 3916 futura
287 3867 344 3932 est,
362 3857 439 3936 quad
452 3861 509 3918 isto
522 3877 581 3919 uuo
596 3861 684 3918 etiam
697 3857 755 3916 illis
768 3854 993 3932 'cooperantibus
1007 3855 1071 3933 egi·
