2530 4392
187 191 245 259 DE
270 192 489 262 clvll'ATE
513 194 818 264 nultiuxrx.
898 255 900 258 .
962 205 1024 266 259

50 344 131 402 ritotir
153 345 361 408 nocentiorem:
390 346 441 412 red
458 365 514 410 uec
532 349 575 412 rio
595 349 675 412 omui
691 349 777 412 modo
797 355 927 416 recitent
941 353 1021 426 delt-

50 430 92 484 otio
105 425 249 487 deterende
262 437 323 500 ert,
349 447 387 490 ne
401 428 588 494 subtrahatur
601 431 652 491 ille
665 435 811 505 ouoriter,
839 447 868 494 et
880 441 1023 518 opprimat

50 530 61 568 o
77 513 229 574 neceooitoo.

375 567 497 655 cnr.
539 594 626 654 xx.

81 672 151 740 Quod
157 673 220 728 cicer
230 683 385 728 remotorum
395 674 424 728 ie
434 675 508 734 vitae
517 676 597 731 boloe
608 686 725 744 tempore
735 695 780 747 opo
791 679 865 732 beati
879 679 944 742 tint.

65 763 243 834 Quamobrem
261 783 403 824 nmmum
422 765 531 827 bonum
544 765 680 828 Civitatis
694 767 753 828 Dei
770 789 834 828 cum
853 772 892 831 oit
904 780 1021 828 aeterno

50 865 56 901 ι
70 857 150 928 etque
161 846 303 921 perfeeto,
318 867 379 912 non
391 866 444 924 per
454 868 541 925 quem
552 853 693 912 morteler
707 861 860 912 moereant
873 853 1021 912 noscendo

50 949 85 986 ue
101 930 258 1003 moriendo,
284 931 335 990 red
350 933 381 994 in
397 951 455 1007 que
472 934 650 997 immortales
667 947 806 994 moneant
820 936 893 994 nibil
906 938 1021 994 adversi

50 1015 113 1070 nino
125 1013 272 1088 peticnd03
299 1016 363 1090 quir
376 1026 421 1073 ert
434 1018 484 1092 qui
498 1019 579 1078 illurn
592 1020 683 1078 vitem
697 1022 744 1078 rol
757 1021 954 1078 beetiroimem
969 1039 1021 1078 ne-

52 1136 61 1166 ,
77 1099 120 1154 vel
132 1097 160 1154 in
174 1099 235 1156 eino
250 1101 469 1172 comparatione
483 1102 585 1172 istum,
601 1119 675 1176 quae
688 1100 735 1160 bic
750 1105 864 1180 egitur,
889 1105 1022 1179 quentis-

50 1191 66 1236 :t
83 1181 167 1238 enimi
181 1191 209 1238 et
226 1183 355 1256 corporis
374 1192 621 1260 externarumque
638 1203 736 1243 rerum
751 1185 836 1242 boeio
857 1188 944 1260 pleno
971 1188 1022 1256 rit,

50 1286 54 1320 ι
77 1265 260 1321 miserrimum
282 1261 410 1325 iudicetl
455 1267 549 1332 Quem
567 1276 665 1327 tomen
683 1270 851 1342 quicunque
869 1271 911 1324 oie
924 1268 1022 1337 hebet,

50 1349 100 1401 rius
113 1365 191 1402 usum
203 1347 313 1403 referat
326 1346 363 1402 ed
375 1349 455 1404 illius
468 1347 573 1420 finem,
594 1369 681 1425 quam
696 1351 793 1427 diligit
806 1351 1021 1420 ardentissime,

50 1429 201 1486 idelissime
223 1439 336 1504 operat,
363 1449 424 1490 non
438 1431 561 1494 absurde
575 1432 633 1492 diei
647 1434 735 1492 ctiam
748 1452 827 1492 nunc
841 1434 942 1498 beotuo
957 1443 1022 1506 pot-

77 1532 125 1587 spe
139 1514 186 1568 ille
197 1516 312 1588 potior,
337 1531 422 1588 quom
434 1534 467 1570 re
479 1516 545 1574 isto.
588 1514 647 1575 Res
661 1533 732 1576 vero
746 1518 803 1576 iota
815 1519 882 1575 cine
896 1536 947 1592 ope
960 1518 1021 1587 illo,

50 1595 135 1652 titudo
148 1596 220 1652 folco
233 1606 263 1652 et
276 1615 383 1674 magno
396 1600 514 1657 miserie
528 1609 588 1656 ert:
603 1619 664 1656 non
679 1602 758 1658 enim
770 1602 850 1662 veris
864 1602 955 1656 enimi
968 1600 1021 1656 bo·

50 1681 148 1736 utitur.
191 1681 336 1748 Quoniam
351 1699 411 1742 non
425 1691 470 1738 ert
483 1701 553 1738 uero
567 1685 721 1756 sapientie,
739 1701 814 1758 quoe
828 1684 1022 1740 intentionem

50 1784 68 1818 n
87 1761 178 1820 inhio
197 1782 272 1837 quoe
290 1764 450 1838 prudenter
470 1759 627 1838 discernit,
654 1768 733 1844 gerit
745 1766 879 1838 fortiter,
906 1763 1023 1832 cohibet

50 1856 197 1920 perunter,
225 1847 362 1921 iusteque
377 1846 540 1922 distribuit,
568 1869 628 1910 non
650 1852 682 1908 in
701 1851 785 1908 illum
805 1850 909 1927 dirigit
921 1848 1022 1918 finem,

56 1928 206 1986 critDeuo
233 1931 331 1988 omnic
357 1931 388 1988 in
414 1933 564 2004 ommibus,
591 1935 768 1992 aeternitate
794 1943 875 1989 certe
898 1942 928 1990 et
950 1949 1022 2005 poue

50 2023 121 2068 ectu.

364 2095 487 2156 CAP.
531 2095 642 2154 XXI.

50 2175 180 2228 erundum
195 2173 363 2246 definitiones
375 2175 524 2242 Scipionis,
543 2193 611 2243 pune
627 2175 655 2226 io
672 2175 781 2244 dialogo
800 2173 937 2232 Ciceronis
951 2182 1022 2236 tunt,

241 2261 357 2312 unquam
363 2245 457 2316 fiterlt
467 2243 590 2296 Romana
601 2243 762 2310 respublica.

51 2360 163 2425 oropter
177 2368 258 2406 nunc
273 2360 318 2408 est
331 2353 429 2423 locus,
444 2361 476 2408 ut
489 2368 576 2425 quom
589 2359 691 2424 potero
703 2349 832 2407 breviter
844 2369 879 2407 ee
893 2349 1023 2406 dilucide

52 2435 150 2505 diem,
179 2433 258 2508 quod
271 2435 302 2490 in
316 2435 446 2492 secundo
460 2433 546 2492 buius
561 2432 666 2506 Operis
688 2433 762 2489 libro
777 2453 823 2489 me
838 2433 1023 2490 demonstro-

51 2539 75 2574 m
89 2535 156 2574 esse
169 2519 309 2590 promisi,
323 2517 483 2576 secundum
496 2515 700 2586 delinitioncr,
728 2518 832 2590 quibno
847 2515 1022 2590 epudCice-

51 2622 79 2656 m
93 2602 192 2656 utitur
207 2599 307 2676 Scipio
321 2603 352 2658 in
366 2601 448 2658 libris
463 2601 498 2656 de
512 2598 679 2673 republica,
697 2617 846 2674 nunquam
865 2598 1023 2672 rempubli-

52 2685 149 2740 fuisoe
162 2682 337 2742 Rumonem.
380 2683 514 2740 Breviter
529 2684 608 2738 enim
622 2682 830 2755 rempublicam
844 2681 948 2738 definit
961 2699 1025 2736 erre

52 2769 164 2841 populi.
212 2769 293 2834 Quoe
307 2767 440 2825 definitio
454 2768 480 2822 oi
493 2784 563 2826 vere
577 2775 635 2834 eet,
661 2783 811 2840 nunquam
823 2765 880 2822 tuit
892 2763 1026 2820 Romuue

52 2851 156 2908 blica:
185 2853 256 2925 quio
273 2851 493 2926 nunquomluit
507 2869 554 2908 rer
573 2850 691 2924 populi3
715 2867 801 2924 quoru
823 2848 1026 2905 definitionui

52 2943 64 2988 t
86 2951 158 2990 esse
177 2934 367 3008 reipublicae.
412 2934 555 3008 Populum
576 2935 655 2990 enim
673 2951 737 2988 ereo
756 2932 890 2990 delinivit
909 2939 1027 2988 coetum

54 3017 194 3088 tudinis,
209 3019 282 3076 iuris
298 3037 444 3081 consensu
459 3029 489 3076 et
502 3019 640 3076 utilitati·
655 3017 860 3074 coimmunione
872 3015 1024 3072 sociatum.

64 3109 172 3159 autern
195 3100 275 3161 dieut
293 3103 367 3162 iuris
385 3121 579 3172 conuentum,
607 3100 782 3176 disputando
803 3101 948 3174 explicet3
974 3117 1026 3173 per

53 3183 216 3242 retendens
237 3187 302 3262 geri
321 3187 386 3244 siue
403 3187 518 3242 iustitio
536 3202 596 3240 non
620 3202 706 3257 poree
727 3185 948 3256 rempublicam:
977 3179 1027 3235 ubi

53 3269 180 3327 iustitia
194 3287 267 3324 vera
281 3287 341 3326 non
355 3278 417 3338 est,
430 3287 484 3323 neo
497 3269 543 3324 iuo
557 3275 741 3341 potestesse.
770 3264 856 3330 Quod
869 3265 948 3318 enim
963 3263 1027 3316 iure

57 3349 185 3408 rosceto
211 3353 289 3411 iuste
312 3351 354 3409 fit.
396 3349 484 3417 Quod
502 3359 599 3408 eutem
617 3347 790 3416 fitiniurte,
817 3346 949 3400 neeiure
963 3342 1026 3398 fiori

53 3445 71 3490 t.
123 3433 199 3492 Non
215 3436 294 3492 euim
308 3436 373 3492 iure
386 3433 511 3490 dicendo
523 3441 593 3489 eunt
605 3433 652 3487 vel
665 3427 794 3504 putando
812 3429 916 3502 inique
932 3424 1027 3482 loomi-

53 3519 250 3578 constituto:
276 3538 342 3576 eum
356 3517 427 3574 illud
442 3519 530 3574 etium
547 3517 603 3591 ipsi
618 3515 663 3570 ius
679 3531 742 3568 esre
756 3511 873 3600 diopnt,
899 3506 979 3584 quod
993 3507 1029 3562 de

54 3619 99 3656 ¹ne
119 3599 213 3660 fonte
233 3603 414 3672 munererit3
440 3599 601 3674 fultumque
621 3616 701 3664 core,
729 3595 806 3670 quod
825 3612 843 3648 o
855 3589 1028 3668 quibusdem

54 3693 129 3738 ficte
145 3685 348 3744 sentientibus
363 3684 421 3740 diei
435 3685 526 3753 solet,
545 3681 575 3738 id
588 3699 653 3736 erse
666 3682 728 3750 ius,
756 3676 833 3753 quod
852 3678 880 3732 ei
898 3676 947 3750 qui
964 3675 1028 3749 plur

54 3777 78 3836 t,
95 3768 181 3822 utile
197 3778 252 3828 eut·
297 3769 441 3836 Quocirca
453 3767 502 3822 ubi
515 3785 575 3823 non
591 3776 636 3820 ert
648 3781 720 3820 vero
733 3763 858 3832 iustitio,
872 3760 945 3815 iuris
959 3774 1030 3814 oon-

74 3851 227 3908 soeiotuo
252 3861 353 3910 ooetur
375 3850 524 3907 homiuum
548 3867 607 3906 non
631 3856 824 3985 poteotRepsffi
852 3853 882 3900 et
894 3841 960 3897 ideo
974 3857 1029 3894 nec
