2510 4404
212 161 270 218 DE
300 162 519 222 ClVlTATE
546 165 627 224 DEI
652 167 733 226 LlB.
760 169 858 231 XXl.
986 181 1047 239 359

36 311 77 386 lgo
91 314 366 388 anapaesticus,
387 319 438 392 qni
451 318 486 374 de
500 317 578 374 coelo
591 319 730 379 descendi
733 341 745 395 ,·
767 325 797 380 si
808 330 873 400 quis
888 332 1047 391 manduco·

36 395 90 450 trit
103 412 140 450 es
150 393 204 452 hoc
212 415 302 472 pane,
315 399 395 456 vivet
406 403 437 456 s’n
448 411 611 474 oeternum,
626 404 770 478 quomodo
784 407 823 462 sit
835 411 1048 487 accipiendum,

36 478 114 534 erito
129 481 286 553 quaeritur.
299 479 340 538 Et
352 482 387 538 ah
401 484 467 540 istis
482 483 599 558 quidem
613 487 716 561 quihus
731 508 812 547 nuuc
826 495 1047 569 respondemus,

36 579 88 616 unc
102 561 285 620 intellectum
298 565 438 624 auserunt
451 569 494 622 illi
508 568 614 643 quibus
628 570 733 628 deinde
743 575 979 648 respondendum
987 591 1046 638 est:

36 645 125 700 isunt
137 654 233 704 autem
247 649 297 722 qui
314 646 392 706 hanc
411 651 630 724 liberationem,
652 673 709 712 uec
727 659 860 714 omnihus
874 658 1047 720 habentibus

36 738 225 786 tetamentum
238 731 417 806 baptismatis
432 743 462 790 et
475 737 606 810 eorporis
621 735 748 812 Christi,
773 740 824 796 scd
838 745 908 798 solis
923 743 1046 802 catholi-

36 829 64 880 s,
85 813 215 886 quamvis
229 816 305 872 male
317 817 494 888 viventibus,
507 821 698 891 pollicentur:
722 826 772 898 qui
786 843 846 880 non
860 827 934 897 solo,
948 829 1046 904 inqui-

36 903 76 966 nt,
90 907 284 967 sacramanto,
296 899 348 954 sed
361 919 394 956 re
407 901 471 975 ipsa
483 902 735 962 manducaverunt
748 925 853 982 corpus
868 906 995 982 Christi,
1015 914 1046 968 in

36 995 72 1033 so
87 980 201 1034 scilieet
214 982 276 1038 eius
292 999 414 1057 corpore
429 986 595 1044 constituti:
615 987 650 1044 de
664 1005 722 1062 quo
734 1009 857 1064 corpore
870 993 912 1048 ait
924 993 1047 1068 Aposto-

36 1079 67 1116 s:
100 1059 179 1118 Vnus
194 1066 305 1140 ponis,
329 1085 417 1123 unum
435 1086 543 1144 corpor
556 1069 644 1126 multi
656 1088 763 1130 sumus.
799 1075 858 1140 Qui
872 1094 943 1154 crgo
958 1087 1004 1133 est
1017 1079 1046 1135 in

38 1163 72 1199 us
87 1147 217 1220 corporis
231 1148 358 1219 unitate,
381 1149 485 1222 idest,
508 1152 541 1206 in
555 1149 791 1212 Christianorum
807 1176 945 1236 compage
957 1179 1047 1217 mem—

36 1246 138 1300 orum,
163 1231 246 1286 cuius
260 1233 392 1306 corporis
406 1243 621 1290 sacramentum
634 1235 736 1294 fideles
750 1243 999 1298 communicantes
1013 1243 1048 1298 de

38 1313 95 1367 tari
108 1330 222 1370 sumere
236 1325 469 1388 consueverunt,
495 1319 559 1391 ipse
572 1337 642 1376 vcro
655 1319 798 1378 dicendus
814 1333 858 1379 est
871 1325 1047 1382 manducare

36 1411 115 1468 crpus
130 1394 250 1468 Christi,
266 1407 295 1454 et
308 1397 408 1454 bibere
422 1403 597 1478 sanguinem
610 1401 728 1460 Christi.
757 1405 799 1462 Ao
811 1425 863 1482 per
876 1405 931 1464 hoe
945 1406 1047 1465 haere-

36 1479 61 1532 ci
80 1487 109 1534 et
127 1478 306 1536 schismatici
325 1481 360 1538 ab
379 1481 468 1540 huius
488 1486 601 1542 unitate
624 1489 754 1561 corporis
774 1492 902 1564 separati
924 1503 1048 1566 possunt

36 1581 84 1617 ,em
95 1564 247 1637 percipere
257 1575 484 1640 sacramentum,
499 1567 624 1626 sednon
638 1571 694 1626 sibi
706 1573 788 1642 utile,
802 1574 861 1628 imo
876 1593 946 1630 vero
960 1577 1047 1631 ctiam

36 1646 144 1718 sxium,
170 1665 227 1722 quo
241 1648 408 1706 iudicentur
426 1653 564 1729 gravius,
588 1671 676 1728 quam
688 1657 736 1710 vel
749 1655 861 1712 tardius
873 1658 1044 1714 liberentur,

37 1749 76 1786 on
90 1741 159 1786 sunt
174 1733 296 1790 enimin
312 1751 345 1789 eo
358 1735 476 1791 viuculo
491 1736 583 1810 pacis,
604 1735 681 1810 quod
695 1739 745 1793 illo
760 1739 936 1812 exprimitur
948 1759 1047 1797 saera·

37 1821 115 1870 ento.
199 1881 201 1886 Ι

74 1895 138 1954 Sed'
153 1917 255 1955 rursus
269 1901 357 1956 etiam
374 1901 425 1956 isti
438 1902 488 1976 qui
510 1911 591 1958 recte
607 1897 794 1980 intelligunt,
818 1923 877 1960 non
891 1906 1045 1963 dicendum

36 2000 72 2037 se
100 1999 165 2038 eum
187 1983 362 2040 manducare
386 2002 490 2057 eorpus
512 1983 636 2055 Christi,
660 1987 710 2059 qui
732 1988 765 2040 in
784 2005 907 2060 corpore
925 1999 1045 2044 nonest

36 2066 129 2137 bristi,
143 2085 205 2122 non
217 2075 298 2122 recte
311 2067 488 2141 promittunt
501 2067 609 2140 eisqui
622 2069 670 2124 vel
683 2069 715 2123 in
728 2066 884 2138 haeresim,
897 2071 945 2124 vel
959 2072 1046 2125 etiam

52 2151 209 2227 gentilium
222 2151 471 2222 superstitionem,
487 2167 524 2206 ax
537 2150 615 2204 illius
629 2151 759 2223 corporis
771 2151 885 2206 unitate
899 2151 1046 2222 labuntur,

36 2234 209 2288 serationem
223 2233 397 2308 quandoque
411 2233 445 2288 ah
459 2233 573 2290 aeterni
586 2233 656 2309 igne
666 2234 811 2306 supplicii.
824 2231 964 2305 Primum,
978 2237 1046 2309 quia
1143 2301 1149 2308 ,

36 2318 114 2373 ebent
132 2317 301 2388 attendere,
326 2319 468 2392 quamsit
487 2316 671 2372 intolerabile
690 2324 777 2391 atque
791 2335 808 2372 a
822 2335 893 2373 sana
912 2317 1047 2374 doctrina

39 2402 93 2456 mis
107 2399 235 2471 devium,
249 2410 283 2456 ut
293 2401 377 2455 multi
387 2418 421 2456 ac
430 2418 506 2476 pene
517 2418 629 2470 omnes,
643 2399 694 2473 qui
707 2397 842 2455 haereses
856 2401 959 2474 impias
974 2419 1046 2458 con-

36 2485 143 2540 derunt
157 2493 299 2540 exeuntes
313 2483 350 2540 de
363 2482 505 2540 catholica
516 2481 660 2552 Ecclesia,
674 2491 703 2538 ct
715 2483 786 2538 faeti
800 2493 869 2538 sunt
882 2482 1046 2540 haeresiar-

36 2587 93 2640 lae,
119 2568 254 2623 meliores
269 2565 396 2622 habeant
409 2585 526 2638 causas,
555 2583 640 2640 quam
653 2564 683 2620 hi
698 2567 747 2640 qui
761 2584 912 2641 nunquam
925 2567 1047 2622 fuerunt

36 2651 154 2724 ¹tholiei,
170 2669 236 2706 cum
249 2652 281 2706 in
295 2669 396 2706 eorum
409 2653 528 2726 laqueos
542 2650 733 2720 incidissent3
760 2651 787 2704 si
800 2651 868 2704 illos
881 2647 1046 2706 haeresiar-
1089 2658 1093 2664 '

36 2754 73 2791 las
90 2733 147 2790 hoc
162 2734 233 2791 facit
246 2734 365 2790 liberari
379 2753 396 2792 a
408 2735 549 2808 supplicio
565 2735 756 2808 sempiterno,
769 2731 847 2807 quod
859 2733 891 2788 in
905 2730 1047 2788 catholica

36 2819 140 2874 eclesia
154 2818 294 2892 baptizati
307 2827 387 2890 sunt,
402 2826 432 2873 et
445 2825 659 2874 sacramentum
669 2818 798 2890 corporis
809 2814 918 2872 Christi
931 2817 964 2872 in
974 2835 1046 2872 vero

36 2902 116 2958 iristi
130 2919 253 2975 corpore
266 2903 401 2976 primitus
416 2909 608 2974 acceperunt:
637 2918 704 2956 eum
720 2902 803 2974 peior
820 2901 921 2975 utique
941 2902 981 2955 sit
996 2899 1046 2954 de-

36 2995 100 3040 rtor
113 2984 183 3040 fidei
196 2993 226 3040 et
239 3002 276 3040 ex
289 2984 440 3041 desertore
453 2993 637 3062 oppugnator
652 2985 715 3040 eius
732 2979 868 3054 effectus,
895 3001 983 3057 quam
996 2984 1045 3038 ille

36 3071 55 3124 ri
68 3087 130 3124 non
144 3067 276 3126 deseruit
289 3087 375 3144 quam
389 3087 539 3142 nunquam
552 3069 658 3124 tenuit.
681 3067 797 3124 Deinde
811 3068 880 3140 quia
894 3075 924 3122 et
935 3064 980 3121 his
996 3086 1046 3122 oe-

36 3153 98 3208 nrit
111 3152 268 3225 Apostolus
283 3153 384 3208 eadem
396 3151 486 3208 verba
498 3149 662 3220 proferens,
677 3160 707 3204 et
720 3150 899 3206 enumeratis
910 3149 969 3204 illis
981 3167 1046 3204 car·

36 3255 52 3291 ,s
77 3236 215 3309 operibus
239 3233 340 3290 eadem
362 3232 487 3288 veritate
511 3231 697 3302 praedicens:
727 3229 873 3298 Quoniam
897 3232 949 3304 qui
969 3230 1047 3286 tolia

36 3328 114 3394 gunt,
128 3335 252 3391 regnum
265 3315 326 3372 Dei
338 3332 393 3370 non
404 3312 607 3389 possidebunt.

71 3399 158 3460 Vnde
175 3417 230 3454 nec
249 3397 294 3452 illi
313 3397 345 3452 in
366 3395 487 3470 perditis
508 3403 538 3450 et
556 3393 770 3450 damnabilibus
788 3391 918 3448 moribus
942 3390 1049 3448 debent

36 3501 72 3537 se
86 3482 202 3552 securi,
234 3481 286 3554 qui
303 3497 395 3554 usque
414 3480 446 3534 in
465 3477 554 3534 finem
567 3477 685 3552 quidem
703 3477 829 3532 velutin
844 3474 1050 3530 communione

36 3565 162 3621 eclesiae
184 3561 345 3620 catholicae
365 3570 572 3635 perseverant,
599 3562 748 3618 intuentes
767 3557 844 3634 quod
861 3555 973 3613 dictum
993 3565 1050 3628 est,

39 3652 72 3706 ui
75 3649 322 3727 perseveraverit
336 3663 425 3722 usque
438 3647 468 3702 in
475 3645 581 3716 finem,
594 3643 643 3702 hic
656 3643 756 3700 solvus
771 3644 845 3716 crit,·
865 3649 895 3696 et
907 3659 958 3714 per
971 3641 1052 3697 vitae

36 3735 213 3810 [iquitatem,
237 3732 330 3804 ipsam
343 3731 423 3786 vitae
434 3729 588 3798 iustitiam,
602 3725 679 3803 quod
692 3726 735 3782 eis
750 3724 883 3783 Christus
898 3732 953 3794 est,
968 3722 1052 3778 dese-

36 3826 90 3890 int,
106 3817 170 3872 sive
183 3813 373 3886 fornicando,
388 3814 450 3870 sive
465 3815 537 3870 alias
551 3809 749 3868 insniunditias
764 3807 955 3888 flagitiorum,
981 3823 1053 3881 quas
