2530 4392
201 217 262 274 304
429 211 527 270 DIVI
548 209 733 268 AVRELH
757 204 1011 300 Atavsrlns

201 367 278 444 quod
291 366 325 423 iit
336 367 426 438 einis3
453 364 478 420 it
489 366 521 420 in
534 371 725 434 vetustatem,
750 361 828 438 quod
846 360 881 416 fit
898 370 1000 432 rctns3
1028 363 1054 418 it
1073 365 1234 436 intestam,

202 449 276 527 quod
289 468 327 506 ex
339 450 402 506 luto
415 447 449 504 fit
461 457 549 504 teste:
570 455 599 502 et
611 447 672 505 alis
684 454 823 502 sexcenta
835 447 878 501 sic
890 445 1046 519 loquimur.
1086 448 1234 515 Quomodo

201 543 299 590 autem
316 534 356 589 sit
371 532 502 589 futurum
521 531 597 607 qnod
616 549 695 586 nune
713 549 765 605 pro
783 538 899 585 normae
917 529 1109 586 ratiunculae
1129 535 1234 589 viribus

201 627 347 692 utcunque
362 617 546 686 coniicimus,
561 624 630 670 tune
644 615 701 669 erit
713 615 820 688 potius,
833 621 867 668 ut
879 629 967 668 nosse
980 615 1150 686 possimus.
1186 615 1234 673 Re·

201 703 414 766 surrectionem
429 700 532 774 quippe
545 707 724 754 mortuorum
737 697 864 754 suturam
877 713 939 750 esse
948 697 984 751 in
998 715 1112 770 carne,
1128 700 1235 775 quando

201 783 332 841 Christus
345 791 486 840 venturus
500 792 545 838 cst
557 783 640 838 vivos
653 781 831 837 iudicaturus
846 789 875 835 et
887 787 1035 850 mortuos,
1063 793 1199 856 oportet,
1215 787 1235 839 si
1263 777 1264 812 ³

201 865 359 926 Christiani
373 885 437 922 esse
450 867 598 936 volumus,
617 874 651 920 ut
664 864 823 920 credamus.
859 861 916 919 Sed
929 881 990 918 non
1003 863 1076 921 idco
1093 865 1133 922 de
1146 865 1198 923 hee
1209 887 1234 922 re

201 952 298 1008 inanis
312 959 358 1006 est
369 948 441 1005 fides
460 957 580 1020 nostra,
604 948 630 1004 si
648 946 888 1023 quemadmodum
905 945 1006 1016 futura
1026 949 1089 1021 sit,
1115 951 1234 1026 perfecte

202 1031 444 1109 comprehendere
457 1051 518 1088 non
531 1033 671 1089 valemus.
703 1029 811 1086 Verum
823 1031 891 1102 iam,
906 1031 982 1086 sieut
995 1049 1092 1104 supra
1107 1036 1232 1108 promisi-

201 1135 277 1188 mus,
290 1115 325 1172 do
338 1115 392 1174 hoc
401 1115 508 1172 iudicio
518 1114 575 1173 Dei
585 1116 743 1172 novissimo
757 1115 845 1170 etiam
857 1111 1022 1188 prophetici
1037 1125 1163 1173 veteres
1173 1118 1233 1173 libri

201 1200 271 1277 quid
284 1201 573 1275 praenuntiaverint,
598 1208 739 1274 quantum
753 1199 824 1253 satis
838 1215 901 1252 esse
915 1196 1080 1270 videbitur,
1107 1199 1231 1257 debemus

202 1283 369 1342 ostendere:
397 1302 490 1360 qnae,
515 1284 592 1339 sicut
608 1282 743 1354 arbitror,
766 1299 827 1337 non
840 1288 921 1336 tanta
938 1299 1020 1337 mora
1044 1301 1175 1341 necesse
1188 1285 1232 1339 erit

201 1369 367 1426 tractari-et
380 1369 497 1442 exponi,
508 1368 535 1422 si
550 1367 630 1438 istis,
654 1383 727 1441 quae
739 1365 950 1441 praemisimus,
975 1365 1077 1422 lector
1093 1369 1232 1425 curaverit

201 1451 340 1509 adiuvari.

577 1532 698 1591 CAP.
741 1529 854 1588 XXI.

202 1629 274 1694 Quid
282 1630 382 1683 Esaias
390 1630 530 1698 Propheta
542 1631 572 1682 de
582 1639 747 1752 abortuorugn
757 1628 954 1682 rerurrectione
964 1636 992 1680 et
1001 1631 1191 1686 retributione
1200 1632 1224 1682 ir

614 1717 662 1752 scu
675 1709 712 1752 set
731 1709 833 1752 ocutus.

267 1785 412 1862 Propheta
424 1788 546 1860 Esaias,
559 1787 739 1866 Resurgent,
755 1791 868 1865 inquit,
881 1791 1006 1860 mortui,
1031 1801 1066 1848 et
1080 1801 1231 1869 resurgent

200 1871 251 1948 qui
263 1872 293 1928 in
307 1872 451 1950 sepulcris
463 1882 568 1929 erant:
582 1883 613 1930 et
626 1872 819 1930 laetabuntur
830 1891 926 1932 omnes
939 1874 991 1951 qui
1003 1885 1080 1930 sunt
1093 1877 1130 1932 in
1146 1886 1231 1946 terra,

199 1970 248 2010 ros
263 1955 338 2011 enim
352 1958 402 2033 qui
414 1955 466 2013 ads
480 1965 510 2014 'te
524 1965 584 2026 est,
602 1957 720 2013 sanitas
734 1956 796 2013 iliis
810 1967 872 2016 est:
895 1967 979 2015 terra
992 1975 1067 2016 vero
1082 1960 1231 2036 impiorum

200 2038 295 2096 cadet.
328 2037 436 2096 Totum
448 2039 521 2096 illud
534 2040 667 2114 superius
681 2040 717 2096 ad
729 2043 975 2097 resurrectionem
985 2041 1129 2115 pertinet
1143 2042 1231 2098 beato·

199 2139 272 2176 rum.
296 2122 378 2190 Quod
392 2133 489 2180 autem
502 2125 553 2194 ait,
576 2122 672 2182 Terra
684 2142 754 2182 nero
767 2125 922 2202 impiorum
936 2125 1037 2193 cadet,
1058 2123 1142 2181 hene
1155 2126 1230 2181 intel·
1263 2187 1264 2190 Ἴ

105 2213 107 2219 ·
199 2205 300 2282 ligitur
314 2205 440 2278 dictum,
455 2225 659 2282 corporavero
672 2207 827 2282 impiorum
839 2209 926 2264 ruina
940 2206 1147 2265 damnationis
1162 2210 1232 2264 exei-
1263 2277 1264 2280 Ἴ

199 2289 267 2361 pict.
292 2289 353 2346 lam
364 2309 451 2366 porro
464 2292 490 2347 si
503 2290 538 2347 de
558 2291 700 2347 bonorum
719 2293 936 2348 resurrectione
956 2289 1036 2366 quod
1055 2290 1233 2360 dictumest,

199 2369 371 2448 diligentins
387 2383 416 2430 et
429 2373 595 2432 distinctius
610 2375 733 2431 velimus
751 2375 876 2446 intueri,
902 2373 939 2431 ad
956 2376 1084 2449 primam
1105 2376 1233 2432 referen·
1263 2423 1264 2432 ι

199 2453 267 2510 dur'n
281 2457 417 2532 estquod
431 2457 540 2514 dictum
555 2467 610 2529 est,
624 2455 794 2534 Resurgent
807 2460 931 2532 mortai,·
956 2456 993 2513 ad
1008 2460 1175 2516 secundam
1186 2479 1232 2514 se·

199 2555 231 2594 ro
245 2537 323 2614 quod
337 2541 485 2618 sequitur,
509 2540 551 2600 Et
563 2551 722 2619 resurgent
735 2543 786 2619 qui
798 2543 828 2598 in
842 2541 986 2620 sepulcris
999 2553 1102 2600 erant.
1138 2542 1199 2600 darn
1211 2543 1232 2596 ri

199 2631 229 2680 et
240 2624 306 2680 illos
319 2624 502 2701 inquiramus
516 2634 652 2696 sanctor,
677 2643 751 2700 quos
765 2621 813 2680 hic
826 2626 909 2681 vivos
923 2627 1102 2682 inventurus
1117 2635 1164 2682 est
1175 2625 1232 2682 Do-

199 2707 304 2778 minus,
318 2709 362 2764 eis
377 2727 508 2786 congrue
521 2709 706 2784 deputabitur
718 2707 795 2784 quod
808 2707 956 2780 adiunxit,
982 2707 1026 2765 Et
1038 2708 1233 2767 laetabantur

198 2807 294 2848 omnes
308 2793 440 2868 quisunt
454 2795 484 2849 in
497 2802 601 2866 terra3
625 2809 677 2850 ros
691 2794 767 2850 enim
780 2793 831 2870 qui
844 2791 896 2849 aba
909 2801 939 2850 te
953 2801 1012 2863 eat,
1038 2794 1162 2850 sanitae
1175 2793 1233 2848 iilis

198 2883 252 2929 est.
288 2873 452 2930 Sanitatem
464 2877 528 2931 loco
543 2877 616 2948 isto,
629 2877 877 2932 immortalitatem
890 2875 1052 2932 rectissime
1065 2877 1231 2951 accipimus

198 2953 241 3010 Ea
254 2973 379 3030 namque
394 2966 440 3012 est
451 2959 621 3032 pienissima
634 2961 757 3032 sanitas,
779 2977 852 3034 quae
866 2978 926 3016 non
939 2959 1073 3016 reficitur
1086 2961 1230 3015 alimentis

199 3047 336 3112 tanquam
355 3038 535 3113 quotidianis
555 3042 785 3100 medicamentis.
819 3041 893 3099 Item
913 3043 947 3099 dc
965 3041 1069 3098 iudicii
1085 3042 1137 3098 die
1155 3060 1231 3116 spen

198 3121 279 3195 prius
294 3117 480 3196 domionis,
505 3123 610 3182 deinde
623 3135 739 3184 terrens
753 3127 859 3198 malos,
883 3126 959 3182 idem
971 3124 1120 3201 Propheta
1134 3128 1177 3182 sie
1190 3128 1230 3181 lo-
1263 3155 1264 3158 =

197 3204 309 3280 quitur:
328 3201 415 3264 Haec
428 3207 502 3266 dicit
515 3207 675 3282 Dominus,
689 3209 766 3268 Ecce
778 3227 831 3288 ego
845 3210 956 3268 declino
970 3212 1000 3266 in
1014 3227 1065 3266 eos
1078 3219 1113 3266 ut
1119 3209 1230 3286 flames

192 3287 290 3366 pacis,
304 3299 334 3347 et
349 3283 384 3348 ut¹
397 3300 516 3350 torrens
529 3295 675 3351 inundans
688 3293 817 3370 gloriam
830 3295 970 3372 gentium.
984 3292 1060 3350 Filii
1072 3311 1172 3352 aarum
1183 3310 1229 3348 rs·
1263 3287 1264 3364 ,

191 3389 249 3453 per
259 3370 394 3432 humeros
400 3377 613 3454 portabuntur,
625 3387 654 3435 et
665 3395 756 3454 super
765 3395 863 3454 genua
872 3376 1107 3434 consolabuntur.
1125 3374 1227 3446 Ques-

196 3456 349 3514 admodum
362 3459 391 3514 si
402 3477 485 3536 quem
498 3469 596 3518 mater
608 3459 784 3526 consoletur,
799 3461 845 3517 ita
858 3479 911 3537 ego
923 3477 974 3518 ros
987 3450 1178 3533 consolabam-
1201 3467 1226 3514 et

195 3541 226 3596 in
239 3538 430 3598 Hierusalem
443 3542 679 3601 consolabimini:
706 3554 735 3601 et
751 3543 900 3615 videtitis,
922 3554 952 3600 et
963 3542 1107 3621 gaudebit
1120 3563 1172 3600 eor
1183 3561 1223 3600 ce·

196 3632 307 3690 etrum,
332 3634 361 3682 et
375 3641 444 3681 ossa
456 3635 560 3683 nestra
572 3628 651 3684 siant
664 3626 755 3684 deria
769 3629 948 3685 exorientur.
982 3625 1024 3684 Et
1038 3635 1222 3703 sagacem

195 3719 299 3757 manus
313 3703 435 3763 Domini
446 3708 605 3766 calentibus
618 3729 699 3768 eum:
721 3721 752 3768 et
764 3711 987 3768 comminabitur
1000 3708 1221 3766 annunciet.

197 3780 273 3838 Ecce
293 3787 367 3840 enim
386 3786 530 3847 Dominus
549 3801 584 3848 ut
600 3794 679 3870 ignis
698 3797 811 3863 reniet,
834 3805 864 3852 et
886 3805 920 3852 ut
942 3803 1101 3873 tempestae
1123 3805 1223 3850 currat

197 3865 271 3933 rius,
297 3865 424 3925 reddere
450 3873 480 3926 in
505 3874 710 3950 indignatione
736 3877 908 3946 vindictam,
934 3889 963 3934 et
981 3878 1178 3934 caesarum
1195 3875 1222 3928 iu
