2530 4392
193 213 252 272 DE
276 213 492 275 CIVITATE
515 214 596 272 DEl
624 215 826 292 LIB.X1X,
965 223 1026 281 237

40 369 107 425 tillo
125 366 296 424 adiuvandoa
316 385 380 424 esse
399 367 561 426 eradamus.
596 367 644 425 llli
663 378 760 428 autem
780 372 830 446 qui
848 371 879 428 in
892 372 949 431 ista
962 375 1023 432 vita

40 471 77 509 les
89 451 219 508 bonorum
233 453 419 508 etmalorum
434 471 498 508 esse
510 461 700 527 putaverunt,
714 455 777 511 sive
790 455 822 510 in
836 473 968 529 corpore,
982 459 1023 513 si-

52 538 82 592 in
96 537 198 606 animo,
211 535 274 590 sive
287 535 319 590 iu
332 543 457 610 utroque
470 544 613 609 ponentes
627 553 770 592 summum
782 537 907 610 bonum3
933 549 1021 614 atque

48 618 77 674 id
90 619 249 693 explicatius
264 620 394 693 eloquar,
409 620 517 675 sivein
531 621 692 694 voluptate,
706 621 769 676 sive
783 621 814 677 in
827 623 948 692 virtute,
962 623 1025 678 sire

47 711 172 776 utraqua;
186 702 291 758 sivein
305 702 416 776 quiete,
433 702 539 758 sivein
554 705 675 774 virtute,
689 705 795 760 sivein
809 712 949 779 utraque3
963 705 1026 761 sive

44 787 181 860 voluptate
193 785 278 841 simul
294 793 324 840 et
337 786 453 860 quiete,
480 786 543 841 sive
555 786 588 842 in
602 787 730 858 virtute,
756 787 819 844 sive
832 789 864 844 in
877 787 1025 862 utrisque3

40 888 63 924 'e
80 870 110 924 in
126 869 221 942 primis
241 877 382 939 naturae,
406 869 514 925 sivein
533 870 661 940 virtute,
682 871 745 926 sive
758 870 790 926 in
803 869 1028 946 utrisquezhiuc

40 953 77 1008 ati
90 969 159 1021 esse,
172 960 200 1006 et
215 969 232 1007 ιι
246 969 278 1006 se
292 951 363 1024 ipsis
378 951 455 1008 beati
468 950 535 1007 fieri
547 953 623 1008 mira
636 955 770 1009 vanitate
781 955 947 1010 voluerunt.
982 952 1025 1008 lr-

40 1037 65 1091 it
76 1033 126 1090 hos
136 1033 245 1090 Veritas
258 1052 311 1108 per
323 1032 498 1108 Prophetam
512 1034 670 1092 dicentem:
683 1032 773 1094 Novit
786 1035 931 1095 Dominus
945 1038 1026 1112 cogi-

40 1120 124 1175 'a'ones
135 1115 290 1186 dominum,
317 1119 364 1176 vel
382 1119 458 1174 sicut
473 1116 531 1174 hoc
545 1119 748 1174 testimonium
761 1122 859 1193 posuit
870 1121 1026 1194 Apostolus

40 1204 119 1258 ulus:
146 1198 284 1256 Dominus
299 1203 381 1256 novit
394 1202 801 1278 cogitationensupe‘enta'sm,
824 1204 961 1277 quoniam
974 1221 1027 1258 ca-

40 1293 140 1342 esunt.

51 1368 122 1434 Quis
136 1367 209 1423 enim
223 1365 338 1438 sufficit,
364 1369 519 1442 quantovis
534 1368 720 1441 eloquentiae
733 1365 865 1438 flumine,
878 1369 959 1423 vitae
971 1365 1025 1422 hu·
1120 1441 1122 1446 Ι

52 1451 179 1506 miserias
193 1447 358 1524 explicarel
372 1451 467 1517 Quam
478 1453 655 1506 lamentatus
670 1460 715 1506 cst
728 1450 832 1508 Cicero
846 1452 878 1506 in
891 1451 1027 1508 console-

40 1554 74 1592 ne
88 1533 123 1589 de
136 1543 224 1590 morte
237 1531 330 1604 filiae,
357 1535 434 1590 sicut
452 1535 564 1608 potuit:
591 1533 643 1589 sed
662 1543 803 1608 quantum
821 1533 957 1608 estquod
974 1551 1026 1606 po-

40 1615 66 1674 tl
80 1616 124 1672 Ea
137 1618 238 1692 quippe
251 1635 324 1691 quae
336 1616 474 1674 dicuntur
483 1619 577 1692 prima
587 1626 721 1688 naturae,
736 1615 864 1694 quando,
877 1617 938 1687 ubi,
953 1634 1027 1690 quo·

40 1701 78 1758 do
100 1710 157 1756 tem
173 1701 247 1756 lseue
267 1718 298 1755 se
317 1699 425 1756 hahere
437 1701 469 1756 in
482 1699 537 1756 hac
549 1702 611 1757 vita
623 1710 764 1774 possunt,
792 1709 897 1757 utnon
911 1698 965 1754 sub
979 1700 1026 1754 in·

40 1787 80 1842 tis
96 1783 205 1840 casibus
219 1779 378 1840 fluctuent?
412 1785 484 1850 Quis
503 1785 582 1840 enim
599 1783 682 1840 dolor
695 1785 859 1840 contrarius
870 1783 1027 1855 voluptati,

40 1889 63 1924 ,e
77 1867 246 1943 inquietudo
256 1869 405 1924 contraria
418 1869 519 1942 quieti,
533 1869 564 1922 in
578 1885 683 1940 corpus
695 1867 798 1924 eadere
811 1867 1027 1942 sapientis'uou

40 1947 106 2008 esti
141 1949 338 2007 Membrorum
359 1959 439 2006 certe
452 1951 612 2024 amputatio
626 1953 674 2006 vel
687 1951 821 2006 debilitas
834 1949 961 2005 hominis
974 1966 1027 2004 ex-

40 2044 102 2092 nat
114 2034 358 2104 incolumitatem,
382 2031 551 2088 deformitas
565 2031 823 2106 pulchritudinem,
843 2031 1026 2086 imbecillitas

40 2123 156 2188 itatem,
169 2118 248 2173 vires
264 2114 417 2185 lassitudo,
430 2115 622 2172 mobilitatem
636 2124 749 2188 torpor,
762 2123 814 2170 aut
826 2113 965 2168 tarditas:
980 2130 1026 2166 ec-

40 2203 54 2258 l
68 2201 175 2257 horum
188 2209 243 2270 est,
258 2199 337 2274 quod
349 2207 478 2274 nequeat
489 2199 521 2254 iu
535 2215 652 2252 carnem
663 2198 802 2274 sapientis
813 2190 946 2252 irruerel
960 2192 1028 2250 Ste-

42 2302 167 2361 quoque
182 2284 312 2357 corporis
326 2291 413 2357 utque
425 2291 540 2351 motus,
568 2299 634 2336 cum
648 2279 785 2336 decentes
798 2287 884 2354 atque
898 2295 1026 2355 congru-

40 2387 66 2424 es
83 2375 167 2439 sunt,
180 2369 260 2422 inter
271 2375 396 2422 naturae
409 2366 502 2439 prime
516 2372 720 2420 numerantur:
743 2361 795 2418 sed
808 2360 878 2436 quid
891 2361 916 2417 si
931 2362 1028 2435 ulique

40 2472 55 2508 e
70 2450 212 2508 valetudo
225 2448 354 2504 membre
367 2457 494 2503 tremore
508 2442 674 2502 concutiatl
689 2445 766 2512 Quid
780 2447 806 2500 si
819 2463 913 2518 usque
926 2444 963 2500 ed
976 2461 1028 2518 po-

40 2535 97 2590 des
111 2535 144 2590 in
158 2542 267 2588 terram
280 2550 383 2588 manus
397 2530 476 2588 dorsi
490 2531 574 2602 spina
587 2537 739 2596 curvetur,
753 2539 783 2584 et
794 2526 942 2582 hominem
956 2543 1027 2600 quo·

40 2667 42 2674 ,
64 2615 156 2673 modo
175 2614 388 2691 quadrupedem
402 2609 508 2670 saciati
543 2611 650 2668 Nonne
665 2629 781 2666 omnem
801 2608 948 2665 statuendi
962 2625 1028 2664 cor-

43 2721 58 2757 s
76 2709 109 2756 et
121 2698 263 2756 movendi
277 2698 404 2772 speciem
417 2695 563 2770 decusque
575 2689 744 2767 pervertet?
767 2692 843 2760 Quid
855 2692 950 2766 ipsius
964 2691 1029 2746 aui·

40 2783 224 2860 primigenia
242 2798 316 2856 quae
335 2780 519 2855 appellantur
535 2777 628 2848 bona,
655 2776 706 2834 ubi
726 2775 784 2833 duo
801 2777 895 2851 prima
917 2781 1030 2850 ponunt

40 2877 101 2923 »ter
115 2863 410 2940 comprehensionem
421 2861 696 2938 perceptionemque
709 2861 853 2930 veritatis,
867 2876 986 2915 sensum
1000 2866 1031 2912 at

40 2945 192 3008 lleemml
215 2946 274 3006 Sed
289 2947 383 3024 qualis
397 2953 580 3022 quantusque
592 2953 726 3002 remanet
739 2961 860 3015 seusus,
874 2943 911 3013 si,
924 2941 1029 2998 utalia

40 3053 106 3104 um,
121 3031 178 3089 fiat
190 3029 277 3090 homo
291 3029 397 3088 surdus
411 3039 442 3088 et
454 3023 578 3086 caecus‘l
604 3025 691 3086 Ratio
705 3047 776 3086 vero
790 3036 820 3084 et
831 3025 1030 3104 intelligentia

43 3115 193 3188 recedet,
220 3115 271 3171 uhi
289 3115 437 3188 sopietur,
464 3115 490 3169 si
504 3114 603 3187 aliquo
615 3112 717 3170 morbo
732 3110 876 3168 efficiatur
888 3103 1030 3166 insanust

40 3200 156 3257 enetiei
168 3200 264 3256 multa
277 3195 402 3254 absurde
414 3214 480 3253 cum
492 3194 603 3266 dieunt,
617 3195 806 3264 solsticium,
830 3195 1000 3266 plerumque
1014 3207 1031 3244 a

40 3305 47 3338 ι
66 3301 130 3340 suo
144 3283 300 3358 proposito
313 3289 343 3337 et
355 3277 484 3336 moribus
498 3278 612 3349 aliena,
636 3279 695 3332 imo
716 3295 770 3332 suo
789 3277 866 3331 bono
880 3272 1031 3346 proposito

40 3369 180 3441 lbusque
194 3365 360 3435 contraria,
385 3363 450 3423 sive
462 3362 513 3418 illa
527 3361 706 3438 cogitemus,
735 3359 798 3414 sive
817 3355 978 3423 videamus,
1006 3353 1032 3406 si

43 3472 63 3507 e
83 3449 332 3518 consideremus,
360 3445 495 3502 lacrimas
508 3452 611 3500 tenere
623 3443 675 3498 vix
695 3456 865 3516 possumus,
891 3445 942 3492 aut
956 3435 1032 3491 forte

40 3549 225 3610 possumus.
254 3529 330 3598 Quid
345 3527 439 3584 dicam
452 3525 488 3582 de
500 3525 557 3598 his,
572 3527 621 3600 qui
635 3524 808 3580 daemonum
820 3521 972 3594 patiuntur
985 3518 1044 3572 in·-

40 3611 103 3675 usl
141 3613 205 3670 Vbi
228 3612 337 3672 hebent
356 3609 554 3670 absconditum
578 3611 626 3664 vel
648 3606 782 3664 obrutam
804 3595 1032 3677 intelligentiam

40 3722 74 3771 ι,
104 3696 236 3774 quando
256 3694 418 3754 secundum
436 3711 519 3750 suam
534 3693 719 3750 voluntatens
733 3697 763 3744 ct
776 3688 875 3742 anima
888 3702 990 3740 eorum
1004 3690 1033 3737 et

40 3801 102 3842 ore
124 3781 284 3859 malignus
303 3779 396 3836 utitur
414 3771 554 3851 spiritus‘l
576 3773 615 3830 Et
635 3775 699 3848 quis
721 3769 843 3828 confidit
856 3766 912 3824 hoe
925 3767 1033 3823 melum

40 3887 71 3924 ιο
91 3865 167 3922 vita
182 3864 305 3921 evenire
318 3879 378 3920 nou
391 3877 477 3937 posse
490 3853 634 3933 sapienti?
658 3854 773 3914 Deinde
790 3852 939 3930 perceptio
953 3848 1033 3906 reri-
