2590 4396
232 252 272 307 98
460 242 560 302 DlVl
582 237 769 299 AVRELll
791 235 1038 294 AVGVSTlNl

576 391 598 450 C
623 391 645 446 Α
669 387 701 444 Ρ.
743 385 775 442 Χ
788 383 820 441 X
833 383 859 440 V
872 384 911 442 ll

468 487 511 541 De
522 488 587 540 bello
596 483 670 538 aaut
681 480 810 534 Mariano
820 489 901 550 atque
913 479 1031 550 syllano.

297 597 370 656 Cum
382 613 452 653 vero
467 593 575 652 Marius
589 589 670 647 civili
683 589 830 666 sanguine
843 589 901 644 iar‘n
916 597 1075 660 cruentus,
1100 591 1199 645 multis
1214 586 1267 644 ad-

236 699 390 739 versarum
402 679 457 734 sibi
470 676 597 750 partium
608 673 763 747 peremtis,
789 671 886 728 victus
899 670 977 727 Vrbe
994 673 1188 750 profugisset,
1213 673 1268 727 vix

234 765 384 841 paululum
396 759 559 832 respirante
574 757 709 826 civitate,
735 763 769 810 ut
780 753 877 811 verbis
891 751 1035 811 Tullianis
1049 764 1131 825 utar,
1144 771 1268 828 supera·

235 850 279 903 vit
293 851 394 918 postca
408 839 503 898 Cinna
517 857 582 894 cum
595 837 697 894 Mario.
728 835 804 893 Tum
816 856 887 894 vero
903 838 1072 894 clarissimis
1084 838 1157 894 viris
1171 838 1267 891 inter-

235 927 337 994 fectis,
363 923 474 978 lumina
487 921 615 977 civitatis
629 920 777 974 exstincta
790 928 867 974 sunt.
911 918 996 975 Vltus
1011 929 1057 974 est
1069 918 1156 976 huius
1169 919 1268 974 victo-

234 1010 297 1063 riae
312 1004 513 1061 crudelitatem
525 1011 627 1076 postea
640 999 737 1076 Sylla,
758 1018 796 1056 ne
809 999 868 1056 dici
882 1000 998 1078 quidem
1013 1019 1084 1075 opus
1099 1011 1145 1057 est
1157 1009 1270 1075 quanta

234 1089 427 1145 diminutione
435 1087 543 1142 civium
549 1092 694 1159 etquanta
700 1083 864 1138 calamitate
874 1082 1060 1157 reipublicae.
1075 1082 1270 1140 Dehaccnim

232 1170 378 1242 vindicta,
404 1186 478 1245 quae
501 1168 697 1243 perniciosior
714 1164 785 1236 fuit,
813 1181 899 1240 quam
912 1167 938 1221 si
951 1166 1063 1220 scelera
1074 1184 1147 1240 quae
1159 1165 1269 1239 punie-

233 1254 355 1324 bantur,
381 1253 525 1326 impunita
538 1251 793 1324 relinquerentur,
812 1249 855 1303 ait
867 1257 897 1304 et
908 1246 1058 1304 Lucanus:

317 1335 457 1392 Excessit
468 1333 614 1390 medicina
626 1329 759 1402 modum,
786 1331 965 1404 nimiumque
978 1337 1079 1386 secuta
1093 1339 1149 1400 est,

318 1421 382 1486 Qua
394 1417 488 1474 morbi
502 1416 628 1487 duxere,
655 1427 776 1485 manus3
799 1413 914 1488 periere
927 1422 1078 1468 nocentes.

318 1499 378 1557 Sed
392 1519 458 1556 cum
470 1501 528 1555 iam
541 1500 597 1554 soli
609 1505 730 1572 possent
742 1512 896 1569 superesse
907 1504 1060 1566 nocentes,

318 1581 405 1638 Tunc
416 1581 483 1637 data
495 1581 615 1635 libertas
630 1579 720 1649 odiis,
744 1579 933 1652 resolutaque
950 1579 1049 1655 legum

316 1663 421 1721 Frenis
434 1664 480 1717 ira
492 1663 562 1717 ruit.

234 1748 288 1805 lllo
301 1747 377 1803 bollo
390 1744 523 1803 Mariano
537 1752 624 1817 atque
639 1740 779 1817 Syllano,
805 1743 936 1816 exceptis
949 1740 996 1798 bis
1010 1744 1061 1817 qui
1075 1741 1147 1798 ioris
1158 1745 1190 1799 in
1203 1745 1271 1799 acie

235 1829 420 1898 ceciderunt,
446 1827 478 1881 in
491 1826 555 1899 ipsa
568 1842 682 1899 quoquc
695 1824 773 1881 Vrbc
785 1824 974 1880 cadaveribus
989 1825 1065 1896 vici,
1083 1827 1208 1898 plateae,
1222 1826 1270 1882 fo-

234 1931 283 1983 ra,
296 1910 421 1980 theatra,
435 1909 542 1981 templa
556 1909 699 1980 completa
711 1916 795 1978 sunt;
809 1915 843 1962 ut
856 1905 972 1964 difficile
982 1906 1161 1964 iudicaretur
1173 1925 1270 1982 quan-

234 1994 271 2050 do
285 1995 412 2051 victores
426 1992 492 2065 plus
505 1989 642 2046 funerum
655 1989 816 2060 ediderint,
842 1998 940 2046 unum
951 1991 1034 2063 prius
1048 1999 1083 2046 ut
1101 1991 1270 2062 vincerent,

234 2095 272 2134 an
286 2085 387 2152 postca
402 2075 471 2149 quia
483 2073 640 2130 vicissent:
656 2073 859 2147 cumprimum
871 2073 998 2129 victoria
1010 2071 1159 2144 Mariana,
1174 2090 1269 2149 quan-

234 2161 271 2218 do
285 2159 320 2216 de
334 2158 440 2215 exsilio
454 2175 486 2213 se
499 2158 562 2233 ipse
575 2156 721 2227 restituit,
747 2157 878 2231 exceptis
891 2156 1001 2230 passim
1015 2172 1129 2232 quaqua
1148 2174 1271 2214 versum

235 2242 372 2302 caedibus
399 2239 503 2310 iactis,
530 2247 618 2312 caput
630 2237 748 2296 Octavii
773 2239 902 2295 consulis
925 2248 1088 2313 poneretur
1104 2239 1136 2295 in
1148 2242 1269 2312 rostris,

235 2325 343 2383 Caesar
356 2333 386 2381 et
399 2321 529 2380 Fimbria
540 2323 573 2378 in
585 2321 718 2378 domibus
744 2320 965 2379 trucidarentur
990 2323 1068 2394 suis,
1096 2321 1152 2378 duo
1167 2320 1270 2380 Crassi

233 2417 318 2482 pater
333 2405 455 2464 attilius
469 2406 502 2461 in
515 2414 675 2480 conspectu
688 2414 790 2462 mutuo
802 2412 1021 2476 mactarentur,
1038 2403 1147 2461 Bebius
1161 2414 1192 2460 et
1202 2405 1268 2462 Nu-

233 2493 371 2547 mitorius
386 2507 463 2546 unco
477 2489 566 2544 tracti
578 2489 688 2562 sparsis
700 2487 866 2545 visceribus
876 2487 1045 2558 interirent,
1058 2486 1180 2545 Catulus
1193 2487 1268 2546 hau-

234 2583 280 2630 sto
293 2591 408 2630 veneno
422 2588 455 2626 se
466 2571 599 2627 manibus
612 2571 798 2627 inimicorum
811 2568 1013 2642 subtraberet,
1036 2573 1148 2627 merula
1159 2568 1268 2630 flamen

234 2655 329 2712 Dialis
342 2653 483 2729 praecisis
496 2653 581 2708 venis
596 2651 659 2708 lovi
672 2655 760 2709 etiam
774 2671 827 2710 suo
841 2653 987 2730 sanguine
998 2653 1106 2708 litaret.
1124 2651 1159 2710 ln
1172 2655 1268 2727 ipsius

234 2748 333 2794 autem
346 2736 433 2794 blarii
447 2736 540 2790 oculis
555 2737 696 2793 continuo
714 2735 913 2806 feriebantur,
940 2735 1044 2809 quibus
1071 2737 1269 2793 salutantibus

234 2821 390 2876 dexteram
398 2817 550 2894 porrigere
564 2819 716 2873 noluisset.

567 2949 688 3007 CAP.
730 2947 934 3006 XXVlll.

288 3028 384 3095 Qualis
396 3028 492 3100 fuerit
503 3030 614 3098 Syllana
625 3028 753 3093 victoria,
772 3028 870 3082 vindex
880 3027 1025 3084 Marianae
1035 3031 1214 3085 crudelitatis.

300 3115 421 3194 Syllana
434 3137 505 3175 vcro
519 3119 645 3176 victoria
658 3127 777 3190 secuta,
790 3116 877 3176 huius
890 3119 1029 3177 videlicet
1039 3121 1148 3178 vindex
1160 3125 1267 3182 crude-

232 3201 341 3271 litatis,
368 3211 436 3276 post
454 3211 570 3260 tantum
589 3202 764 3279 sanguinem
782 3201 907 3274 civium,
936 3203 1077 3278 quoduso
1101 3218 1269 3280 comparata

233 3283 340 3354 fuerat,
354 3281 439 3342 linito
452 3286 510 3342 iam
523 3285 599 3341 bello
612 3285 776 3340 inimicitiis
790 3284 974 3358 viventibus,
989 3287 1137 3344 crudelius
1151 3289 1184 3344 in
1194 3308 1269 3363 pace

232 3374 367 3444 grassata
382 3377 435 3424 est.
469 3366 529 3424 lam
544 3369 633 3424 etiam
645 3375 712 3441 post
727 3365 814 3422 Marii
826 3368 945 3424 maioris
958 3369 1098 3444 pristinas
1112 3389 1147 3426 ac
1160 3389 1269 3430 recen-

232 3449 361 3504 tissimas
376 3451 479 3522 caedes
494 3449 609 3506 additae
622 3449 742 3506 fuerant
754 3451 829 3506 aliae
842 3452 994 3527 graviores
1008 3471 1026 3508 a
1038 3452 1132 3510 Mario
1146 3455 1268 3527 iuvene,

232 3540 320 3605 atque
333 3529 467 3588 Carbone
491 3531 651 3588 earundem
674 3533 801 3606 partium
813 3531 1025 3592 Marianarum:
1052 3538 1103 3610 qui
1115 3533 1198 3611 Sylla
1211 3539 1267 3595 im·

231 3614 378 3684 minente,
406 3631 467 3672 non
481 3617 576 3670 solum
587 3615 760 3684 victoriam,
783 3632 887 3672 verum
901 3617 989 3672 etiam
1001 3619 1094 3692 ipsam
1107 3618 1267 3693 desperan-

231 3702 276 3748 tes
291 3695 432 3768 salutem,
446 3706 554 3753 cuncta
567 3697 628 3752 suis
642 3697 805 3772 alienisque
820 3698 957 3754 caedibus
971 3702 1175 3775 impleverunt.
1190 3702 1267 3760 Nam

229 3783 346 3847 praeter
361 3786 490 3856 stragem
503 3780 562 3834 late
572 3797 625 3853 per
638 3779 754 3836 divorsa
768 3776 919 3851 diffusam,
940 3782 1059 3839 obsesso
1074 3786 1163 3838 etiam
1175 3803 1266 3843 sena-

229 3864 281 3926 tu,
307 3854 344 3911 de
357 3859 420 3930 ipsa
435 3862 532 3931 curia,
551 3871 689 3935 tanquam
703 3862 738 3918 dc
752 3879 887 3931 carcere,
901 3864 1137 3938 producebantur
1150 3867 1185 3922 ad
1200 3871 1262 3945 gla-
