2530 4392
209 211 270 268 8th
438 205 534 264 mvl
557 204 743 263 nquull
765 203 1019 263 lvuvsulnn

210 359 427 440 requirendum.
463 357 544 416 Haec
559 358 594 416 de
606 356 783 433 propheticis
796 357 905 429 veritis,
925 375 999 433 quae
1015 369 1088 416 ante
1104 363 1192 421 istum
1206 367 1239 420 lc

211 467 277 504 cum
289 446 397 520 scripta
410 453 489 515 sunt,
503 444 574 500 satis
587 443 719 499 dixerim.
738 441 771 498 ln
784 441 838 499 hoc
851 451 946 498 autem
960 444 1040 515 loeo,
1055 446 1140 502 unde
1153 448 1191 505 nd
1203 451 1239 504 itu

201 529 337 608 digrerai
351 545 460 598 sumus,
475 547 541 584 cum
555 527 688 598 dixisset,
709 523 749 583 Et
762 537 943 584 essecestra
954 536 989 582 ιιι
1001 525 1102 586 herba
1117 535 1239 590 exerite

210 625 272 684 tur,
292 621 325 669 ut
337 612 582 668 resurrectionem
595 611 711 688 quidem
726 611 838 682 earnis,
860 609 910 666 sed
922 618 1019 668 temen
1036 610 1238 691 [tantum1bo

210 713 324 768 uorum,
338 713 462 752 senune
476 710 701 752 comnremerare
714 702 899 764 monstraret,
912 692 1066 768 adiunxit,
1089 697 1138 756 Et
1150 719 1240 777 cogno

210 789 310 838 stetur
322 795 428 837 ιιιιιιιιιι
441 777 562 837 Domini
574 777 734 838 colentibus
747 797 818 836 eum.
842 777 918 846 Quid
930 787 976 834 est
988 776 1057 850 hoc,
1071 783 1139 838 nisi
1152 801 1240 840 manns

211 863 420 942 distinguentia
442 863 568 920 cultores
590 881 659 920 sues
678 880 695 918 a
713 861 942 920 contemtoribus
957 859 1041 920 suini
1081 864 1134 922 De
1153 869 1240 943 quibu

212 948 364 1022 sequeutia
377 955 552 1020 contexens,
579 945 621 1004 lit
634 946 866 1017 comminabitur,
884 947 991 1022 inquit,
1012 952 1240 1020 marmotis,

212 1032 285 1102 aire,
299 1039 333 1086 ut
344 1031 387 1086 ait
399 1031 473 1086 alius
486 1032 645 1106 interpres,
660 1030 830 1088 incredulis.
844 1029 905 1086 Nee
918 1037 989 1086 tuno
1002 1035 1241 1090 comminabitur:

211 1113 262 1170 sed
275 1133 348 1190 quae
362 1133 441 1171 nune
455 1112 592 1172 dicuntur
605 1115 768 1185 minaciter,
781 1123 852 1170 tune
866 1112 1024 1170 efficaciter
1038 1116 1240 1192 implebuntur.

211 1197 288 1256 Ecce
300 1199 375 1256 enim
388 1197 549 1272 Dominus,
574 1201 684 1274 inquit,
708 1208 741 1254 ιιι
758 1198 837 1274 ignis
854 1198 967 1268 veniet,
991 1209 1023 1255 et
1037 1210 1073 1255 ιιι
1089 1211 1239 1280 tempestat

212 1299 318 1340 currus
332 1283 406 1352 ciue,
418 1283 543 1341 reddere
556 1285 586 1340 in
600 1283 805 1358 indignatione
816 1282 988 1351 vindictam,
1003 1291 1036 1339 et
1049 1289 1239 1342 vastationes

212 1368 244 1424 in
251 1366 375 1443 flamma
388 1368 476 1442 ignia
491 1363 527 1423 Ιιι
540 1369 608 1444 igne
621 1367 696 1424 enim
711 1363 832 1424 Domini
844 1363 1027 1422 iudicabitur
1041 1370 1145 1424 omnis
1159 1380 1237 1427 terra.

212 1461 243 1508 et
254 1453 285 1508 ιἰι
298 1449 399 1527 gladic
413 1453 476 1508 eius
489 1452 582 1508 omnia
595 1469 682 1507 ecre:
706 1448 793 1506 ιιιιιιιι·
810 1447 961 1505 vulnerati
972 1460 1066 1506 erunt
1080 1469 1105 1506 a
1120 1450 1236 1510 Domine

214 1532 283 1592 Sive
298 1535 377 1610 igue,
397 1535 460 1590 sive
472 1542 655 1610 tempestste,
669 1533 731 1589 sive
744 1531 856 1610 gladie,
876 1549 999 1606 poenam
1011 1532 1127 1592 iudicii
1141 1535 1236 1616 signil-

213 1626 272 1673 eat:
300 1616 414 1692 quande
438 1616 552 1691 quidem
573 1619 667 1692 ipsum
685 1615 844 1674 Dominum
866 1616 949 1690 quasi
969 1617 1075 1694 ignem
1094 1618 1172 1684 dicit
1188 1637 1236 1676 esu

212 1708 378 1771 venturum,
392 1701 435 1756 eis
448 1700 579 1773 prolecto
594 1699 697 1776 quibus
710 1699 841 1775 poenalia
855 1701 917 1754 eius
931 1700 990 1756 erit
1001 1699 1167 1762 adrentus.
1181 1703 1235 1761 Cur·

212 1801 264 1839 rus
277 1801 347 1839 vere
361 1784 439 1854 eius,
462 1776 544 1863 (narn
557 1785 708 1858 pluraliter
721 1782 791 1840 dicti
805 1780 907 1860 sunt,)
930 1785 1070 1862 angelica
1084 1789 1237 1845 ministeris

213 1885 273 1924 non
286 1866 528 1924 inconvenienter
540 1869 706 1941 accipimus.
733 1867 818 1934 Quod
831 1876 926 1923 autem
939 1868 991 1938 ait,
1005 1887 1134 1928 omnem
1146 1883 1238 1934 terren

213 1960 242 2008 et
254 1967 369 2008 emnem
381 1969 498 2007 carnem
512 1953 544 2008 in
558 1953 622 2008 eius
635 1952 706 2030 igue
719 1953 793 2026 etin
806 1949 903 2030 gladie
915 1949 1058 2024 iudicari,
1085 1974 1152 2014 non
1165 1959 1239 2014 ctiu

212 2033 260 2091 hic
274 2035 419 2110 spiritales
433 2035 630 2114 intelligamus
645 2044 815 2107 cestreton,
829 2033 879 2092 sed
891 2043 1023 2092 terrenos
1039 2047 1136 2113 atque
1149 2057 1238 2098 carar-

212 2120 267 2191 lea‚
281 2118 316 2176 de
330 2119 460 2195 qualibus
474 2119 584 2178 dictum
593 2129 650 2191 cst,
667 2117 726 2189 ΩιιιΙ
740 2130 862 2178 terrena
872 2119 1010 2196 sapiunt:
1020 2130 1063 2192 et,
1077 2121 1238 2202 Superste-

213 2203 336 2260 candum
349 2221 478 2275 carneas,
491 2221 570 2262 mora
585 2214 648 2262 est:
660 2211 689 2259 et
702 2204 802 2279 quoles
815 2203 933 2260 omnino
948 2221 1016 2260 cero
1031 2210 1238 2280 appellantur·

213 2285 352 2358 Domino,
371 2287 422 2342 ubi
434 2287 519 2344 dicit:
532 2284 596 2345 Νοιι
603 2286 792 2367 permanebit
804 2287 931 2364 spiritus
942 2303 1023 2344 ιιιοιιι
1037 2290 1070 2346 in
1084 2289 1239 2350 Ιιοιηιιιῶιι

213 2371 297 2439 istis,
322 2371 457 2446 quoniam
470 2389 541 2428 caro
554 2383 632 2430 aunt.
667 2368 752 2438 Quod
769 2387 840 2427 vere
853 2367 901 2426 hie
920 2371 1050 2446 positum
1069 2385 1138 2448 eet,
1159 2373 1241 2433 Multi

213 2452 364 2510 vulnerati
376 2465 463 2512 erunt
476 2474 496 2511 a
506 2452 649 2512 Destino:
662 2455 718 2511 isto
730 2454 853 2512 vulnere
865 2453 917 2512 fiet
927 2473 1006 2512 mors
1018 2459 1168 2518 secunda.
1179 2459 1239 2516 Pot-

213 2545 258 2593 est
271 2536 386 2614 quidem
399 2546 429 2593 et
440 2539 530 2618 ignis,
545 2547 575 2595 et
586 2537 719 2618 gladius,
740 2546 771 2594 ct
782 2539 888 2596 vulnus
901 2539 994 2614 accipi
1006 2540 1040 2597 in
1053 2540 1148 2601 bene.
1175 2543 1239 2601 Nn

155 2678 157 2682 ,
214 2630 243 2677 ct
254 2622 354 2699 ignem
366 2620 510 2678 Dcndnus
525 2623 600 2679 velle
617 2639 650 2678 sc
661 2621 738 2678 dixit
750 2623 866 2680 mittere
879 2623 911 2678 in
925 2621 1078 2682 mundum.
1115 2626 1158 2684 Et
1169 2630 1239 2686 risse

213 2714 283 2761 sunt
293 2707 353 2762 illis
363 2707 483 2784 linguae
493 2705 604 2763 divisae
612 2707 695 2764 velut
706 2705 796 2784 ignin
810 2704 924 2781 qnando
936 2707 1019 2764 venit
1031 2706 1171 2784 Spiritus
1184 2730 1239 2768 ssu

214 2798 286 2845 etue.
299 2788 349 2860 Et,
362 2786 427 2846 Non
437 2791 514 2861 ecci,
531 2791 628 2865 inquit
637 2789 713 2846 idem
721 2787 876 2862 Dominus,
883 2807 990 2870 pacem
1002 2794 1130 2854 mittere
1142 2797 1175 2854 ιἰι
1188 2807 1239 2854 ter·

213 2891 296 2943 rom,
320 2873 374 2930 esd
389 2873 531 2949 gladium.
567 2872 608 2930 Et
620 2891 783 2931 sermonem
795 2871 854 2930 Dei
864 2873 936 2932 dicit
949 2872 1106 2950 Scriptum
1120 2879 1238 2959 glediun

213 2953 257 3008 bis
271 2964 400 3011 connum:
414 2965 533 3030 propter
545 2958 638 3014 aciem
649 2958 795 3036 geminam
807 2965 1047 3016 testamentorum
1060 2959 1197 3020 ducum.
1208 2960 1239 3018 n

213 3036 245 3091 in
258 3035 379 3093 cantico
394 3039 588 3112 cantieorum,
614 3042 736 3098 caritate
749 3059 781 3098 se
795 3039 866 3098 dicit
877 3051 978 3099 saneta
989 3041 1134 3103 Ecclesia
1145 3049 1238 3104 vnlne-

213 3128 323 3192 ratam,
346 3121 427 3178 velut
443 3123 550 3180 emeris
569 3124 678 3200 impetu
692 3126 868 3205 sagittatum.
902 3124 963 3184 Sed
974 3124 1022 3183 hie
1037 3145 1110 3185 eum
1123 3132 1237 3209 legimus

213 3205 260 3260 rel
274 3203 406 3262 audimus
420 3207 544 3264 ultorem
557 3206 715 3267 Dominum
728 3219 978 3281 tenetentum,
999 3213 1237 3286 qumtmodu

213 3285 284 3346 haee
296 3290 489 3369 intelligenda
501 3292 573 3365 sint,
585 3294 697 3350 clarum
710 3301 764 3350 est.

275 3372 390 3430 Deinde
407 3373 536 3432 breviter
555 3378 787 3434 commemoratis
804 3379 864 3449 eis,
888 3378 939 3452 qni
957 3395 1012 3453 per
1027 3375 1083 3434 lroc
1103 3379 1234 3437 iudiciu-

213 3467 435 3531 consumentem
459 3459 511 3516 sub
524 3458 618 3538 ligura
634 3460 763 3518 ciberum
776 3462 808 3518 in
822 3461 901 3539 Lege
914 3463 1204 3532 rennuentem,
1219 3477 1233 3514 ⁸

213 3541 318 3614 quibus
332 3558 365 3596 se
377 3559 438 3598 non
451 3543 670 3616 abstinuerunt,
690 3555 858 3619 peccateres
877 3546 1038 3621 impiosque
1057 3546 1230 3623 significatu·
1256 3539 1257 3629 l

213 3626 387 3696 recapitulat
398 3624 433 3681 ab
446 3626 533 3683 initio
551 3629 676 3704 gretiam
693 3630 763 3685 nori
775 3627 957 3686 Testamenti
968 3647 986 3686 a
997 3631 1091 3704 prime
1106 3628 1230 3687 Salute

212 3703 255 3756 ria
268 3704 394 3762 adventu
405 3725 498 3783 usqua
511 3709 548 3766 ad
561 3711 693 3768 ultimum
710 3712 865 3784 iudicium,
887 3711 923 3768 de
941 3731 998 3789 que
1017 3731 1098 3769 nune
1117 3716 1231 3792 agium·

212 3783 375 3857 perducens
387 3787 551 3866 finiensque
564 3811 735 3850 sermonem.
767 3795 874 3852 Narrat
887 3814 1011 3873 maique
1022 3794 1180 3854 Dumium
1194 3792 1231 3848 li·

214 3885 280 3922 cere
295 3883 326 3922 se
340 3871 451 3942 venire,
464 3883 498 3928 ut
513 3887 673 3954 congreget
685 3895 785 3935 onrnea
799 3888 914 3956 gentes,
936 3897 1041 3954 easque
1053 3889 1194 3936 venturas
1206 3889 1230 3930 et
