2538 4392
198 232 262 291 134
420 223 520 288 DlVl
543 223 733 285 nvuuult
755 217 1011 283 AVGVS'l'lNl

198 385 317 442 nienter
328 389 477 453 movetur,
491 376 592 437 nonne
607 377 752 449 intendit,
780 385 811 434 et
823 373 965 449 adspicit,
993 384 1024 431 et
1036 379 1184 455 agnoseit
1198 396 1244 453 per

197 463 274 524 banc
287 467 455 538 mulierem,
475 465 560 521 cuius
575 463 663 518 etiam
676 479 799 531 nornen,
817 458 848 530 id
862 467 923 530 cst,
935 460 1038 530 huna,
1053 477 1134 536 quae
1148 465 1246 538 gratia

199 554 261 608 eius
275 551 495 623 interpretatur,
507 547 600 620 ipsam
612 541 786 620 religionem
797 537 1004 612 Christianam,
1019 542 1117 614 ipsam
1128 539 1244 598 Civita-

198 645 260 691 tem
273 632 350 703 Dei,
377 633 458 688 cuius
471 647 526 686 rex
540 637 585 684 est
606 637 635 682 et
649 623 787 682 eonditor
803 622 952 694 Christus,
978 625 1075 698 ipsam
1091 633 1244 699 postremo

197 716 257 776 Dei
270 718 396 794 gratiam
409 712 577 788 prophetico
591 709 704 786 Spiritu
717 711 759 766 sic
772 709 910 777 locutam,
932 725 950 763 a
963 725 1021 783 qua
1034 707 1160 781 superbi
1174 711 1244 764 alie·

197 811 319 872 nantur,
345 808 379 855 ut
391 797 511 868 cadant,
537 813 594 872 qua
606 793 730 850 humiles
744 793 917 865 implentur,
943 800 977 846 ut
994 801 1140 868 surgant,
1170 791 1244 867 quod

199 886 325 942 maxime
338 881 464 960 hymnus
482 882 539 936 iste
558 873 730 954 personuiti
757 875 824 934 Nisi
843 868 994 950 quisquam
1013 873 1090 931 forte
1109 875 1244 932 dicturus

201 975 261 1038 est,
285 965 359 1021 nihil
372 967 459 1020 istam
470 961 659 1040 prophetasse
672 961 837 1030 mulierem,
863 957 914 1014 sed
927 957 1023 1014 Deum
1035 959 1246 1016 tantummodo

198 1058 318 1126 propter
330 1050 432 1119 filium,
448 1065 532 1123 quem
545 1055 665 1122 precata
679 1045 856 1118 impetravit,
871 1043 1034 1099 exsultanti
1045 1043 1243 1116 praedicatio·

200 1153 239 1192 ne
252 1132 394 1189 laudasse.
434 1132 511 1200 Quid
529 1149 599 1208 ergo
618 1129 675 1186 sibi
692 1130 756 1185 vult
775 1127 853 1202 quod
866 1127 922 1182 alt:
948 1124 1060 1182 Arcam
1075 1129 1250 1203 potentiam

198 1217 280 1274 'i'eait
293 1215 452 1289 infirmam,
471 1224 502 1273 et
515 1213 630 1286 infirmi
639 1213 813 1290 praecincti
824 1219 894 1266 sant
904 1211 1036 1268 virtute:
1055 1209 1146 1286 pleni
1153 1213 1250 1288 pani-

200 1301 254 1358 bus
267 1301 413 1356 minorati
424 1309 503 1368 mant,
519 1308 549 1355 et
564 1300 729 1354 esurientes
744 1295 934 1351 transierant
946 1303 1079 1350 terram:
1096 1297 1175 1370 qaia
1187 1306 1249 1352 ste·

201 1384 270 1441 silis
277 1385 402 1461 peperit
413 1392 535 1459 septem,
548 1391 578 1438 et
591 1380 685 1436 malta
698 1381 729 1435 in
735 1377 816 1450 filiis
831 1375 988 1448 infirmata
1000 1374 1065 1434 est?
1094 1375 1251 1453 Numquid

202 1475 313 1542 septem
326 1468 390 1540 ipsa
402 1473 571 1539 pepererat,
599 1463 730 1538 quamvis
748 1462 858 1517 sterilia
877 1455 985 1515 fueriti
1011 1457 1147 1517 Vnicum
1159 1459 1249 1517 habe-

201 1552 269 1621 bat,
296 1547 414 1624 qnando
432 1550 489 1603 iate
500 1545 629 1604 dicebat:
656 1537 773 1602 sednee
786 1551 887 1619 postea
901 1551 1012 1617 septem
1024 1545 1161 1618 peperit,
1190 1547 1249 1601 aive

202 1649 267 1703 sex,
281 1631 387 1706 quibus
401 1631 540 1706 septimus
554 1639 631 1685 esset
643 1631 707 1704 ipse
720 1627 854 1698 Samuel,
868 1626 919 1682 sed
933 1635 992 1682 tres
1005 1643 1116 1700 mares,
1132 1637 1167 1684 et
1181 1629 1249 1684 duas

200 1715 343 1772 feminas,
358 1711 474 1768 Deinde
487 1715 519 1768 in
532 1714 583 1768 illo
597 1714 702 1786 populo
716 1729 782 1768 cunr
795 1711 889 1768 adhue
902 1727 987 1766 nemo
1000 1720 1162 1788 regnaret,
1177 1712 1249 1788 quod

201 1801 234 1854 in
248 1806 380 1852 extremo
394 1797 508 1870 posuit,
536 1793 603 1852 Dat
614 1797 757 1852 virtatem
768 1795 889 1870 regitat
902 1795 1030 1863 nastris,
1052 1804 1083 1850 et
1096 1796 1249 1853 exaltabit

203 1889 295 1938 corna
310 1878 428 1936 Christi
440 1880 503 1952 sai,·
515 1879 592 1935 unde
607 1877 731 1949 dicebat,
748 1879 774 1933 si
787 1897 847 1956 non
861 1873 1072 1952 prophetabatl

220 2001 223 2006 -
266 1963 355 2026 Dicat
373 1979 446 2040 argo
459 1961 594 2018 Ecclesia
607 1961 732 2031 Christi,
760 1960 871 2018 Civitas
888 1960 983 2038 Regis
1002 1962 1123 2038 magni,
1154 1965 1249 2041 gratia

201 2049 299 2123 plena,
313 2047 395 2121 prole
408 2046 567 2118 foecunda3
581 2046 661 2102 dieat
674 2045 751 2120 quod
764 2053 849 2106 tanto
859 2054 931 2101 ante
943 2045 978 2100 de
990 2063 1024 2099 se
1036 2044 1249 2120 prophetatum

202 2138 255 2208 p'er
268 2147 302 2186 os
316 2129 404 2186 huius
418 2131 483 2204 piac
496 2132 598 2188 matris
612 2130 762 2208 agnoscit:
790 2127 1003 2201 confirmatam
1020 2137 1068 2184 est
1089 2148 1148 2185 cor
1159 2151 1248 2187 meam

202 2217 234 2271 in
246 2211 388 2282 Domino,
416 2223 446 2270 et
465 2213 631 2271 exaltatam
649 2221 696 2270 est
714 2229 806 2269 corna
823 2229 916 2268 meam
937 2214 968 2268 in
981 2210 1045 2268 Deo
1060 2231 1136 2269 mec.
1175 2213 1249 2269 Vere

203 2295 409 2354 confirmatum
423 2313 485 2367 cor,
500 2306 530 2352 et
542 2315 632 2353 cornu
646 2315 718 2353 rere
732 2296 908 2367 exaltatum3
929 2297 1071 2370 quianon
1085 2295 1119 2353 iu
1136 2315 1185 2367 se,
1201 2297 1249 2353 aed

202 2381 235 2436 iu
248 2379 377 2436 Domino
391 2378 456 2435 Deo
471 2397 535 2435 suo.
571 2379 744 2438 Dilatatam
768 2389 815 2436 est
837 2395 929 2456 saper
952 2381 1087 2435 inimicos
1112 2399 1194 2438 meos
1216 2399 1249 2436 os

201 2478 311 2520 meam:
324 2463 395 2538 quia
407 2464 482 2520 etin
494 2465 641 2542 angustiis
653 2478 854 2539 pressurarum
868 2479 962 2518 sermo
976 2461 1033 2518 Dei
1045 2481 1110 2518 non
1125 2473 1171 2520 cst
1183 2465 1250 2519 alli-

202 2555 303 2624 gatus,
328 2548 428 2604 necin
441 2548 634 2622 praeconibus
653 2547 792 2624 alligatis.
822 2543 1044 2616 Laetatasam,
1072 2546 1193 2622 inquit,
1220 2549 1250 2604 ia

202 2631 409 2686 salutariter.
446 2629 581 2687 Christus
597 2632 713 2706 estipse
724 2629 823 2700 lesus,
849 2647 936 2704 quem
954 2627 1094 2700 Simeon,
1126 2633 1208 2688 aient
1221 2634 1251 2687 in

201 2711 367 2790 Evangelio
380 2714 514 2790 legitur,¹
533 2731 628 2770 senex
640 2715 820 2788 amplectens
833 2729 971 2787 parvum,
997 2730 1166 2791 agnoscens
1187 2735 1249 2772 ma·

202 2791 305 2874 guum,
331 2793 416 2851 Nanc
428 2796 572 2867 dimittis,
598 2799 709 2872 inquit,
735 2795 871 2866 Domine,
887 2813 1004 2856 saraam
1017 2805 1100 2852 taam
1115 2800 1249 2876 inpare,

202 2880 339 2958 queniam
352 2877 492 2936 viderant
504 2879 582 2936 oculi
593 2883 652 2937 mei
664 2879 802 2936 salutare
814 2889 904 2936 taam.
924 2879 1013 2936 Dicat
1025 2881 1128 2955 itaque
1141 2881 1248 2938 Eccle-

202 2966 263 3031 sia,
290 2959 424 3018 Lac'tata
441 2975 505 3017 sam
524 2965 555 3017 in
573 2962 708 3018 saiatari
725 2971 785 3018 tac.
818 2959 1033 3030 Quoniamnen
1048 2973 1248 3035 aitsanctus,

202 3047 281 3102 sicat
294 3041 439 3100 Dominus
444 3059 455 3116 ,·
471 3053 502 3101 et
514 3049 571 3101 nori
584 3054 631 3102 est
642 3045 751 3118 instas,
765 3048 844 3102 sicat
859 3045 942 3106 Deus
955 3055 1077 3103 nester:
1103 3057 1249 3124 tauquam

202 3137 321 3184 sanetus
336 3135 366 3182 ct
379 3127 581 3200 sanctificans,
608 3130 703 3184 iustus
724 3137 755 3184 ct
771 3129 943 3186 iustificam.
969 3127 1102 3187 Nanest
1121 3143 1248 3188 sanctas

199 3207 389 3289 praetorto?
414 3212 482 3284 quie
496 3229 580 3268 nemo
594 3211 629 3268 fit
643 3213 702 3268 nisi
716 3213 766 3268 aba
780 3221 817 3268 te.
855 3211 990 3288 Denique
1006 3216 1160 3288 sequitur:
1189 3211 1249 3273 Nc-

201 3296 255 3355 iite
267 3295 400 3376 gloriari
411 3295 551 3373 saperda,
578 3305 609 3352 et
621 3296 713 3353 nolite
726 3295 807 3372 loqui
820 3296 951 3368 caecian,
969 3313 1067 3374 'nepae
1080 3307 1173 3356 exeat
1186 3319 1252 3356 ma·

201 3380 383 3458 gaiicpaiam
402 3379 438 3435 dc
453 3397 504 3437 ore
521 3389 633 3438 vestro.
668 3377 815 3447 Quoniam
827 3379 911 3438 Deae
929 3381 1130 3438 scientiarum
1142 3381 1249 3440 Domi-

201 3481 266 3520 nae.
292 3461 358 3536 lpse
371 3479 423 3519 voa
438 3464 505 3532 seit,
519 3473 550 3519 et
561 3464 610 3520 ubi
625 3481 711 3518 nemo
726 3464 797 3519 seit:
822 3464 959 3538 quoniam
977 3465 1028 3540 pai
1033 3475 1136 3540 putat
1145 3484 1180 3524 sc
1195 3467 1253 3523 ali-

202 3547 274 3622 qaid
286 3563 368 3616 ease,
391 3560 455 3602 cam
469 3547 546 3604 nihil
558 3548 610 3616 sit,
634 3563 666 3604 se
679 3548 777 3624 iprsam
790 3548 918 3604 seducit.
943 3545 1025 3603 llaec
1039 3545 1186 3606 dicuutur
1201 3549 1252 3606 ad-

201 3630 340 3685 versariis
350 3627 485 3686 Civitatis
498 3630 557 3686 Dei
570 3630 607 3686 ad
619 3627 811 3706 Babyloniam
825 3629 1051 3704 pertinentibus,
1066 3629 1102 3687 de
1117 3649 1175 3689 sua
1188 3635 1251 3690 rir-

201 3718 264 3764 tute
278 3714 549 3784 praesumentibus,
575 3715 670 3784 in-se,
694 3715 801 3770 nonin
816 3713 944 3772 Domino
963 3714 1186 3792 gloriantibna3
1216 3735 1252 3772 ex

203 3790 307 3864 qulbus
321 3803 391 3868 aunt
400 3797 640 3854 'etiamcarnalcs
653 3796 824 3868 israelitae,
850 3807 985 3854 terrenae
997 3795 1194 3856 Hierusalem
1211 3803 1251 3855 ci-

201 3889 254 3928 ves
269 3876 450 3952 terrigenae,
475 3881 540 3954 qui,
560 3887 602 3936 ut
614 3878 687 3938 dicit
696 3880 869 3956 Apostolus,
883 3879 1064 3959 Ignorantes
1078 3879 1145 3940 Dei
1159 3885 1242 3941 iusti
