2538 4392
193 226 255 285 DE
278 226 494 286 sivla-arn
517 229 598 287 DEI
626 231 707 288 LIB.
729 231 850 293 XVIII.
978 243 1037 300 211

33 399 112 458 quam
122 378 243 454 papidus,
257 377 323 452 quis
336 387 466 450 senatus,
489 397 563 454 quse
574 389 704 454 potestas
725 381 774 440 vel
785 383 913 462 dignitas
925 389 1041 463 publica

30 464 125 539 impiae
137 460 261 518 Civitatis
275 459 495 532 diiudicandae,
519 471 548 518 et
565 465 637 519 alias
661 464 824 538 probandas
842 487 878 524 ae
895 473 1040 544 reprien-

29 548 86 618 das,
98 547 160 600 alias
172 542 372 616 improbandas
386 544 640 620 repudiandasque
654 551 786 620 curavit,
808 568 843 606 aa
857 569 917 608 non
930 557 1039 626 passim

26 632 85 686 sine
100 629 150 682 ullo
171 625 277 682 iudicio
296 626 476 701 confuseque
493 625 593 684 habuit
611 631 642 685 in
661 633 774 706 gremio
794 651 846 688 suo
861 642 908 690 tot
920 645 1038 692 contro·

25 708 279 771 versiashominum
292 706 511 778 dissidentium,
535 729 595 768 non
615 712 650 784 de
667 715 748 790 agris
767 725 796 771 et
816 715 966 789 domibus,
992 721 1039 774 vel

23 809 180 870 quacunque
200 791 370 865 pccuniaria
390 793 519 863 ratione,
546 793 598 848 sed
616 795 651 850 de
668 794 714 850 his
733 797 838 868 rebus,
865 801 971 874 quibus
990 811 1041 856 aut

23 879 120 934 misere
132 875 234 930 vivitur
246 882 299 928 aut
311 871 415 930 beatel
446 873 503 929 Vbi
516 877 572 931 ctsi
584 879 681 952 aquua
693 897 764 950 vera
777 880 964 954 dicebantur,
990 902 1040 939 ca-

23 961 85 1016 dem
96 958 203 1014 licentia
216 955 387 1011 dicebantur
407 966 437 1013 et
455 957 542 1028 falsa3
569 977 690 1031 prorsus
711 971 823 1018 utnon
842 963 954 1019 frustra
973 967 1041 1020 talis

23 1043 125 1100 Civitas
148 1040 300 1114 mysticum
327 1039 500 1095 vocabulum
521 1039 680 1116 BabylonIs
706 1047 861 1118 acceperit.
908 1045 1041 1122 Babylon

23 1126 122 1200 quippe
134 1124 338 1195 interpretatur
352 1123 503 1193 confusio,
530 1124 608 1198 quod
625 1143 678 1180 nos
696 1127 754 1183 iam
772 1127 883 1183 dixisse
904 1131 1040 1199 memini-

23 1225 91 1263 mus.
124 1204 180 1262 Nec
192 1206 316 1261 interest
329 1203 437 1260 diaboli
449 1207 530 1282 regis
544 1209 623 1278 eius,
649 1226 735 1282 quam
748 1212 904 1280 contrariis
917 1213 996 1266 Inter
1010 1229 1041 1266 se

23 1292 149 1345 rixentur
170 1286 333 1357 erroribus,
362 1305 433 1362 quos
454 1289 559 1345 merito
578 1291 689 1361 multae
706 1294 863 1367 variaeque
882 1294 1041 1366 impietatis

23 1373 123 1447 pariter
134 1368 267 1443 possidet.
796 1364 799 1372 ’

77 1454 114 1510 At
125 1470 191 1508 vero
204 1469 277 1528 gens
291 1452 356 1518 illa,
378 1452 428 1506 illc
443 1454 581 1526 populus,
605 1455 656 1510 illa
667 1453 789 1526 Civitas,
803 1457 853 1512 illa
868 1457 1041 1530 respublica,

23 1538 60 1592 'dli
71 1535 224 1605 hmilitas,
239 1535 342 1608 quibus
354 1533 466 1590 credita
474 1545 544 1591 sunt
554 1537 669 1610 eloquia
682 1535 750 1608 Dei,
763 1540 845 1594 nullo
858 1538 943 1594 modo
957 1557 1043 1611 pseu-

23 1616 198 1693 Ioprophetas
212 1635 278 1672 cum
289 1617 368 1672 reris
383 1615 536 1690 Prophetis
549 1620 613 1691 pari
626 1620 747 1675 licentia
762 1621 972 1676 confuderunt:
992 1619 1043 1675 sed

23 1699 169 1758 concordes
182 1701 259 1756 inter
273 1716 305 1756 sc
320 1709 406 1774 atquc
420 1701 453 1756 in
466 1701 549 1757 nullo
563 1699 787 1772 dissentientes,
813 1719 961 1759 sacrarum
974 1703 1042 1758 lite·

23 1802 108 1840 ·arum
128 1799 244 1839 veraces
263 1782 298 1838 ab
319 1783 361 1838 eis
385 1782 621 1860 agnoscebantur
644 1793 674 1838 et
696 1785 874 1842 tenebantur-
895 1793 1041 1842 auctores.

23 1869 68 1942 psi
83 1867 125 1921 eis
139 1874 221 1922 erant
233 1861 407 1938 philosophi,
431 1863 487 1920 hoc
500 1873 554 1936 est,
568 1867 714 1922 amatores
728 1868 900 1941 sapientiae,
924 1868 980 1941 ipsi
994 1885 1041 1923 sa·

23 1953 140 2018 dentes,
163 1948 219 2020 ipsi
232 1944 379 2022 theologi,
404 1949 461 2020 ipsi
473 1946 647 2020 prophatae,
671 1950 729 2020 ipsi
742 1950 877 2004 doctores
889 1950 1042 2023 probitatis

25 2043 95 2106 tque
107 2031 232 2104 pietatis.
271 2029 443 2103 Quicunque
459 2029 620 2085 secundum
630 2031 696 2086 illos
709 2032 806 2103 sapuit
820 2039 851 2086 et
861 2033 956 2101 risit,
982 2049 1042 2088 nou

23 2113 165 2172 ccundum
178 2110 328 2181 homines,
354 2110 406 2168 sed
419 2109 580 2166 secundum
593 2109 707 2180 Dcum,
734 2113 784 2184 qui
796 2130 849 2184 per
861 2129 912 2166 eos
925 2113 1042 2168 locutus

23 2207 65 2266 st,
91 2195 187 2268 sapuit
204 2202 234 2250 et
250 2195 336 2250 vixit.
369 2192 414 2251 Ibi
432 2194 459 2246 si
475 2189 654 2265 prohibitum
673 2201 716 2248 cst
731 2194 934 2270 sacrilegium,
960 2192 1042 2250 Daras

23 2279 158 2337 rohibuit.
191 2275 226 2334 Si
238 2275 350 2332 dictum
365 2284 420 2345 est,
438 2273 564 2334 Honora
571 2285 695 2353 patrem
708 2285 799 2345 taam,
813 2275 844 2332 e'l
856 2286 981 2350 matrem
994 2285 1042 2332 ta·

23 2383 58 2432 m,
73 2361 156 2418 Deus
170 2361 266 2415 iussit.
288 2357 322 2416 Si
335 2357 446 2415 dictum
460 2365 522 2428 est,
547 2355 611 2416 Noa
625 2357 833 2427 moechaberis,
845 2356 910 2414 Noa
923 2357 1043 2416 homici-

23 2449 80 2502 iam
86 2445 205 2515 facies,
219 2439 461 2513 Nonfarabera's,
476 2448 506 2496 et
519 2449 634 2515 caetera
644 2439 818 2512 huiusmodi,
833 2459 892 2496 non
905 2439 976 2517 haec
991 2459 1044 2498 ors

23 2545 140 2595 amana,
155 2525 207 2580 sed
221 2527 341 2582 oracula
354 2524 454 2582 dlvina
467 2523 615 2581 fuderunt.
641 2523 786 2599 Quicquid
797 2521 962 2596 philosophi
977 2523 1055 2595 qui·,

23 2630 65 2670 rm
78 2611 163 2666 Inter
176 2608 265 2678 falsa,
279 2625 354 2682 quae
368 2607 480 2680 opinati
493 2615 574 2674 sunt,
597 2623 700 2662 verum
714 2603 813 2661 uidere
826 2613 997 2679 potuerunt,
1013 2613 1043 2660 et

24 2681 158 2750 boriosis
179 2688 424 2766 disputationibus
442 2687 621 2763 persuadere
639 2689 735 2766 ipoliti
753 2697 837 2757 sunt,
864 2685 942 2763 quod
955 2703 1042 2745 mun·

23 2797 63 2834 un
77 2777 174 2832 istum
186 2775 293 2832 Icccrit
305 2772 401 2842 Deus,
416 2790 540 2846 eumque
552 2773 615 2844 ipae
627 2770 902 2846 providentissimus
916 2768 1042 2826 admini-

23 2871 70 2932 et,
81 2877 122 2918 ne
134 2857 293 2918 honestate
306 2857 458 2926 virtutum,
473 2854 508 2910 de
520 2873 621 2914 amore
631 2856 755 2933 patriae,
770 2853 806 2912 dc
816 2853 873 2929 fidp
885 2852 1041 2922 amicitiae,

23 2969 24 2990 ι
39 2943 133 2998 bonis
148 2940 287 3015 operibus
301 2947 389 3012 atque
403 2937 535 2992 omnibus
550 2936 587 2992 ad
600 2957 694 2993 mores
708 2937 813 3012 probos
827 2935 1041 3010 pertinentibus

23 3026 97 3093 bus,
114 3024 255 3098 quamvis
269 3022 435 3079 nescientes
449 3019 485 3076 ad
498 3037 586 3095 quern
596 3020 696 3092 finem,
710 3030 743 3077 et
755 3038 882 3096 quonam
895 3018 979 3075 modo
994 3035 1041 3073 es·

23 3117 55 3162 nt
70 3109 136 3165 ista
150 3107 253 3161 omnia
264 3103 428 3174 reserenda,
441 3101 634 3178 propheticis,
655 3102 712 3162 boa
726 3113 772 3161 eat
785 3103 893 3173 dividia
907 3101 1041 3174 apcibus,

24 3191 129 3244 amuis
143 3205 200 3260 per
212 3185 362 3257 homines,
380 3187 413 3260 in
425 3187 477 3241 illa
489 3183 616 3242 Civitatc
628 3187 733 3260 populo
747 3184 947 3241 commendata
962 3193 1042 3252 sunt,

24 3291 45 3326 n
61 3259 365 3348 argumentationum
378 3268 642 3335 concertationibus
654 3269 814 3338 inculcata3
828 3274 861 3322 ut
873 3283 935 3329 raon¹
947 3262 1041 3329 homi-

23 3372 27 3407 ι
43 3354 233 3432 ingenium,
261 3353 313 3418 sed
326 3351 385 3409 Dei
402 3350 548 3425 eloquium
566 3359 755 3408 contemnere
774 3345 962 3414 formidaret,
992 3344 1042 3418 qui

23 3455 31 3492 ι
45 3445 269 3514 cognosceret.

372 3548 496 3606 CAP.
543 3546 674 3605 XLII.

23 3647 39 3684 a
52 3631 273 3700 dispensatione
285 3627 472 3700 procidentiae
486 3625 544 3684 Dei
553 3627 713 3696 Scripturas
728 3639 822 3676 sacrae
836 3617 935 3702 ceteris
949 3617 1043 3671 Testa·

35 3701 190 3755 mantica
200 3699 326 3754 Idebraca
340 3700 371 3751 ia
384 3699 518 3750 Graecam
538 3697 670 3766 eloquiam
690 3695 842 3746 translatae
862 3696 931 3754 ant,
950 3697 983 3741 at

280 3766 412 3843 aniensis
423 3765 551 3836 gentibus
560 3767 765 3819 innotescerent·

33 3855 108 3917 Idas
125 3877 235 3940 &aas
248 3859 348 3918 literas
362 3857 450 3914 etiem
462 3873 539 3912 unus
552 3854 787 3990 Ptolemqpprssum
799 3867 903 3926 regum
916 3848 1057 3926 Aegypti
