2576 4396
230 194 290 254 DE
314 194 638 258 civitatulam
665 201 744 260 ΗΒ.
766 202 826 262 Xl.
992 211 1057 270 333

17 367 86 404 suae
98 348 344 422 perseverantiae
356 350 485 422 praemio
499 353 573 408 certi
586 362 673 427 sunt,
688 353 723 410 de
736 356 798 429 ipsa
811 363 910 414 temen
921 375 1057 435 perseve-

16 433 114 488 rantia
142 448 196 486 sua
220 431 408 505 reperiuntur
433 433 549 490 incerti.
594 435 666 502 Quis
693 438 772 492 enirn
797 437 947 497 bominum
970 461 1002 499 se
1025 447 1057 502 in

17 517 135 572 actione
158 511 352 588 profectuque
373 515 505 572 iustitiae
526 529 781 591 perseveraturum
803 523 951 597 usquein
968 524 1058 582 linem

18 600 108 669 sciat,
137 598 197 653 nisi
212 597 310 671 aliqua
327 598 509 654 revelatione
522 600 558 655 ab
575 602 626 658 illo
641 601 693 660 list
704 611 819 677 certus,
846 605 897 680 qui
910 603 946 662 de
959 604 1014 664 bac
1025 626 1059 664 re

19 684 96 738 iusto
114 681 283 754 latentique
295 677 406 737 iudicio
420 699 481 736 non
495 699 596 740 omncs
610 685 749 758 instruit,
776 685 829 744 sed
842 689 990 746 neminem
1002 689 1058 746 fal-

17 767 59 820 lit.
90 766 243 830 Quantum
257 763 356 837 itaque
368 765 497 838 pertinet
513 764 551 822 ad
564 767 789 826 delectationem
800 773 964 846 praesentis
977 771 1058 843 boni,

17 848 132 902 beatior
146 854 211 901 erat
223 845 336 918 primus
349 845 435 902 bomo
448 847 480 902 in
493 848 645 922 paradiso,
671 869 758 928 quarn
775 852 900 928 quilibet
917 855 1011 914 iustus
1024 857 1058 911 in

17 930 68 986 bac
82 929 259 986 infirmitate
273 929 403 985 mortali:
428 940 570 1004 quantum
583 942 681 990 autem
693 934 730 991 ad
743 952 825 1012 spem
836 935 933 994 futuri
945 934 1058 1016 (boui),

18 1014 131 1069 beatior
146 1009 271 1086 quilibet
283 1011 315 1066 in
329 1011 505 1086 quibuslibet
518 1015 694 1074 cruciatibus
705 1020 849 1092 corporis,
862 1020 912 1078 eui
922 1039 983 1078 non
994 1022 1059 1096 opi-

19 1097 123 1167 nione,
151 1093 204 1149 sed
217 1101 300 1149 certa
313 1095 439 1151 veritate
451 1097 640 1156 manifestum
659 1107 720 1169 est,
746 1101 813 1158 sine
825 1100 885 1158 line
897 1119 930 1159 se
942 1100 1058 1160 babitu-

19 1197 80 1234 rum
93 1178 177 1235 omni
193 1177 330 1232 molestie
348 1187 497 1235 carentem
509 1181 681 1238 societatem
693 1181 873 1259 Angelorum
892 1183 925 1241 in
936 1187 1058 1260 partici-

20 1263 136 1335 patione
150 1258 258 1316 summi
272 1257 345 1332 Dei,
372 1277 459 1335 quam
473 1264 602 1320 crot'ille
613 1261 701 1321 bomo
720 1265 766 1320 sui
781 1282 867 1322 casus
880 1266 1011 1324 incertus
1026 1269 1058 1322 in

21 1361 125 1423 magna
139 1345 190 1399 illa
203 1341 348 1398 felicitate
361 1342 500 1416 paradisi.

406 1508 523 1570 csP.
565 1509 685 1571 Xlll.

22 1606 61 1658 Aa
71 1607 113 1658 ita
125 1605 207 1658 euius
212 1603 365 1677 felicitatis
375 1621 462 1659 emim
472 1605 575 1677 Angels‘
584 1607 641 1662 sint
651 1607 748 1672 acati,
759 1617 792 1660 ut
800 1625 885 1679 nsque
896 1612 1022 1678 lapsuros
1032 1627 1060 1663 se

20 1685 123 1745 possent
132 1692 209 1728 nosse
220 1672 269 1742 qui
277 1673 349 1741 lapsi
359 1683 438 1738 sant,
458 1684 557 1744 etpost
566 1677 675 1731 ruinam
685 1677 833 1738 labentium
839 1679 1060 1747 perseverantias

201 1759 267 1794 suae
278 1743 492 1810 praescientiam
505 1747 661 1816 acceperint
670 1747 718 1818 qui
732 1756 875 1802 steterunt.

81 1847 229 1914 Quocirca
242 1849 336 1906 cuivis
350 1851 409 1906 iam
417 1869 478 1906 non
491 1849 645 1909 difficulter
654 1853 787 1909 occurrit
795 1861 923 1930 utroque
933 1857 1058 1912 coniun-

22 1942 64 1988 cto
78 1929 155 1987 effici
167 1930 397 2004 beatitudinem,
424 1951 510 2008 quom
522 1944 604 1992 recto
619 1936 769 2011 proposito
782 1936 990 1994 intellectualia
1004 1957 1057 1996 na-

23 2024 84 2070 tura
98 2013 262 2087 desiderat3
288 2013 343 2072 boc
357 2023 416 2087 est,
440 2026 473 2072 ut
487 2026 518 2073 et
529 2017 607 2075 bono
620 2017 866 2090 incommutabili,
886 2020 963 2094 quod
975 2020 1058 2077 Deus

24 2107 76 2169 est,
95 2099 162 2152 sine
174 2099 236 2154 ‘ulla
249 2099 384 2154 molestia
395 2097 578 2172 perfruatur,
598 2103 673 2156 etin
687 2118 722 2155 eo
737 2117 768 2154 se
782 2101 814 2154 iu
827 2111 981 2158 aeteruum
994 2120 1058 2156 esse

24 2197 204 2252 mansuram,
230 2199 286 2237 nec
302 2182 364 2237 ulla
390 2180 571 2238 dubitatione
597 2192 767 2253 cunctetur,
793 2199 849 2239 nec
873 2185 933 2239 ullo
957 2201 1058 2239 errore

22 2263 147 2318 fallatur.
191 2261 277 2320 liano
294 2261 403 2320 habere
420 2263 551 2342 Angelos
570 2267 643 2322 lucis
664 2267 713 2338 pia
725 2263 783 2321 fide
796 2266 955 2323 credimur:
982 2265 1057 2323 hano

20 2365 72 2401 nco
85 2355 157 2402 ante
170 2363 258 2420 quarn
272 2345 426 2417 caderent,
440 2345 578 2404 babuisse
591 2350 713 2426 angelos
726 2357 913 2423 peccatores,
940 2352 990 2425 qui
1003 2369 1057 2407 sua

17 2431 163 2502 pravitate
177 2430 229 2485 illa
242 2431 307 2484 luce
318 2430 424 2503 privati
439 2439 525 2502 sunt,
543 2433 735 2506 consequenti
748 2433 863 2488 ratione
876 2433 1056 2510 colligimus3

18 2509 155 2568 babuisse
168 2521 268 2569 tamn
282 2513 425 2586 aliquam,
452 2513 509 2568 etsi
526 2531 588 2568 non
604 2514 767 2586 praesciam
779 2513 1005 2583 beatitudinem,
1031 2516 1058 2569 si

17 2596 107 2650 uitam
121 2604 251 2670 egerunt
263 2603 332 2650 ante
349 2603 516 2670 peccatum,
541 2594 672 2668 prolecto
687 2592 825 2650 credendi
837 2602 915 2648 sunt.
958 2595 1018 2650 Aut
1031 2597 1058 2649 si

16 2677 122 2734 durum
135 2677 269 2749 videtur,
295 2677 411 2752 quando
425 2677 497 2734 facti
510 2684 580 2732 sunt
596 2677 713 2753 angeli,
739 2676 812 2730 alios
825 2674 945 2731 credere
958 2677 1000 2732 ita
1013 2676 1057 2731 fa-

16 2769 80 2814 ctos
93 2769 127 2815 ut
141 2779 203 2816 non
217 2761 384 2834 acciperent
396 2760 623 2833 praescientiam
635 2761 683 2814 vel
695 2759 935 2832 perseverantiae
946 2759 995 2815 vel
1007 2776 1057 2814 ea-

16 2861 70 2897 sus
83 2845 142 2913 sui,
154 2845 228 2899 alios
241 2853 339 2899 autem
350 2844 393 2898 ita
405 2852 440 2899 ut
450 2845 578 2900 veritate
589 2843 753 2898 certissima
767 2842 973 2897 aeternitatem
985 2859 1057 2897 suae

16 2925 209 2982 beatitudiuis
228 2934 369 2996 nossent;
395 2926 446 2982 sed
464 2925 594 3000 aequalis
614 2923 766 2980 felicitatis
789 2941 890 2981 omnes
912 2924 948 2980 ab
969 2925 1056 2982 initio

18 3009 110 3063 creati
123 3017 211 3080 sunt,
239 3017 269 3064 et
281 3009 325 3064 ita
337 3008 474 3078 fuerunt,
501 3008 594 3064 donec
607 3009 658 3064 isti
671 3009 721 3082 qui
733 3025 813 3064 nunc
826 3007 896 3064 mali
909 3015 996 3079 sunt,
1019 3009 1055 3064 ab

17 3091 71 3144 illo
89 3091 233 3147 bonitatis
251 3091 361 3146 lumine
383 3108 435 3146 sua
452 3092 605 3146 voluntate
629 3089 821 3148 cecidissent:
847 3093 949 3166 procul
969 3090 1056 3149 dubio

16 3175 108 3228 multo
132 3183 178 3229 est
201 3173 300 3228 durius
325 3191 403 3229 nunc
424 3181 527 3246 putare
540 3173 670 3250 Angelos
689 3182 807 3230 sanctos
825 3183 963 3230 aeternae
985 3192 1057 3230 suec

14 3255 208 3312 beatitudinis
222 3257 368 3325 incertos,
384 3263 414 3310 et
426 3256 504 3328 ipsos
518 3254 553 3310 de
567 3257 730 3328 semetipsis
744 3257 897 3332 ignorare,
911 3255 988 3332 quod
1001 3273 1056 3312 nos

16 3335 59 3391 dc
71 3340 129 3394 illis
143 3357 196 3413 pcc
210 3335 377 3410 Scripturas
390 3347 507 3394 sanctas
521 3357 608 3394 nosse
621 3340 778 3412 potuimus.
821 3337 894 3402 Quis
914 3340 994 3394 enim
1007 3355 1057 3392 oa·

14 3417 146 3477 tbolicus
161 3421 346 3478 Christianus
360 3421 492 3498 ignorat,
515 3423 626 3478 nullum
639 3438 747 3478 novum
760 3418 907 3474 diabolum
921 3437 958 3473 ex
971 3419 1056 3473 bonis

14 3503 141 3579 Angelis
155 3505 279 3560 ulterius
294 3504 439 3574 futurum3
466 3504 545 3559 sicut
562 3523 616 3560 nec
633 3505 723 3558 istum
735 3503 767 3556 in
781 3501 951 3556 sociotatem
963 3501 1057 3555 bono·

13 3588 273 3664 rumAngelorurn
286 3587 412 3644 ulterius
426 3583 607 3642 rediturum?
629 3582 745 3640 Veritas
759 3584 864 3657 quippe
877 3579 1056 3656 inEvange-

13 3668 63 3722 lio
77 3670 188 3725 sanctis
201 3667 395 3743 fidelibusque
407 3669 568 3742 promittit,
591 3667 669 3743 quod
683 3674 771 3722 erunt
784 3664 922 3739 aequales
934 3663 1057 3739 Angelis

14 3747 94 3806 Dei:
122 3752 226 3826 quibus
241 3753 330 3808 etiam
342 3752 539 3825 promittitur,
561 3749 639 3826 quod
651 3749 737 3806 ibunt
749 3749 779 3803 in
793 3749 885 3804 vitam
898 3754 1057 3801 aeternam.

18 3829 116 3889 Porro
130 3844 228 3890 autem
242 3837 268 3890 si
281 3851 336 3890 nos
350 3835 425 3890 certi
439 3851 555 3905 suasus,
582 3849 731 3906 nunquam
750 3849 803 3886 nos
823 3847 860 3886 ex
874 3830 924 3884 illa
939 3830 1056 3886 irrsmor·
