2576 4396
177 163 179 166 ι
211 205 275 267 258
443 203 543 264 DlVl
569 201 757 262 AVRELll
782 201 1036 264 AVGVSTlNl

213 353 390 412 tiadeorum
404 363 434 410 et
448 353 630 425 daemonum,
657 371 781 429 quorum
794 354 859 410 illos
876 356 911 411 ab
924 353 1091 414 hominibus
1106 361 1203 439 longe
1222 366 1272 422 la⁴

212 449 300 512 teque
314 439 486 515 seiungunt,
511 438 584 492 istos
597 439 677 492 inter
691 436 760 492 deos
775 445 805 492 et
816 435 949 494 homines
962 441 1123 514 collocant,
1152 445 1214 502 sed
1233 449 1275 505 de

213 518 380 576 differentia
403 522 535 594 ipsorum
555 519 743 592 daemonum,
767 519 844 595 quod
864 519 900 576 ad
917 531 1101 596 praesentem
1123 531 1278 599 pertinet

213 605 425 678 quaestionem.
468 601 580 676 *Apud
599 604 753 678 plerosque
770 621 831 658 non
850 605 992 659 usitatum
1016 615 1062 661 est
1081 605 1158 679 diei,
1184 613 1276 670 alias

213 687 306 742 malos
320 685 492 741 daemones:
523 701 598 758 quae
612 687 675 742 sive
689 685 728 740 sit
741 686 829 741 etiam
842 683 1076 768 Platonicorum,
1102 691 1170 746 sive
1185 711 1276 768 quo.

213 768 351 824 rumlibet
364 768 527 836 sententia,
554 785 739 843 nequaquam
759 769 823 824 eius
838 777 884 822 est
900 770 1081 847 negligenda
1095 771 1275 851 discussio,

212 869 251 906 ne
265 852 418 924 quisquam
431 851 511 906 velut
522 849 677 926 daemones
695 851 787 906 bonos
802 851 966 926 sequendos
980 852 1037 908 sibi
1050 872 1114 910 esse
1127 857 1276 917 arbitre-

212 943 279 1002 tur,
305 949 357 1006 per
371 950 443 1006 quos
457 941 596 1008 tanquam
608 933 735 1004 medios,
762 932 819 989 diis
838 951 909 1008 quos
927 952 1028 992 omnes
1041 937 1133 994 bonos
1150 944 1276 1017 eredit,

213 1015 283 1070 dum
293 1017 444 1072 eonciliari
455 1012 572 1072 affectat
581 1025 612 1072 et
622 1015 732 1087 studet,
742 1025 775 1072 ut
786 1018 870 1092 quasi
879 1035 945 1073 eum
956 1020 998 1074 eis
1009 1021 1103 1094 possit
1113 1040 1183 1078 esse
1195 1039 1278 1100 post

209 1105 353 1169 mortem,
379 1099 514 1154 irretitus
531 1101 728 1178 malignorum
745 1101 902 1174 spirituum
916 1099 1111 1178 deceptusque
1124 1105 1276 1182 fallacia,

212 1182 302 1256 longe
315 1181 431 1238 aberret
443 1199 460 1236 a
472 1200 543 1238 vero
558 1182 639 1253 Deo,
664 1201 729 1238 eum
742 1201 798 1258 quo
810 1185 887 1254 solo,
912 1186 985 1240 etin
999 1202 1055 1259 quo
1069 1188 1152 1260 solo,
1179 1202 1222 1247 et
1239 1195 1277 1249 de

212 1281 269 1338 quo
281 1265 343 1320 solo
357 1265 455 1322 anirna
467 1263 605 1336 bumana,
619 1264 720 1337 idest,
734 1268 887 1324 rationalis
902 1275 933 1323 et
944 1268 1155 1326 intellectualis
1171 1273 1276 1334 beata

212 1356 266 1404 est.
541 1377 549 1406 l
944 1347 1030 1424 (aaz.
1048 1349 1130 1409 tAP.
1147 1353 1229 1434 ΙΙ.)

455 1451 457 1456 ·
609 1435 632 1492 C
654 1437 679 1492 A
700 1436 732 1492 P.
775 1434 850 1492 111,

213 1527 288 1591 Quae
295 1525 470 1582 'daensonibus
483 1529 612 1596 Apuleius
623 1531 761 1583 adscribat
767 1548 778 1591 ;
798 1531 893 1598 quibus
908 1547 967 1584 eum
983 1534 1115 1586 rationem
1131 1551 1194 1589 saon
1209 1542 1279 1592 aab·

506 1596 611 1662 trabat,
621 1600 691 1652 nibil
700 1600 813 1652 virtutis
824 1601 957 1672 assignat.

269 1687 351 1752 Quae
364 1688 457 1764 igitur
470 1694 516 1742 est
528 1683 694 1744 differentia
702 1687 881 1747 daemonum
894 1691 1079 1749 bonorumet
1092 1697 1278 1762 malorum?

212 1769 335 1835 Quando
354 1769 473 1844 quidem
484 1767 651 1826 Platonicus
664 1771 804 1846 Apuleius
819 1773 855 1830 de
873 1773 920 1830 his
934 1777 1147 1834 universaliter
1162 1780 1276 1842 disse-

211 1869 295 1920 rens,
310 1860 412 1908 ettam
425 1853 517 1908 multa
530 1854 654 1928 loquens
667 1854 703 1910 de
717 1857 805 1912 atriis
817 1873 918 1913 eorum
932 1861 1120 1932 corporibus,
1145 1861 1187 1920 de
1204 1872 1278 1926 vir-

211 1934 323 1990 tutibus
336 1935 431 1991 taeuit
443 1935 622 2008 animorum,
637 1937 741 2011 quibus
756 1949 857 1996 essent
870 1939 1005 2015 praediti,
1020 1944 1045 1998 si
1058 1941 1130 1999 boni
1147 1965 1277 2010 essent.

211 2014 320 2072 'l'aeuit
333 2035 404 2096 ergo
417 2017 607 2075 beatitudinis
622 2038 755 2078 eausam:
769 2023 911 2080 indicium
923 2042 993 2080 vero
1007 2027 1149 2084 miseriae
1161 2041 1279 2092 taeere

209 2105 271 2155 nod
283 2103 391 2174 potuit,
406 2101 550 2157 eonfitens
562 2121 663 2159 eorum
675 2103 814 2177 mentem,
829 2125 887 2181 qua
900 2107 1058 2164 rationales
1073 2129 1143 2166 esse
1158 2118 1278 2190 perhi.

209 2183 285 2251 buit,
304 2201 366 2240 non
380 2185 484 2240 saltem
496 2185 636 2242 imbutam
650 2189 849 2264 munitamque
861 2191 972 2246 virtute
984 2194 1178 2266 passionibus
1199 2205 1277 2260 ani-

209 2267 250 2320 mi
262 2266 481 2322 irrationalibus
495 2285 678 2344 nequaquam
692 2270 810 2344 sedere,
837 2271 888 2327 sed
900 2274 992 2348 ipsam
1012 2265 1152 2352 quoque,
1186 2287 1280 2348 sicut

210 2349 366 2404 stultarum
378 2351 520 2406 mentium
532 2369 595 2407 mos
609 2361 665 2423 est,
686 2357 859 2427 procellosis
873 2355 1081 2432 quodammodo
1094 2371 1276 2434 perturba-

210 2429 339 2486 tionibus
354 2433 471 2510 agitari.
497 2432 593 2490 Verba
612 2453 739 2512 namque
753 2440 815 2494 eius
836 2439 872 2494 de
884 2437 938 2496 hae
952 2459 987 2495 ro
998 2442 1056 2498 ista
1069 2454 1160 2504 sunt:
1194 2453 1278 2524 „Ex

210 2511 288 2584 „hoe
299 2513 392 2570 ferme
402 2515 577 2573 daemonum
590 2535 727 2592 numero,
737 2523 846 2596 inquit,
858 2532 962 2597 poetae
976 2527 1082 2596 solent,
1097 2524 1277 2610 haudqua-

210 2600 591 2672 „quamproeulaveritate,
605 2619 705 2658 osores
718 2613 748 2659 et
759 2615 903 2661 amatores
911 2607 1091 2681 quorundam
1098 2607 1280 2678 hominurn

209 2679 302 2750 „deos
315 2680 444 2758 fingere
457 2681 511 2738 bos
524 2701 699 2758 prosperare
712 2695 742 2742 et
755 2686 889 2760 evehere,
903 2691 969 2744 illos
984 2701 1085 2748 eontra
1099 2695 1281 2762 adversari

208 2771 262 2832 „et
273 2762 414 2840 affligere.
446 2764 541 2841 Igitur
553 2775 583 2820 et
594 2767 740 2840 misereri,
754 2778 785 2824 et
798 2770 959 2850 indignari,
973 2783 1004 2830 et
1015 2777 1098 2854 angi,
1112 2789 1150 2836 et
1165 2785 1280 2846 laeta-

207 2847 268 2916 „ri,
282 2851 455 2920 omnemque
467 2845 587 2902 humani
600 2850 692 2904 animi
705 2851 811 2908 faeiem
824 2857 895 2930 pati,
910 2855 1000 2912 simili
1012 2868 1093 2915 motu
1107 2867 1228 2927 sordis
1247 2889 1283 2930 et

183 2961 184 2967 κ
207 2928 292 2995 „salo
305 2929 430 3000 mentis,
449 2945 502 3000 per
515 2947 616 2986 omnes
629 2934 841 3010 cogitationum
855 2947 952 2994 aestus
966 2937 1123 2999 lluetuare.
1177 2953 1280 3019 Quae

207 3025 330 3078 „omnes
349 3010 491 3066 turbellae
514 3019 882 3092 tempestatesqueproeul
901 3039 918 3076 o
937 3022 1056 3079 deorum
1075 3031 1282 3098 coelestium

207 3091 443 3166 „tranquillitate
457 3095 626 3152 exsulant.“
653 3097 731 3156 Num
745 3104 835 3158 estin
848 3101 893 3158 bis
907 3105 1004 3161 verbis
1017 3108 1077 3164 ulla
1091 3109 1282 3196 dubitatio,

206 3171 283 3247 quod
297 3192 357 3232 non
369 3177 537 3233 animorum
550 3179 662 3254 aliquas
676 3179 834 3240 inferiores
848 3196 957 3261 partes,
972 3181 1023 3244 sed
1035 3191 1113 3265 ipsas
1130 3195 1279 3264 daemo«

205 3273 274 3312 num
287 3266 412 3330 mentes,
427 3259 530 3334 quibus
543 3264 700 3320 rationalia
714 3277 784 3323 sunt
796 3270 945 3341 animalia,
958 3275 1040 3329 velut
1051 3283 1283 3347 procellosum

204 3339 298 3394 salum
311 3339 388 3396 dixit
397 3345 569 3418 passionum
577 3355 749 3424 tempestate
760 3347 891 3407 turbari?
904 3361 987 3412 utne
1000 3353 1176 3418 hominibus
1197 3375 1282 3446 qui.

204 3419 269 3476 dem
283 3424 463 3498 sapientibus
477 3429 666 3502 eomparandi
679 3432 750 3502 sint,
776 3434 825 3508 qni
837 3431 1002 3494 huiusmodi
1013 3442 1283 3512 perturbationi.

203 3503 257 3560 bus
269 3507 452 3578 animorum,
480 3527 497 3565 a
516 3511 620 3586 quibus
639 3510 766 3572 humano
786 3533 846 3572 nou
866 3526 912 3572 est
924 3519 1065 3577 immunis
1075 3523 1270 3594 infirmita„

204 3589 292 3643 etiam
307 3607 373 3645 eum
387 3609 436 3646 eas
450 3589 535 3648 huius
552 3594 626 3649 ritae
641 3593 813 3652 conditione
823 3599 993 3673 patiuntur,
1019 3613 1120 3660 mente
1141 3582 1283 3692 imper'

202 3669 317 3744 turbata
329 3673 483 3740 resistunt,
503 3692 564 3730 non
579 3675 621 3730 eis
636 3675 774 3736 cedentes
789 3679 826 3736 sd
839 3681 950 3755 aliquid
963 3686 1205 3760 approbandum
1223 3722 1272 3762 ve

203 3753 443 3824 perpetrandum,
467 3754 544 3829 quod
564 3757 710 3816 exorbitet
723 3760 758 3818 ab
772 3761 881 3820 itinere
894 3767 1057 3840 sapientiae
1074 3779 1105 3825 et
1119 3773 1209 3856 lege
1229 3807 1269 3846 m

201 3832 315 3890 stitiae:
342 3834 393 3890 sed
406 3837 506 3891 stultis
519 3840 690 3898 mortalibus
704 3851 735 3898 et
747 3844 883 3919 iniustis,
908 3866 968 3904 nan
982 3852 1183 3932 corporibus,
1221 3889 1279 3928 30
