<?xml version="1.0" encoding="UTF-8"?>
<!DOCTYPE html PUBLIC "-//W3C//DTD XHTML 1.0 Transitional//EN"
    "http://www.w3.org/TR/xhtml1/DTD/xhtml1-transitional.dtd">
<html xmlns="http://www.w3.org/1999/xhtml" xml:lang="en" lang="en">
 <head>
  <title>
</title>
<meta http-equiv="Content-Type" content="text/html;charset=utf-8" />
  <meta name='ocr-system' content='tesseract 3.04.00' />
  <meta name='ocr-capabilities' content='ocr_page ocr_carea ocr_par ocr_line ocrx_word'/>
</head>
<body>
  <div class='ocr_page' id='page_1' title='image "./saureliiaugusti02augugoog_0311.png"; bbox 0 0 2576 4396; ppageno 0'>
   <div class='ocr_carea' id='block_1_1' title="bbox 234 200 1041 264">
    <p class='ocr_par' dir='ltr' id='par_1_1' title="bbox 234 200 1041 264">
     <span class='ocr_line' id='line_1_1' title="bbox 234 200 1041 264; baseline -0.007 0"><span class='ocrx_word' id='word_1_1' title='bbox 234 209 295 264; x_wconf 76' lang='lat'><strong>308</strong></span> <span class='ocrx_word' id='word_1_2' title='bbox 461 203 558 264; x_wconf 90' lang='lat' dir='ltr'><strong>DlVl</strong></span> <span class='ocrx_word' id='word_1_3' title='bbox 583 201 767 262; x_wconf 80' lang='lat' dir='ltr'><strong>AVRELll</strong></span> <span class='ocrx_word' id='word_1_4' title='bbox 790 200 1041 260; x_wconf 84' lang='lat' dir='ltr'><strong>AVGVSTlNl</strong></span> 
     </span>
    </p>
   </div>
   <div class='ocr_carea' id='block_1_2' title="bbox 236 353 1262 2104">
    <p class='ocr_par' dir='ltr' id='par_1_2' title="bbox 236 353 1262 2104">
     <span class='ocr_line' id='line_1_2' title="bbox 236 353 1256 432; baseline -0.002 -14"><span class='ocrx_word' id='word_1_5' title='bbox 236 380 291 418; x_wconf 87' lang='lat' dir='ltr'><strong>nec</strong></span> <span class='ocrx_word' id='word_1_6' title='bbox 309 358 426 416; x_wconf 75' lang='lat' dir='ltr'>aliunde</span> <span class='ocrx_word' id='word_1_7' title='bbox 444 375 530 432; x_wconf 86' lang='lat' dir='ltr'><strong>quam</strong></span> <span class='ocrx_word' id='word_1_8' title='bbox 549 354 593 412; x_wconf 93' lang='lat' dir='ltr'><strong>illi</strong></span> <span class='ocrx_word' id='word_1_9' title='bbox 611 353 792 412; x_wconf 87' lang='lat' dir='ltr'><strong>adhaerendo</strong></span> <span class='ocrx_word' id='word_1_10' title='bbox 804 356 965 411; x_wconf 87' lang='lat' dir='ltr'><strong>beatorum.</strong></span> <span class='ocrx_word' id='word_1_11' title='bbox 1008 353 1052 410; x_wconf 79' lang='lat' dir='ltr'><strong>Ad</strong></span> <span class='ocrx_word' id='word_1_12' title='bbox 1065 354 1141 430; x_wconf 94' lang='lat' dir='ltr'><strong>quod</strong></span> <span class='ocrx_word' id='word_1_13' title='bbox 1153 353 1256 416; x_wconf 83' lang='lat' dir='ltr'><strong>honum</strong></span> 
     </span>
     <span class='ocr_line' id='line_1_3' title="bbox 236 439 1256 520; baseline -0.004 -20"><span class='ocrx_word' id='word_1_14' title='bbox 236 440 452 520; x_wconf 90' lang='lat' dir='ltr'><strong>percipiendum</strong></span> <span class='ocrx_word' id='word_1_15' title='bbox 475 441 563 496; x_wconf 90' lang='lat' dir='ltr'><strong>etiam</strong></span> <span class='ocrx_word' id='word_1_16' title='bbox 580 439 663 496; x_wconf 89' lang='lat' dir='ltr'><strong>nobis</strong></span> <span class='ocrx_word' id='word_1_17' title='bbox 684 441 799 496; x_wconf 83' lang='lat' dir='ltr'><strong>sincera</strong></span> <span class='ocrx_word' id='word_1_18' title='bbox 821 439 1004 516; x_wconf 71' lang='lat' dir='ltr'><strong>benignitate</strong></span> <span class='ocrx_word' id='word_1_19' title='bbox 1028 447 1142 512; x_wconf 84' lang='lat' dir='ltr'><strong>oportet</strong></span> <span class='ocrx_word' id='word_1_20' title='bbox 1162 448 1196 495; x_wconf 93' lang='lat' dir='ltr'><strong>ut</strong></span> <span class='ocrx_word' id='word_1_21' title='bbox 1217 440 1256 497; x_wconf 84' lang='lat' dir='ltr'><strong>fa·</strong></span> 
     </span>
     <span class='ocr_line' id='line_1_4' title="bbox 236 520 1257 601; baseline -0.004 -17"><span class='ocrx_word' id='word_1_22' title='bbox 236 535 339 599; x_wconf 82' lang='lat' dir='ltr'><strong>scant,</strong></span> <span class='ocrx_word' id='word_1_23' title='bbox 366 543 461 600; x_wconf 92' lang='lat' dir='ltr'><strong>neque</strong></span> <span class='ocrx_word' id='word_1_24' title='bbox 483 523 538 580; x_wconf 90' lang='lat' dir='ltr'><strong>sihi</strong></span> <span class='ocrx_word' id='word_1_25' title='bbox 557 532 696 601; x_wconf 73' lang='lat' dir='ltr'><strong>arrogent</strong></span> <span class='ocrx_word' id='word_1_26' title='bbox 714 541 770 598; x_wconf 92' lang='lat' dir='ltr'><strong>quo</strong></span> <span class='ocrx_word' id='word_1_27' title='bbox 784 523 825 578; x_wconf 87' lang='lat' dir='ltr'><strong>eis</strong></span> <span class='ocrx_word' id='word_1_28' title='bbox 839 522 1042 592; x_wconf 84' lang='lat' dir='ltr'><strong>subiiciamur3</strong></span> <span class='ocrx_word' id='word_1_29' title='bbox 1066 520 1118 576; x_wconf 90' lang='lat' dir='ltr'><strong>sed</strong></span> <span class='ocrx_word' id='word_1_30' title='bbox 1132 541 1196 578; x_wconf 92' lang='lat' dir='ltr'><strong>eum</strong></span> <span class='ocrx_word' id='word_1_31' title='bbox 1209 543 1257 580; x_wconf 89' lang='lat' dir='ltr'><strong>an-</strong></span> 
     </span>
     <span class='ocr_line' id='line_1_5' title="bbox 236 603 1258 682; baseline -0.005 -15"><span class='ocrx_word' id='word_1_32' title='bbox 236 611 389 681; x_wconf 91' lang='lat' dir='ltr'><strong>nuntient,</strong></span> <span class='ocrx_word' id='word_1_33' title='bbox 417 607 470 664; x_wconf 89' lang='lat' dir='ltr'><strong>suh</strong></span> <span class='ocrx_word' id='word_1_34' title='bbox 484 625 540 682; x_wconf 92' lang='lat' dir='ltr'><strong>quc</strong></span> <span class='ocrx_word' id='word_1_35' title='bbox 554 609 596 662; x_wconf 87' lang='lat' dir='ltr'><strong>eis</strong></span> <span class='ocrx_word' id='word_1_36' title='bbox 608 608 640 662; x_wconf 90' lang='lat' dir='ltr'><strong>in</strong></span> <span class='ocrx_word' id='word_1_37' title='bbox 652 625 723 681; x_wconf 89' lang='lat' dir='ltr'><strong>paoe</strong></span> <span class='ocrx_word' id='word_1_38' title='bbox 735 607 887 663; x_wconf 78' lang='lat' dir='ltr'><strong>sociemur.</strong></span> <span class='ocrx_word' id='word_1_39' title='bbox 931 604 1007 671; x_wconf 80' lang='lat' dir='ltr'><strong>Quid</strong></span> <span class='ocrx_word' id='word_1_40' title='bbox 1020 603 1112 661; x_wconf 84' lang='lat' dir='ltr'><strong>adhue</strong></span> <span class='ocrx_word' id='word_1_41' title='bbox 1125 606 1258 680; x_wconf 84' lang='lat' dir='ltr'><strong>trepides,</strong></span> 
     </span>
     <span class='ocr_line' id='line_1_6' title="bbox 237 687 1258 767; baseline -0.003 -20"><span class='ocrx_word' id='word_1_42' title='bbox 237 713 254 747; x_wconf 83' lang='lat' dir='ltr'><strong>o</strong></span> <span class='ocrx_word' id='word_1_43' title='bbox 268 690 451 767; x_wconf 90' lang='lat' dir='ltr'><strong>philosopho,</strong></span> <span class='ocrx_word' id='word_1_44' title='bbox 478 689 616 748; x_wconf 83' lang='lat' dir='ltr'><strong>advorsus</strong></span> <span class='ocrx_word' id='word_1_45' title='bbox 637 697 794 764; x_wconf 87' lang='lat' dir='ltr'><strong>potestates</strong></span> <span class='ocrx_word' id='word_1_46' title='bbox 814 698 843 746; x_wconf 91' lang='lat' dir='ltr'><strong>ct</strong></span> <span class='ocrx_word' id='word_1_47' title='bbox 860 690 938 746; x_wconf 84' lang='lat' dir='ltr'><strong>veris</strong></span> <span class='ocrx_word' id='word_1_48' title='bbox 964 687 1125 745; x_wconf 87' lang='lat' dir='ltr'><strong>virtutibus</strong></span> <span class='ocrx_word' id='word_1_49' title='bbox 1147 698 1176 744; x_wconf 89' lang='lat' dir='ltr'><strong>et</strong></span> <span class='ocrx_word' id='word_1_50' title='bbox 1199 692 1258 746; x_wconf 85' lang='lat' dir='ltr'><strong>veri</strong></span> 
     </span>
     <span class='ocr_line' id='line_1_7' title="bbox 239 767 1257 834; baseline -0.007 0"><span class='ocrx_word' id='word_1_51' title='bbox 239 775 476 834; x_wconf 80' lang='lat' dir='ltr'><strong>lleimunerihus</strong></span> <span class='ocrx_word' id='word_1_52' title='bbox 490 773 604 829; x_wconf 87' lang='lat' dir='ltr'><strong>invidas</strong></span> <span class='ocrx_word' id='word_1_53' title='bbox 616 771 723 830; x_wconf 89' lang='lat' dir='ltr'><strong>hahere</strong></span> <span class='ocrx_word' id='word_1_54' title='bbox 735 774 857 830; x_wconf 83' lang='lat' dir='ltr'><strong>liberam</strong></span> <span class='ocrx_word' id='word_1_55' title='bbox 869 767 988 829; x_wconf 78' lang='lat' dir='ltr'><strong>vocent</strong></span> <span class='ocrx_word' id='word_1_56' title='bbox 1027 770 1086 828; x_wconf 90' lang='lat' dir='ltr'><strong>lam</strong></span> <span class='ocrx_word' id='word_1_57' title='bbox 1105 771 1257 828; x_wconf 72' lang='lat' dir='ltr'><strong>distinxisti</strong></span> 
     </span>
     <span class='ocr_line' id='line_1_8' title="bbox 237 855 1258 938; baseline -0.005 -21"><span class='ocrx_word' id='word_1_58' title='bbox 237 862 357 938; x_wconf 78' lang='lat' dir='ltr'><strong>angelos</strong></span> <span class='ocrx_word' id='word_1_59' title='bbox 377 859 428 933; x_wconf 91' lang='lat' dir='ltr'><strong>qui</strong></span> <span class='ocrx_word' id='word_1_60' title='bbox 445 856 541 913; x_wconf 88' lang='lat' dir='ltr'><strong>Petris</strong></span> <span class='ocrx_word' id='word_1_61' title='bbox 562 858 740 914; x_wconf 80' lang='lat' dir='ltr'><strong>annuntiant</strong></span> <span class='ocrx_word' id='word_1_62' title='bbox 759 858 956 927; x_wconf 83' lang='lat' dir='ltr'><strong>voluntatem,</strong></span> <span class='ocrx_word' id='word_1_63' title='bbox 979 855 1015 912; x_wconf 89' lang='lat' dir='ltr'><strong>ab</strong></span> <span class='ocrx_word' id='word_1_64' title='bbox 1032 856 1075 911; x_wconf 91' lang='lat' dir='ltr'><strong>eis</strong></span> <span class='ocrx_word' id='word_1_65' title='bbox 1088 857 1200 934; x_wconf 85' lang='lat' dir='ltr'><strong>angelis</strong></span> <span class='ocrx_word' id='word_1_66' title='bbox 1213 858 1258 930; x_wconf 92' lang='lat' dir='ltr'><strong>qui</strong></span> 
     </span>
     <span class='ocr_line' id='line_1_9' title="bbox 237 938 1258 1020; baseline -0.004 -20"><span class='ocrx_word' id='word_1_67' title='bbox 237 943 274 1000; x_wconf 90' lang='lat' dir='ltr'><strong>ad</strong></span> <span class='ocrx_word' id='word_1_68' title='bbox 295 941 434 1020; x_wconf 77' lang='lat' dir='ltr'><strong>theurgos</strong></span> <span class='ocrx_word' id='word_1_69' title='bbox 455 938 606 1012; x_wconf 88' lang='lat' dir='ltr'><strong>homines,</strong></span> <span class='ocrx_word' id='word_1_70' title='bbox 632 941 732 996; x_wconf 87' lang='lat' dir='ltr'><strong>nescio</strong></span> <span class='ocrx_word' id='word_1_71' title='bbox 759 957 815 1014; x_wconf 89' lang='lat' dir='ltr'><strong>qua</strong></span> <span class='ocrx_word' id='word_1_72' title='bbox 836 939 951 996; x_wconf 88' lang='lat' dir='ltr'><strong>deducti</strong></span> <span class='ocrx_word' id='word_1_73' title='bbox 970 948 1050 1007; x_wconf 87' lang='lat' dir='ltr'><strong>arte,</strong></span> <span class='ocrx_word' id='word_1_74' title='bbox 1077 938 1258 996; x_wconf 86' lang='lat' dir='ltr'><strong>descendunt.</strong></span> 
     </span>
     <span class='ocr_line' id='line_1_10' title="bbox 240 1019 1260 1098; baseline -0.004 -16"><span class='ocrx_word' id='word_1_75' title='bbox 240 1025 317 1094; x_wconf 78' lang='lat' dir='ltr'><strong>Quid</strong></span> <span class='ocrx_word' id='word_1_76' title='bbox 335 1025 428 1080; x_wconf 92' lang='lat' dir='ltr'><strong>adhuc</strong></span> <span class='ocrx_word' id='word_1_77' title='bbox 447 1042 494 1079; x_wconf 88' lang='lat' dir='ltr'><strong>eos</strong></span> <span class='ocrx_word' id='word_1_78' title='bbox 512 1022 655 1094; x_wconf 86' lang='lat' dir='ltr'><strong>honoras,</strong></span> <span class='ocrx_word' id='word_1_79' title='bbox 682 1033 715 1080; x_wconf 93' lang='lat' dir='ltr'><strong>ut</strong></span> <span class='ocrx_word' id='word_1_80' title='bbox 729 1022 806 1079; x_wconf 86' lang='lat' dir='ltr'><strong>dicas</strong></span> <span class='ocrx_word' id='word_1_81' title='bbox 824 1023 1013 1098; x_wconf 89' lang='lat' dir='ltr'><strong>pronuntiare</strong></span> <span class='ocrx_word' id='word_1_82' title='bbox 1026 1019 1142 1079; x_wconf 73' lang='lat' dir='ltr'><strong>divinat</strong></span> <span class='ocrx_word' id='word_1_83' title='bbox 1183 1025 1260 1090; x_wconf 78' lang='lat' dir='ltr'><strong>Quae</strong></span> 
     </span>
     <span class='ocr_line' id='line_1_11' title="bbox 240 1104 1259 1182; baseline -0.005 -15"><span class='ocrx_word' id='word_1_84' title='bbox 240 1108 357 1166; x_wconf 89' lang='lat' dir='ltr'><strong>tandem</strong></span> <span class='ocrx_word' id='word_1_85' title='bbox 368 1108 467 1164; x_wconf 88' lang='lat' dir='ltr'><strong>divina</strong></span> <span class='ocrx_word' id='word_1_86' title='bbox 476 1109 677 1182; x_wconf 89' lang='lat' dir='ltr'><strong>pronuntient,</strong></span> <span class='ocrx_word' id='word_1_87' title='bbox 692 1107 810 1182; x_wconf 90' lang='lat' dir='ltr'><strong>quinon</strong></span> <span class='ocrx_word' id='word_1_88' title='bbox 821 1104 1099 1164; x_wconf 85' lang='lat' dir='ltr'><strong>voluntatcml‘atris</strong></span> <span class='ocrx_word' id='word_1_89' title='bbox 1111 1104 1259 1162; x_wconf 75' lang='lat' dir='ltr'><strong>nuntianti</strong></span> 
     </span>
     <span class='ocr_line' id='line_1_12' title="bbox 240 1189 1259 1267; baseline -0.007 -16"><span class='ocrx_word' id='word_1_90' title='bbox 240 1193 351 1266; x_wconf 84' lang='lat' dir='ltr'><strong>Nempe</strong></span> <span class='ocrx_word' id='word_1_91' title='bbox 363 1193 406 1248; x_wconf 94' lang='lat' dir='ltr'><strong>illi</strong></span> <span class='ocrx_word' id='word_1_92' title='bbox 420 1200 499 1262; x_wconf 88' lang='lat' dir='ltr'><strong>sunt,</strong></span> <span class='ocrx_word' id='word_1_93' title='bbox 514 1209 585 1266; x_wconf 92' lang='lat' dir='ltr'><strong>quos</strong></span> <span class='ocrx_word' id='word_1_94' title='bbox 596 1193 685 1247; x_wconf 90' lang='lat' dir='ltr'><strong>sacris</strong></span> <span class='ocrx_word' id='word_1_95' title='bbox 698 1189 831 1265; x_wconf 89' lang='lat' dir='ltr'><strong>precibus</strong></span> <span class='ocrx_word' id='word_1_96' title='bbox 845 1189 960 1247; x_wconf 88' lang='lat' dir='ltr'><strong>invidus</strong></span> <span class='ocrx_word' id='word_1_97' title='bbox 976 1190 1118 1267; x_wconf 81' lang='lat' dir='ltr'><strong>alligavit,</strong></span> <span class='ocrx_word' id='word_1_98' title='bbox 1131 1207 1167 1245; x_wconf 89' lang='lat' dir='ltr'><strong>ne</strong></span> <span class='ocrx_word' id='word_1_99' title='bbox 1178 1209 1259 1263; x_wconf 86' lang='lat' dir='ltr'><strong>prae·</strong></span> 
     </span>
     <span class='ocr_line' id='line_1_13' title="bbox 239 1272 1260 1352; baseline -0.006 -18"><span class='ocrx_word' id='word_1_100' title='bbox 239 1285 352 1334; x_wconf 90' lang='lat' dir='ltr'><strong>starent</strong></span> <span class='ocrx_word' id='word_1_101' title='bbox 365 1277 479 1332; x_wconf 68' lang='lat' dir='ltr'><strong>annuae</strong></span> <span class='ocrx_word' id='word_1_102' title='bbox 492 1276 712 1352; x_wconf 83' lang='lat' dir='ltr'><strong>purgationem3</strong></span> <span class='ocrx_word' id='word_1_103' title='bbox 725 1293 780 1330; x_wconf 89' lang='lat' dir='ltr'><strong>nec</strong></span> <span class='ocrx_word' id='word_1_104' title='bbox 793 1292 811 1328; x_wconf 82' lang='lat' dir='ltr'><strong>a</strong></span> <span class='ocrx_word' id='word_1_105' title='bbox 822 1274 915 1344; x_wconf 82' lang='lat' dir='ltr'><strong>hono,</strong></span> <span class='ocrx_word' id='word_1_106' title='bbox 928 1282 961 1328; x_wconf 91' lang='lat' dir='ltr'><strong>ut</strong></span> <span class='ocrx_word' id='word_1_107' title='bbox 973 1272 1062 1342; x_wconf 89' lang='lat' dir='ltr'><strong>diois,</strong></span> <span class='ocrx_word' id='word_1_108' title='bbox 1077 1291 1197 1350; x_wconf 86' lang='lat' dir='ltr'><strong>purgare</strong></span> <span class='ocrx_word' id='word_1_109' title='bbox 1212 1292 1260 1328; x_wconf 92' lang='lat' dir='ltr'><strong>cu-</strong></span> 
     </span>
     <span class='ocr_line' id='line_1_14' title="bbox 239 1355 1261 1436; baseline -0.006 -20"><span class='ocrx_word' id='word_1_110' title='bbox 239 1363 338 1436; x_wconf 88' lang='lat' dir='ltr'><strong>piente</strong></span> <span class='ocrx_word' id='word_1_111' title='bbox 355 1361 391 1416; x_wconf 89' lang='lat' dir='ltr'><strong>ab</strong></span> <span class='ocrx_word' id='word_1_112' title='bbox 408 1361 466 1416; x_wconf 91' lang='lat' dir='ltr'><strong>illis</strong></span> <span class='ocrx_word' id='word_1_113' title='bbox 484 1360 611 1416; x_wconf 83' lang='lat' dir='ltr'><strong>vinculis</strong></span> <span class='ocrx_word' id='word_1_114' title='bbox 629 1360 704 1416; x_wconf 85' lang='lat' dir='ltr'><strong>solvi</strong></span> <span class='ocrx_word' id='word_1_115' title='bbox 723 1366 753 1413; x_wconf 90' lang='lat' dir='ltr'><strong>et</strong></span> <span class='ocrx_word' id='word_1_116' title='bbox 772 1375 841 1413; x_wconf 87' lang='lat' dir='ltr'><strong>suae</strong></span> <span class='ocrx_word' id='word_1_117' title='bbox 859 1357 995 1432; x_wconf 82' lang='lat' dir='ltr'><strong>potestati</strong></span> <span class='ocrx_word' id='word_1_118' title='bbox 1007 1355 1090 1412; x_wconf 87' lang='lat' dir='ltr'><strong>reddi</strong></span> <span class='ocrx_word' id='word_1_119' title='bbox 1102 1366 1261 1430; x_wconf 88' lang='lat' dir='ltr'><strong>potuerunt.</strong></span> 
     </span>
     <span class='ocr_line' id='line_1_15' title="bbox 239 1439 1261 1520; baseline -0.007 -20"><span class='ocrx_word' id='word_1_120' title='bbox 239 1443 338 1500; x_wconf 85' lang='lat' dir='ltr'><strong>Adhuc</strong></span> <span class='ocrx_word' id='word_1_121' title='bbox 357 1443 471 1500; x_wconf 88' lang='lat' dir='ltr'><strong>dubitas</strong></span> <span class='ocrx_word' id='word_1_122' title='bbox 489 1441 561 1498; x_wconf 87' lang='lat' dir='ltr'><strong>haec</strong></span> <span class='ocrx_word' id='word_1_123' title='bbox 579 1443 709 1520; x_wconf 86' lang='lat' dir='ltr'><strong>maligne</strong></span> <span class='ocrx_word' id='word_1_124' title='bbox 723 1460 787 1497; x_wconf 88' lang='lat' dir='ltr'><strong>esse</strong></span> <span class='ocrx_word' id='word_1_125' title='bbox 808 1441 975 1512; x_wconf 81' lang='lat' dir='ltr'><strong>daemonia3</strong></span> <span class='ocrx_word' id='word_1_126' title='bbox 999 1441 1089 1496; x_wconf 84' lang='lat' dir='ltr'><strong>velte</strong></span> <span class='ocrx_word' id='word_1_127' title='bbox 1103 1439 1190 1516; x_wconf 86' lang='lat' dir='ltr'><strong>fingis</strong></span> <span class='ocrx_word' id='word_1_128' title='bbox 1205 1439 1261 1494; x_wconf 86' lang='lat' dir='ltr'><strong>lor·</strong></span> 
     </span>
     <span class='ocr_line' id='line_1_16' title="bbox 240 1521 1259 1602; baseline -0.005 -19"><span class='ocrx_word' id='word_1_129' title='bbox 240 1537 318 1583; x_wconf 88' lang='lat' dir='ltr'><strong>tasse</strong></span> <span class='ocrx_word' id='word_1_130' title='bbox 331 1529 461 1599; x_wconf 84' lang='lat' dir='ltr'><strong>nescire,</strong></span> <span class='ocrx_word' id='word_1_131' title='bbox 484 1525 551 1581; x_wconf 92' lang='lat' dir='ltr'><strong>dum</strong></span> <span class='ocrx_word' id='word_1_132' title='bbox 564 1543 623 1584; x_wconf 89' lang='lat' dir='ltr'><strong>non</strong></span> <span class='ocrx_word' id='word_1_133' title='bbox 636 1527 680 1582; x_wconf 85' lang='lat' dir='ltr'><strong>vis</strong></span> <span class='ocrx_word' id='word_1_134' title='bbox 695 1524 832 1602; x_wconf 78' lang='lat' dir='ltr'><strong>theurgos</strong></span> <span class='ocrx_word' id='word_1_135' title='bbox 847 1521 1009 1595; x_wconf 85' lang='lat' dir='ltr'><strong>offendere,</strong></span> <span class='ocrx_word' id='word_1_136' title='bbox 1022 1541 1040 1578; x_wconf 91' lang='lat' dir='ltr'><strong>a</strong></span> <span class='ocrx_word' id='word_1_137' title='bbox 1053 1523 1154 1598; x_wconf 88' lang='lat' dir='ltr'><strong>quihus</strong></span> <span class='ocrx_word' id='word_1_138' title='bbox 1168 1525 1259 1578; x_wconf 92' lang='lat' dir='ltr'><strong>curio-</strong></span> 
     </span>
     <span class='ocr_line' id='line_1_17' title="bbox 240 1606 1261 1685; baseline -0.005 -20"><span class='ocrx_word' id='word_1_139' title='bbox 240 1612 326 1666; x_wconf 89' lang='lat' dir='ltr'><strong>sitatc</strong></span> <span class='ocrx_word' id='word_1_140' title='bbox 348 1610 501 1684; x_wconf 87' lang='lat' dir='ltr'><strong>deceptus,</strong></span> <span class='ocrx_word' id='word_1_141' title='bbox 525 1611 583 1666; x_wconf 87' lang='lat' dir='ltr'><strong>ista</strong></span> <span class='ocrx_word' id='word_1_142' title='bbox 600 1610 763 1684; x_wconf 87' lang='lat' dir='ltr'><strong>perniciosa</strong></span> <span class='ocrx_word' id='word_1_143' title='bbox 777 1618 806 1664; x_wconf 93' lang='lat' dir='ltr'><strong>et</strong></span> <span class='ocrx_word' id='word_1_144' title='bbox 823 1611 926 1664; x_wconf 83' lang='lat' dir='ltr'><strong>insana</strong></span> <span class='ocrx_word' id='word_1_145' title='bbox 938 1625 990 1682; x_wconf 87' lang='lat' dir='ltr'><strong>pru</strong></span> <span class='ocrx_word' id='word_1_146' title='bbox 1009 1625 1115 1685; x_wconf 84' lang='lat' dir='ltr'><strong>magno</strong></span> <span class='ocrx_word' id='word_1_147' title='bbox 1127 1606 1261 1662; x_wconf 82' lang='lat' dir='ltr'><strong>beneficio</strong></span> 
     </span>
     <span class='ocr_line' id='line_1_18' title="bbox 241 1688 1261 1766; baseline -0.004 -18"><span class='ocrx_word' id='word_1_148' title='bbox 241 1690 387 1750; x_wconf 81' lang='lat' dir='ltr'><strong>didicistii</strong></span> <span class='ocrx_word' id='word_1_149' title='bbox 429 1694 524 1750; x_wconf 83' lang='lat' dir='ltr'><strong>Audes</strong></span> <span class='ocrx_word' id='word_1_150' title='bbox 538 1693 626 1748; x_wconf 85' lang='lat' dir='ltr'><strong>istum</strong></span> <span class='ocrx_word' id='word_1_151' title='bbox 639 1691 788 1762; x_wconf 85' lang='lat' dir='ltr'><strong>invidiam,</strong></span> <span class='ocrx_word' id='word_1_152' title='bbox 803 1709 862 1748; x_wconf 89' lang='lat' dir='ltr'><strong>non</strong></span> <span class='ocrx_word' id='word_1_153' title='bbox 874 1692 1050 1766; x_wconf 81' lang='lat' dir='ltr'><strong>potentiam,</strong></span> <span class='ocrx_word' id='word_1_154' title='bbox 1064 1688 1115 1745; x_wconf 90' lang='lat' dir='ltr'><strong>sed</strong></span> <span class='ocrx_word' id='word_1_155' title='bbox 1127 1691 1261 1764; x_wconf 93' lang='lat' dir='ltr'><strong>pestilen-</strong></span> 
     </span>
     <span class='ocr_line' id='line_1_19' title="bbox 241 1774 1260 1850; baseline -0.003 -19"><span class='ocrx_word' id='word_1_156' title='bbox 241 1778 327 1848; x_wconf 88' lang='lat' dir='ltr'><strong>tiam,</strong></span> <span class='ocrx_word' id='word_1_157' title='bbox 353 1787 383 1834; x_wconf 90' lang='lat' dir='ltr'><strong>et</strong></span> <span class='ocrx_word' id='word_1_158' title='bbox 400 1795 460 1832; x_wconf 92' lang='lat' dir='ltr'><strong>non</strong></span> <span class='ocrx_word' id='word_1_159' title='bbox 473 1776 568 1834; x_wconf 87' lang='lat' dir='ltr'><strong>dicam</strong></span> <span class='ocrx_word' id='word_1_160' title='bbox 582 1776 742 1846; x_wconf 87' lang='lat' dir='ltr'><strong>dominam,</strong></span> <span class='ocrx_word' id='word_1_161' title='bbox 769 1774 820 1832; x_wconf 88' lang='lat' dir='ltr'><strong>sed</strong></span> <span class='ocrx_word' id='word_1_162' title='bbox 842 1774 918 1850; x_wconf 92' lang='lat' dir='ltr'><strong>quod</strong></span> <span class='ocrx_word' id='word_1_163' title='bbox 939 1784 971 1830; x_wconf 91' lang='lat' dir='ltr'><strong>tu</strong></span> <span class='ocrx_word' id='word_1_164' title='bbox 993 1774 1108 1844; x_wconf 83' lang='lat' dir='ltr'><strong>lateris,</strong></span> <span class='ocrx_word' id='word_1_165' title='bbox 1133 1775 1260 1829; x_wconf 76' lang='lat' dir='ltr'><strong>ancillam</strong></span> 
     </span>
     <span class='ocr_line' id='line_1_20' title="bbox 239 1859 1262 1934; baseline -0.003 -20"><span class='ocrx_word' id='word_1_166' title='bbox 239 1861 336 1934; x_wconf 92' lang='lat' dir='ltr'><strong>potius</strong></span> <span class='ocrx_word' id='word_1_167' title='bbox 351 1860 529 1931; x_wconf 82' lang='lat' dir='ltr'><strong>invidorum,</strong></span> <span class='ocrx_word' id='word_1_168' title='bbox 555 1861 611 1916; x_wconf 89' lang='lat' dir='ltr'><strong>isto</strong></span> <span class='ocrx_word' id='word_1_169' title='bbox 630 1865 697 1916; x_wconf 70' lang='lat' dir='ltr'><strong>aare</strong></span> <span class='ocrx_word' id='word_1_170' title='bbox 715 1868 902 1916; x_wconf 86' lang='lat' dir='ltr'><strong>transscenso</strong></span> <span class='ocrx_word' id='word_1_171' title='bbox 920 1859 1018 1915; x_wconf 88' lang='lat' dir='ltr'><strong>levare</strong></span> <span class='ocrx_word' id='word_1_172' title='bbox 1033 1859 1065 1913; x_wconf 91' lang='lat' dir='ltr'><strong>in</strong></span> <span class='ocrx_word' id='word_1_173' title='bbox 1084 1859 1213 1928; x_wconf 87' lang='lat' dir='ltr'><strong>coelum,</strong></span> <span class='ocrx_word' id='word_1_174' title='bbox 1238 1865 1262 1911; x_wconf 88' lang='lat' dir='ltr'><strong>et</strong></span> 
     </span>
     <span class='ocr_line' id='line_1_21' title="bbox 241 1940 1262 2017; baseline -0.004 -19"><span class='ocrx_word' id='word_1_175' title='bbox 241 1945 319 2000; x_wconf 90' lang='lat' dir='ltr'><strong>inter</strong></span> <span class='ocrx_word' id='word_1_176' title='bbox 331 1943 400 2000; x_wconf 88' lang='lat' dir='ltr'><strong>deos</strong></span> <span class='ocrx_word' id='word_1_177' title='bbox 414 1954 526 2000; x_wconf 86' lang='lat' dir='ltr'><strong>vestros</strong></span> <span class='ocrx_word' id='word_1_178' title='bbox 542 1945 630 1998; x_wconf 89' lang='lat' dir='ltr'><strong>etiam</strong></span> <span class='ocrx_word' id='word_1_179' title='bbox 642 1941 771 1999; x_wconf 90' lang='lat' dir='ltr'><strong>sidereos</strong></span> <span class='ocrx_word' id='word_1_180' title='bbox 786 1944 946 2013; x_wconf 88' lang='lat' dir='ltr'><strong>collocare,</strong></span> <span class='ocrx_word' id='word_1_181' title='bbox 964 1943 1013 1998; x_wconf 86' lang='lat' dir='ltr'><strong>vel</strong></span> <span class='ocrx_word' id='word_1_182' title='bbox 1026 1942 1088 2015; x_wconf 87' lang='lat' dir='ltr'><strong>ipsa</strong></span> <span class='ocrx_word' id='word_1_183' title='bbox 1101 1959 1214 2017; x_wconf 90' lang='lat' dir='ltr'><strong>quoque</strong></span> <span class='ocrx_word' id='word_1_184' title='bbox 1227 1940 1262 1994; x_wconf 90' lang='lat' dir='ltr'><strong>si-</strong></span> 
     </span>
     <span class='ocr_line' id='line_1_22' title="bbox 241 2019 722 2104; baseline -0.006 -22"><span class='ocrx_word' id='word_1_185' title='bbox 241 2027 310 2084; x_wconf 88' lang='lat' dir='ltr'><strong>dera</strong></span> <span class='ocrx_word' id='word_1_186' title='bbox 323 2026 369 2084; x_wconf 90' lang='lat' dir='ltr'><strong>his</strong></span> <span class='ocrx_word' id='word_1_187' title='bbox 382 2025 544 2104; x_wconf 88' lang='lat' dir='ltr'><strong>opprobriis</strong></span> <span class='ocrx_word' id='word_1_188' title='bbox 562 2019 722 2082; x_wconf 68' lang='lat' dir='ltr'><strong>infamaret</strong></span> 
     </span>
    </p>
   </div>
   <div class='ocr_carea' id='block_1_3' title="bbox 583 2169 924 2232">
    <p class='ocr_par' dir='ltr' id='par_1_3' title="bbox 583 2169 924 2232">
     <span class='ocr_line' id='line_1_23' title="bbox 583 2169 924 2232; baseline -0.006 0"><span class='ocrx_word' id='word_1_189' title='bbox 583 2173 703 2232; x_wconf 84' lang='lat' dir='ltr'><strong>CAP.</strong></span> <span class='ocrx_word' id='word_1_190' title='bbox 747 2169 924 2231; x_wconf 88' lang='lat' dir='ltr'><strong>XXVll.</strong></span> 
     </span>
    </p>
   </div>
   <div class='ocr_carea' id='block_1_4' title="bbox 275 2269 1234 2341">
    <p class='ocr_par' dir='ltr' id='par_1_4' title="bbox 275 2269 1234 2341">
     <span class='ocr_line' id='line_1_24' title="bbox 275 2269 1234 2341; baseline -0.002 -17"><span class='ocrx_word' id='word_1_191' title='bbox 275 2273 319 2325; x_wconf 86' lang='lat' dir='ltr'><strong>De</strong></span> <span class='ocrx_word' id='word_1_192' title='bbox 329 2273 469 2340; x_wconf 78' lang='lat' dir='ltr'><strong>impietate</strong></span> <span class='ocrx_word' id='word_1_193' title='bbox 481 2269 638 2339; x_wconf 74' lang='lat' dir='ltr'><strong>Porphyrii,</strong></span> <span class='ocrx_word' id='word_1_194' title='bbox 649 2287 702 2341; x_wconf 85' lang='lat' dir='ltr'><strong>quo</strong></span> <span class='ocrx_word' id='word_1_195' title='bbox 713 2270 795 2322; x_wconf 87' lang='lat' dir='ltr'><strong>etiam</strong></span> <span class='ocrx_word' id='word_1_196' title='bbox 805 2271 912 2340; x_wconf 80' lang='lat' dir='ltr'><strong>Apuleic&#39;</strong></span> <span class='ocrx_word' id='word_1_197' title='bbox 922 2271 1101 2324; x_wconf 84' lang='lat' dir='ltr'><strong>transscendit</strong></span> <span class='ocrx_word' id='word_1_198' title='bbox 1112 2285 1234 2322; x_wconf 84' lang='lat' dir='ltr'><strong>errorem.</strong></span> 
     </span>
    </p>
   </div>
   <div class='ocr_carea' id='block_1_5' title="bbox 241 2359 1276 3944">
    <p class='ocr_par' dir='ltr' id='par_1_5' title="bbox 241 2359 1276 3944">
     <span class='ocr_line' id='line_1_25' title="bbox 303 2359 1264 2430; baseline -0.002 -12"><span class='ocrx_word' id='word_1_199' title='bbox 303 2365 420 2430; x_wconf 69' lang='lat' dir='ltr'><strong>Quanto</strong></span> <span class='ocrx_word' id='word_1_200' title='bbox 433 2361 587 2416; x_wconf 85' lang='lat' dir='ltr'><strong>humanius</strong></span> <span class='ocrx_word' id='word_1_201' title='bbox 602 2370 633 2416; x_wconf 92' lang='lat' dir='ltr'><strong>et</strong></span> <span class='ocrx_word' id='word_1_202' title='bbox 645 2361 824 2417; x_wconf 89' lang='lat' dir='ltr'><strong>tolerabilius</strong></span> <span class='ocrx_word' id='word_1_203' title='bbox 838 2361 1046 2418; x_wconf 85' lang='lat' dir='ltr'><strong>consectaneus</strong></span> <span class='ocrx_word' id='word_1_204' title='bbox 1060 2369 1126 2416; x_wconf 91' lang='lat' dir='ltr'><strong>tuus</strong></span> <span class='ocrx_word' id='word_1_205' title='bbox 1139 2359 1264 2416; x_wconf 85' lang='lat' dir='ltr'><strong>Platoni-</strong></span> 
     </span>
     <span class='ocr_line' id='line_1_26' title="bbox 242 2441 1265 2522; baseline -0.003 -20"><span class='ocrx_word' id='word_1_206' title='bbox 242 2466 292 2503; x_wconf 86' lang='lat' dir='ltr'><strong>cus</strong></span> <span class='ocrx_word' id='word_1_207' title='bbox 305 2447 443 2522; x_wconf 83' lang='lat' dir='ltr'><strong>Apuleius</strong></span> <span class='ocrx_word' id='word_1_208' title='bbox 457 2446 579 2514; x_wconf 83' lang='lat' dir='ltr'><strong>erravit,</strong></span> <span class='ocrx_word' id='word_1_209' title='bbox 594 2441 644 2519; x_wconf 90' lang='lat' dir='ltr'><strong>qui</strong></span> <span class='ocrx_word' id='word_1_210' title='bbox 656 2443 853 2502; x_wconf 87' lang='lat' dir='ltr'><strong>tantummodo</strong></span> <span class='ocrx_word' id='word_1_211' title='bbox 867 2445 1022 2502; x_wconf 83' lang='lat' dir='ltr'><strong>daemones</strong></span> <span class='ocrx_word' id='word_1_212' title='bbox 1035 2462 1053 2499; x_wconf 86' lang='lat' dir='ltr'><strong>a</strong></span> <span class='ocrx_word' id='word_1_213' title='bbox 1064 2444 1137 2500; x_wconf 92' lang='lat' dir='ltr'><strong>luna</strong></span> <span class='ocrx_word' id='word_1_214' title='bbox 1150 2453 1181 2500; x_wconf 89' lang='lat' dir='ltr'><strong>et</strong></span> <span class='ocrx_word' id='word_1_215' title='bbox 1193 2444 1265 2500; x_wconf 82' lang='lat' dir='ltr'><strong>infra</strong></span> 
     </span>
     <span class='ocr_line' id='line_1_27' title="bbox 241 2526 1264 2608; baseline -0.002 -22"><span class='ocrx_word' id='word_1_216' title='bbox 241 2530 389 2588; x_wconf 87' lang='lat' dir='ltr'><strong>ordinatos</strong></span> <span class='ocrx_word' id='word_1_217' title='bbox 402 2529 510 2608; x_wconf 85' lang='lat' dir='ltr'><strong>agitari</strong></span> <span class='ocrx_word' id='word_1_218' title='bbox 522 2529 631 2584; x_wconf 91' lang='lat' dir='ltr'><strong>morbis</strong></span> <span class='ocrx_word' id='word_1_219' title='bbox 644 2529 814 2602; x_wconf 79' lang='lat' dir='ltr'><strong>passionum</strong></span> <span class='ocrx_word' id='word_1_220' title='bbox 826 2531 991 2604; x_wconf 89' lang='lat' dir='ltr'><strong>mentisque</strong></span> <span class='ocrx_word' id='word_1_221' title='bbox 1003 2528 1152 2600; x_wconf 89' lang='lat' dir='ltr'><strong>turbellis,</strong></span> <span class='ocrx_word' id='word_1_222' title='bbox 1177 2526 1264 2584; x_wconf 92' lang='lat' dir='ltr'><strong>hono-</strong></span> 
     </span>
     <span class='ocr_line' id='line_1_28' title="bbox 241 2611 1266 2692; baseline -0.003 -22"><span class='ocrx_word' id='word_1_223' title='bbox 241 2634 310 2672; x_wconf 89' lang='lat' dir='ltr'><strong>rans</strong></span> <span class='ocrx_word' id='word_1_224' title='bbox 324 2613 440 2692; x_wconf 91' lang='lat' dir='ltr'><strong>quidem</strong></span> <span class='ocrx_word' id='word_1_225' title='bbox 452 2632 516 2683; x_wconf 89' lang='lat' dir='ltr'><strong>eos,</strong></span> <span class='ocrx_word' id='word_1_226' title='bbox 542 2613 593 2668; x_wconf 91' lang='lat' dir='ltr'><strong>sed</strong></span> <span class='ocrx_word' id='word_1_227' title='bbox 606 2615 707 2669; x_wconf 85' lang='lat' dir='ltr'><strong>volens</strong></span> <span class='ocrx_word' id='word_1_228' title='bbox 721 2614 881 2688; x_wconf 88' lang='lat' dir='ltr'><strong>nolensque</strong></span> <span class='ocrx_word' id='word_1_229' title='bbox 894 2612 1044 2669; x_wconf 86' lang='lat' dir='ltr'><strong>confessus</strong></span> <span class='ocrx_word' id='word_1_230' title='bbox 1058 2620 1116 2686; x_wconf 89' lang='lat' dir='ltr'><strong>est;</strong></span> <span class='ocrx_word' id='word_1_231' title='bbox 1142 2611 1212 2668; x_wconf 87' lang='lat' dir='ltr'><strong>deos</strong></span> <span class='ocrx_word' id='word_1_232' title='bbox 1225 2622 1266 2667; x_wconf 82' lang='lat' dir='ltr'><strong>ta-</strong></span> 
     </span>
     <span class='ocr_line' id='line_1_29' title="bbox 242 2694 1267 2772; baseline -0.006 -16"><span class='ocrx_word' id='word_1_233' title='bbox 242 2717 308 2756; x_wconf 90' lang='lat' dir='ltr'><strong>men</strong></span> <span class='ocrx_word' id='word_1_234' title='bbox 322 2700 396 2756; x_wconf 90' lang='lat' dir='ltr'><strong>coeli</strong></span> <span class='ocrx_word' id='word_1_235' title='bbox 410 2698 574 2772; x_wconf 86' lang='lat' dir='ltr'><strong>superiores</strong></span> <span class='ocrx_word' id='word_1_236' title='bbox 593 2695 629 2752; x_wconf 91' lang='lat' dir='ltr'><strong>ad</strong></span> <span class='ocrx_word' id='word_1_237' title='bbox 642 2694 773 2753; x_wconf 87' lang='lat' dir='ltr'><strong>aetheria</strong></span> <span class='ocrx_word' id='word_1_238' title='bbox 791 2698 885 2770; x_wconf 87' lang='lat' dir='ltr'><strong>spatia</strong></span> <span class='ocrx_word' id='word_1_239' title='bbox 897 2697 1094 2771; x_wconf 85' lang='lat' dir='ltr'><strong>pertinentes,</strong></span> <span class='ocrx_word' id='word_1_240' title='bbox 1121 2697 1267 2752; x_wconf 70' lang='lat' dir='ltr'><strong>siverisi-</strong></span> 
     </span>
     <span class='ocr_line' id='line_1_30' title="bbox 242 2765 1267 2857; baseline -0.004 -18"><span class='ocrx_word' id='word_1_241' title='bbox 242 2784 330 2851; x_wconf 90' lang='lat' dir='ltr'><strong>biles,</strong></span> <span class='ocrx_word' id='word_1_242' title='bbox 345 2799 417 2857; x_wconf 88' lang='lat' dir='ltr'><strong>quos</strong></span> <span class='ocrx_word' id='word_1_243' title='bbox 432 2765 602 2854; x_wconf 79' lang='lat' dir='ltr'><strong>conspicuos</strong></span> <span class='ocrx_word' id='word_1_244' title='bbox 616 2781 714 2834; x_wconf 88' lang='lat' dir='ltr'><strong>lucere</strong></span> <span class='ocrx_word' id='word_1_245' title='bbox 728 2779 883 2852; x_wconf 79' lang='lat' dir='ltr'><strong>cernebat,</strong></span> <span class='ocrx_word' id='word_1_246' title='bbox 901 2781 991 2836; x_wconf 89' lang='lat' dir='ltr'><strong>solem</strong></span> <span class='ocrx_word' id='word_1_247' title='bbox 1003 2798 1037 2836; x_wconf 87' lang='lat' dir='ltr'><strong>ac</strong></span> <span class='ocrx_word' id='word_1_248' title='bbox 1050 2781 1149 2836; x_wconf 88' lang='lat' dir='ltr'><strong>lunam</strong></span> <span class='ocrx_word' id='word_1_249' title='bbox 1163 2788 1193 2835; x_wconf 90' lang='lat' dir='ltr'><strong>et</strong></span> <span class='ocrx_word' id='word_1_250' title='bbox 1206 2798 1267 2835; x_wconf 89' lang='lat' dir='ltr'><strong>cae-</strong></span> 
     </span>
     <span class='ocr_line' id='line_1_31' title="bbox 243 2863 1269 2938; baseline -0.005 -16"><span class='ocrx_word' id='word_1_251' title='bbox 243 2877 306 2922; x_wconf 81' lang='lat' dir='ltr'><strong>tera</strong></span> <span class='ocrx_word' id='word_1_252' title='bbox 316 2865 424 2920; x_wconf 90' lang='lat' dir='ltr'><strong>ibidem</strong></span> <span class='ocrx_word' id='word_1_253' title='bbox 437 2863 564 2932; x_wconf 88' lang='lat' dir='ltr'><strong>lumine,</strong></span> <span class='ocrx_word' id='word_1_254' title='bbox 579 2863 641 2918; x_wconf 89' lang='lat' dir='ltr'><strong>sive</strong></span> <span class='ocrx_word' id='word_1_255' title='bbox 654 2863 818 2920; x_wconf 85' lang='lat' dir='ltr'><strong>invisibiles</strong></span> <span class='ocrx_word' id='word_1_256' title='bbox 831 2881 905 2938; x_wconf 88' lang='lat' dir='ltr'><strong>quos</strong></span> <span class='ocrx_word' id='word_1_257' title='bbox 917 2864 1053 2938; x_wconf 87' lang='lat' dir='ltr'><strong>putabat,</strong></span> <span class='ocrx_word' id='word_1_258' title='bbox 1066 2863 1101 2919; x_wconf 88' lang='lat' dir='ltr'><strong>ab</strong></span> <span class='ocrx_word' id='word_1_259' title='bbox 1115 2865 1197 2922; x_wconf 86' lang='lat' dir='ltr'><strong>omni</strong></span> <span class='ocrx_word' id='word_1_260' title='bbox 1207 2863 1269 2918; x_wconf 84' lang='lat' dir='ltr'><strong>labe</strong></span> 
     </span>
     <span class='ocr_line' id='line_1_32' title="bbox 242 2942 1268 3023; baseline -0.002 -19"><span class='ocrx_word' id='word_1_261' title='bbox 242 2951 365 3004; x_wconf 88' lang='lat' dir='ltr'><strong>istarum</strong></span> <span class='ocrx_word' id='word_1_262' title='bbox 375 2945 624 3020; x_wconf 87' lang='lat' dir='ltr'><strong>perturbationum</strong></span> <span class='ocrx_word' id='word_1_263' title='bbox 635 2942 772 3023; x_wconf 90' lang='lat' dir='ltr'><strong>[alienos]</strong></span> <span class='ocrx_word' id='word_1_264' title='bbox 785 2957 894 3023; x_wconf 86' lang='lat' dir='ltr'><strong>quante</strong></span> <span class='ocrx_word' id='word_1_265' title='bbox 902 2949 998 3023; x_wconf 90' lang='lat' dir='ltr'><strong>potuit</strong></span> <span class='ocrx_word' id='word_1_266' title='bbox 1007 2947 1202 3022; x_wconf 89' lang='lat' dir='ltr'><strong>disputatione</strong></span> <span class='ocrx_word' id='word_1_267' title='bbox 1211 2947 1268 3002; x_wconf 88' lang='lat' dir='ltr'><strong>dis·</strong></span> 
     </span>
     <span class='ocr_line' id='line_1_33' title="bbox 243 3027 1269 3102; baseline -0.001 -15"><span class='ocrx_word' id='word_1_268' title='bbox 243 3027 354 3088; x_wconf 82' lang='lat' dir='ltr'><strong>crevitl</strong></span> <span class='ocrx_word' id='word_1_269' title='bbox 369 3029 415 3086; x_wconf 92' lang='lat' dir='ltr'><strong>Tu</strong></span> <span class='ocrx_word' id='word_1_270' title='bbox 426 3038 522 3084; x_wconf 88' lang='lat' dir='ltr'><strong>autem</strong></span> <span class='ocrx_word' id='word_1_271' title='bbox 531 3027 659 3084; x_wconf 86' lang='lat' dir='ltr'><strong>didicisti</strong></span> <span class='ocrx_word' id='word_1_272' title='bbox 669 3028 724 3086; x_wconf 92' lang='lat' dir='ltr'><strong>hoc</strong></span> <span class='ocrx_word' id='word_1_273' title='bbox 734 3049 795 3087; x_wconf 93' lang='lat' dir='ltr'><strong>non</strong></span> <span class='ocrx_word' id='word_1_274' title='bbox 804 3030 958 3102; x_wconf 74' lang='lat' dir='ltr'><strong>afflatore,</strong></span> <span class='ocrx_word' id='word_1_275' title='bbox 970 3029 1204 3088; x_wconf 85' lang='lat' dir='ltr'><strong>sedaChaldaeis</strong></span> <span class='ocrx_word' id='word_1_276' title='bbox 1209 3049 1269 3086; x_wconf 82' lang='lat' dir='ltr'><strong>ms-</strong></span> 
     </span>
     <span class='ocr_line' id='line_1_34' title="bbox 243 3111 1270 3193; baseline 0 -23"><span class='ocrx_word' id='word_1_277' title='bbox 243 3115 356 3193; x_wconf 89' lang='lat' dir='ltr'><strong>gistris‚</strong></span> <span class='ocrx_word' id='word_1_278' title='bbox 370 3115 441 3169; x_wconf 93' lang='lat' dir='ltr'><strong>utin</strong></span> <span class='ocrx_word' id='word_1_279' title='bbox 452 3111 647 3168; x_wconf 85' lang='lat' dir='ltr'><strong>aetheriasvel</strong></span> <span class='ocrx_word' id='word_1_280' title='bbox 658 3133 807 3191; x_wconf 82' lang='lat' dir='ltr'><strong>empyreas</strong></span> <span class='ocrx_word' id='word_1_281' title='bbox 819 3114 920 3171; x_wconf 91' lang='lat' dir='ltr'><strong>mundi</strong></span> <span class='ocrx_word' id='word_1_282' title='bbox 931 3115 1121 3171; x_wconf 87' lang='lat' dir='ltr'><strong>sublimitates</strong></span> <span class='ocrx_word' id='word_1_283' title='bbox 1133 3124 1164 3170; x_wconf 91' lang='lat' dir='ltr'><strong>et</strong></span> <span class='ocrx_word' id='word_1_284' title='bbox 1172 3113 1270 3170; x_wconf 84' lang='lat' dir='ltr'><strong>firma-</strong></span> 
     </span>
     <span class='ocr_line' id='line_1_35' title="bbox 243 3196 1271 3272; baseline -0.002 -18"><span class='ocrx_word' id='word_1_285' title='bbox 243 3206 341 3254; x_wconf 86' lang='lat' dir='ltr'><strong>menta</strong></span> <span class='ocrx_word' id='word_1_286' title='bbox 355 3197 491 3253; x_wconf 82' lang='lat' dir='ltr'><strong>coelestia</strong></span> <span class='ocrx_word' id='word_1_287' title='bbox 508 3197 665 3254; x_wconf 85' lang='lat' dir='ltr'><strong>extolleres</strong></span> <span class='ocrx_word' id='word_1_288' title='bbox 683 3200 756 3254; x_wconf 86' lang='lat' dir='ltr'><strong>vitio</strong></span> <span class='ocrx_word' id='word_1_289' title='bbox 773 3196 915 3270; x_wconf 84' lang='lat' dir='ltr'><strong>humana,</strong></span> <span class='ocrx_word' id='word_1_290' title='bbox 941 3206 976 3254; x_wconf 88' lang='lat' dir='ltr'><strong>ut</strong></span> <span class='ocrx_word' id='word_1_291' title='bbox 991 3208 1112 3272; x_wconf 86' lang='lat' dir='ltr'><strong>possent</strong></span> <span class='ocrx_word' id='word_1_292' title='bbox 1124 3197 1167 3253; x_wconf 89' lang='lat' dir='ltr'><strong>dii</strong></span> <span class='ocrx_word' id='word_1_293' title='bbox 1179 3199 1271 3255; x_wconf 86' lang='lat' dir='ltr'><strong>vestri</strong></span> 
     </span>
     <span class='ocr_line' id='line_1_36' title="bbox 243 3280 1270 3359; baseline -0.002 -21"><span class='ocrx_word' id='word_1_294' title='bbox 243 3280 373 3359; x_wconf 86' lang='lat' dir='ltr'><strong>theurgis</strong></span> <span class='ocrx_word' id='word_1_295' title='bbox 384 3282 574 3354; x_wconf 89' lang='lat' dir='ltr'><strong>pronuntiare</strong></span> <span class='ocrx_word' id='word_1_296' title='bbox 582 3280 695 3339; x_wconf 91' lang='lat' dir='ltr'><strong>divina:</strong></span> <span class='ocrx_word' id='word_1_297' title='bbox 709 3282 811 3357; x_wconf 91' lang='lat' dir='ltr'><strong>quibus</strong></span> <span class='ocrx_word' id='word_1_298' title='bbox 823 3281 930 3339; x_wconf 88' lang='lat' dir='ltr'><strong>divinis</strong></span> <span class='ocrx_word' id='word_1_299' title='bbox 941 3291 971 3338; x_wconf 89' lang='lat' dir='ltr'><strong>te</strong></span> <span class='ocrx_word' id='word_1_300' title='bbox 984 3291 1080 3338; x_wconf 86' lang='lat' dir='ltr'><strong>tamen</strong></span> <span class='ocrx_word' id='word_1_301' title='bbox 1091 3301 1145 3356; x_wconf 91' lang='lat' dir='ltr'><strong>per</strong></span> <span class='ocrx_word' id='word_1_302' title='bbox 1154 3283 1270 3337; x_wconf 88' lang='lat' dir='ltr'><strong>intelle-</strong></span> 
     </span>
     <span class='ocr_line' id='line_1_37' title="bbox 243 3363 1271 3440; baseline -0.004 -18"><span class='ocrx_word' id='word_1_303' title='bbox 243 3366 464 3422; x_wconf 84' lang='lat' dir='ltr'><strong>ctualemvitam</strong></span> <span class='ocrx_word' id='word_1_304' title='bbox 471 3364 543 3421; x_wconf 81' lang='lat' dir='ltr'><strong>facis</strong></span> <span class='ocrx_word' id='word_1_305' title='bbox 550 3365 694 3437; x_wconf 86' lang='lat' dir='ltr'><strong>altiorem,</strong></span> <span class='ocrx_word' id='word_1_306' title='bbox 706 3375 741 3422; x_wconf 91' lang='lat' dir='ltr'><strong>ut</strong></span> <span class='ocrx_word' id='word_1_307' title='bbox 746 3366 799 3422; x_wconf 89' lang='lat' dir='ltr'><strong>tihi</strong></span> <span class='ocrx_word' id='word_1_308' title='bbox 811 3365 945 3422; x_wconf 85' lang='lat' dir='ltr'><strong>videlieet</strong></span> <span class='ocrx_word' id='word_1_309' title='bbox 954 3375 1091 3440; x_wconf 86' lang='lat' dir='ltr'><strong>tanquam</strong></span> <span class='ocrx_word' id='word_1_310' title='bbox 1099 3363 1271 3440; x_wconf 89' lang='lat' dir='ltr'><strong>philosopho</strong></span> 
     </span>
     <span class='ocr_line' id='line_1_38' title="bbox 243 3448 1271 3528; baseline -0.003 -23"><span class='ocrx_word' id='word_1_311' title='bbox 243 3448 412 3528; x_wconf 80' lang='lat' dir='ltr'><strong>theurgicae</strong></span> <span class='ocrx_word' id='word_1_312' title='bbox 425 3451 497 3505; x_wconf 88' lang='lat' dir='ltr'><strong>artis</strong></span> <span class='ocrx_word' id='word_1_313' title='bbox 509 3451 701 3526; x_wconf 88' lang='lat' dir='ltr'><strong>purgationes</strong></span> <span class='ocrx_word' id='word_1_314' title='bbox 713 3465 895 3524; x_wconf 85' lang='lat' dir='ltr'><strong>nequaquam</strong></span> <span class='ocrx_word' id='word_1_315' title='bbox 906 3450 1089 3506; x_wconf 88' lang='lat' dir='ltr'><strong>necessariae</strong></span> <span class='ocrx_word' id='word_1_316' title='bbox 1100 3449 1271 3511; x_wconf 68' lang='lat' dir='ltr'><strong>videantur:</strong></span> 
     </span>
     <span class='ocr_line' id='line_1_39' title="bbox 242 3530 1272 3608; baseline -0.006 -18"><span class='ocrx_word' id='word_1_317' title='bbox 242 3534 294 3590; x_wconf 90' lang='lat' dir='ltr'><strong>sed</strong></span> <span class='ocrx_word' id='word_1_318' title='bbox 305 3536 371 3590; x_wconf 87' lang='lat' dir='ltr'><strong>aliis</strong></span> <span class='ocrx_word' id='word_1_319' title='bbox 385 3551 434 3588; x_wconf 87' lang='lat' dir='ltr'><strong>cas</strong></span> <span class='ocrx_word' id='word_1_320' title='bbox 448 3542 545 3589; x_wconf 87' lang='lat' dir='ltr'><strong>tamen</strong></span> <span class='ocrx_word' id='word_1_321' title='bbox 558 3534 715 3608; x_wconf 83' lang='lat' dir='ltr'><strong>importas,</strong></span> <span class='ocrx_word' id='word_1_322' title='bbox 741 3541 774 3589; x_wconf 92' lang='lat' dir='ltr'><strong>ut</strong></span> <span class='ocrx_word' id='word_1_323' title='bbox 791 3530 866 3590; x_wconf 74' lang='lat' dir='ltr'><strong>lieno</strong></span> <span class='ocrx_word' id='word_1_324' title='bbox 883 3535 973 3590; x_wconf 88' lang='lat' dir='ltr'><strong>veluti</strong></span> <span class='ocrx_word' id='word_1_325' title='bbox 989 3532 1155 3589; x_wconf 85' lang='lat' dir='ltr'><strong>mercedem</strong></span> <span class='ocrx_word' id='word_1_326' title='bbox 1167 3532 1272 3589; x_wconf 85' lang='lat' dir='ltr'><strong>reddas</strong></span> 
     </span>
     <span class='ocr_line' id='line_1_40' title="bbox 243 3614 1273 3696; baseline -0.005 -24"><span class='ocrx_word' id='word_1_327' title='bbox 243 3619 391 3696; x_wconf 87' lang='lat' dir='ltr'><strong>magistris</strong></span> <span class='ocrx_word' id='word_1_328' title='bbox 404 3617 480 3688; x_wconf 88' lang='lat' dir='ltr'><strong>tuis,</strong></span> <span class='ocrx_word' id='word_1_329' title='bbox 506 3614 583 3691; x_wconf 91' lang='lat' dir='ltr'><strong>quod</strong></span> <span class='ocrx_word' id='word_1_330' title='bbox 596 3633 646 3671; x_wconf 89' lang='lat' dir='ltr'><strong>eos</strong></span> <span class='ocrx_word' id='word_1_331' title='bbox 659 3617 709 3690; x_wconf 90' lang='lat' dir='ltr'><strong>qui</strong></span> <span class='ocrx_word' id='word_1_332' title='bbox 720 3614 917 3690; x_wconf 85' lang='lat' dir='ltr'><strong>philosophari</strong></span> <span class='ocrx_word' id='word_1_333' title='bbox 930 3635 989 3674; x_wconf 90' lang='lat' dir='ltr'><strong>non</strong></span> <span class='ocrx_word' id='word_1_334' title='bbox 1001 3624 1141 3692; x_wconf 89' lang='lat' dir='ltr'><strong>possunt,</strong></span> <span class='ocrx_word' id='word_1_335' title='bbox 1165 3615 1205 3672; x_wconf 87' lang='lat' dir='ltr'><strong>ad</strong></span> <span class='ocrx_word' id='word_1_336' title='bbox 1217 3616 1273 3670; x_wconf 86' lang='lat' dir='ltr'><strong>ista</strong></span> 
     </span>
     <span class='ocr_line' id='line_1_41' title="bbox 244 3698 1274 3776; baseline -0.003 -20"><span class='ocrx_word' id='word_1_337' title='bbox 244 3698 368 3772; x_wconf 82' lang='lat' dir='ltr'><strong>seducis,</strong></span> <span class='ocrx_word' id='word_1_338' title='bbox 382 3717 457 3774; x_wconf 90' lang='lat' dir='ltr'><strong>quae</strong></span> <span class='ocrx_word' id='word_1_339' title='bbox 470 3699 523 3755; x_wconf 89' lang='lat' dir='ltr'><strong>tibi</strong></span> <span class='ocrx_word' id='word_1_340' title='bbox 535 3709 675 3774; x_wconf 87' lang='lat' dir='ltr'><strong>tunquam</strong></span> <span class='ocrx_word' id='word_1_341' title='bbox 688 3700 867 3775; x_wconf 89' lang='lat' dir='ltr'><strong>superiorum</strong></span> <span class='ocrx_word' id='word_1_342' title='bbox 880 3701 978 3776; x_wconf 86' lang='lat' dir='ltr'><strong>oapuci</strong></span> <span class='ocrx_word' id='word_1_343' title='bbox 992 3719 1056 3758; x_wconf 87' lang='lat' dir='ltr'><strong>esse</strong></span> <span class='ocrx_word' id='word_1_344' title='bbox 1069 3701 1193 3756; x_wconf 79' lang='lat' dir='ltr'><strong>inutilia</strong></span> <span class='ocrx_word' id='word_1_345' title='bbox 1206 3717 1274 3756; x_wconf 80' lang='lat' dir='ltr'><strong>corr-</strong></span> 
     </span>
     <span class='ocr_line' id='line_1_42' title="bbox 244 3781 1276 3860; baseline -0.002 -22"><span class='ocrx_word' id='word_1_346' title='bbox 244 3782 351 3854; x_wconf 84' lang='lat' dir='ltr'><strong>fitcris3</strong></span> <span class='ocrx_word' id='word_1_347' title='bbox 377 3791 411 3838; x_wconf 93' lang='lat' dir='ltr'><strong>ut</strong></span> <span class='ocrx_word' id='word_1_348' title='bbox 432 3781 569 3838; x_wconf 87' lang='lat' dir='ltr'><strong>videlicet</strong></span> <span class='ocrx_word' id='word_1_349' title='bbox 592 3782 759 3859; x_wconf 89' lang='lat' dir='ltr'><strong>quicunque</strong></span> <span class='ocrx_word' id='word_1_350' title='bbox 777 3803 795 3840; x_wconf 87' lang='lat' dir='ltr'><strong>a</strong></span> <span class='ocrx_word' id='word_1_351' title='bbox 813 3781 1011 3860; x_wconf 85' lang='lat' dir='ltr'><strong>philosophiae</strong></span> <span class='ocrx_word' id='word_1_352' title='bbox 1034 3785 1145 3842; x_wconf 81' lang='lat' dir='ltr'><strong>virtute</strong></span> <span class='ocrx_word' id='word_1_353' title='bbox 1169 3781 1276 3839; x_wconf 87' lang='lat' dir='ltr'><strong>remoti</strong></span> 
     </span>
     <span class='ocr_line' id='line_1_43' title="bbox 245 3863 1272 3944; baseline 0 -24"><span class='ocrx_word' id='word_1_354' title='bbox 245 3874 327 3936; x_wconf 85' lang='lat' dir='ltr'><strong>sunt,</strong></span> <span class='ocrx_word' id='word_1_355' title='bbox 354 3883 428 3941; x_wconf 86' lang='lat' dir='ltr'><strong>quac</strong></span> <span class='ocrx_word' id='word_1_356' title='bbox 441 3863 532 3920; x_wconf 86' lang='lat' dir='ltr'><strong>ardua</strong></span> <span class='ocrx_word' id='word_1_357' title='bbox 545 3866 632 3922; x_wconf 92' lang='lat' dir='ltr'><strong>nimis</strong></span> <span class='ocrx_word' id='word_1_358' title='bbox 645 3875 733 3944; x_wconf 85' lang='lat' dir='ltr'><strong>utque</strong></span> <span class='ocrx_word' id='word_1_359' title='bbox 745 3885 901 3944; x_wconf 87' lang='lat' dir='ltr'><strong>paucorum</strong></span> <span class='ocrx_word' id='word_1_360' title='bbox 915 3877 974 3938; x_wconf 81' lang='lat' dir='ltr'><strong>est,</strong></span> <span class='ocrx_word' id='word_1_361' title='bbox 994 3877 1024 3926; x_wconf 87' lang='lat' dir='ltr'><strong>te</strong></span> <span class='ocrx_word' id='word_1_362' title='bbox 1036 3876 1160 3924; x_wconf 85' lang='lat' dir='ltr'><strong>auctore</strong></span> <span class='ocrx_word' id='word_1_363' title='bbox 1173 3867 1272 3925; x_wconf 88' lang='lat' dir='ltr'><strong>theur-</strong></span> 
     </span>
    </p>
   </div>
   <div class='ocr_carea' id='block_1_6' title="bbox 0 0 1301 4396">
    <p class='ocr_par' dir='ltr' id='par_1_6' title="bbox 0 0 1301 4396">
     <span class='ocr_line' id='line_1_44' title="bbox 0 0 1301 4396; baseline 0 0"><span class='ocrx_word' id='word_1_364' title='bbox 0 0 1301 4396; x_wconf 95' lang='lat' dir='ltr'><strong> </strong></span> 
     </span>
    </p>
   </div>
  </div>
 </body>
</html>
