2510 4404
179 231 241 290 DE
265 231 481 290 ClVlTA'l'E
505 231 585 292 DEI
613 231 693 290 LlB.
715 231 830 291 xxu.
954 238 1015 296 383

31 389 131 444 scimus.
148 386 277 461 quamvis
290 403 308 440 a
321 386 425 442 talibus
444 388 525 461 prius
546 385 739 458 audierimus,
765 385 799 442 de
819 405 939 462 quorum
960 390 1015 447 fide

30 473 128 528 abitare
141 488 197 526 non
208 487 367 543 possemus.

66 553 113 608 Vir
131 552 310 610 Tribunitius
327 551 485 627 Hesperius
507 548 534 628 [‚
548 551 611 630 qui]
632 551 708 630 apud
728 572 782 611 uos
803 563 862 623 est,
887 552 973 610 hahet
985 558 1016 612 in

30 639 144 694 rrritorio
155 636 321 692 Fussalensi
334 636 455 692 fundum
467 634 579 692 Zubedi
592 639 781 714 appellatum,
802 637 851 694 ubi
865 657 930 694 cum
944 638 1016 696 alili-

29 725 98 780 :ione
110 720 272 778 animalium
286 729 315 776 et
327 737 477 776 servorum
491 738 609 776 suorum
628 720 744 778 domum
762 739 843 778 suam
865 723 1018 796 spirituum

29 808 185 883 ,alignorum
197 804 257 860 vim
270 805 388 859 noxiam
401 805 514 879 perpeti
528 804 735 880 comperisset,
761 808 880 886 rogavit
892 815 1018 878 nostros,

29 910 47 946 e
59 889 182 958 absente,
204 885 405 962 presbyteros,
427 896 461 944 ut
473 888 578 965 aliquis
591 906 693 946 eorum
706 888 757 946 illo
768 899 916 967 pergeret,
936 892 1018 946 cuius

29 971 171 1029 rationibus
185 969 329 1026 cederent.
347 969 484 1028 Perrexit
494 989 581 1044 unus,
595 971 700 1029 obtulit
712 972 752 1029 lbi
766 971 940 1030 sacrificium
954 991 1018 1030 cor-

28 1058 76 1113 ›ris
90 1055 207 1126 Christi,
233 1073 319 1109 orens
338 1063 478 1129 quantum
494 1055 606 1130 potnit,
630 1064 664 1112 ut
680 1066 811 1114 cessaret
823 1057 872 1112 illa
885 1059 1018 1116 vexatio:

31 1159 64 1195 eo
85 1140 212 1215 protinus
230 1139 387 1194 miserente
411 1139 545 1194 cesserit.
578 1139 738 1214 Acceperat
756 1149 853 1199 autem
873 1140 907 1195 ah
926 1143 1019 1198 amieo

28 1244 50 1280 ιο
63 1233 164 1278 terram
176 1230 306 1277 sanctam
317 1220 352 1276 de
363 1220 575 1298 Hierosolymis
587 1223 715 1294 allatam,
730 1223 778 1280 ubi
792 1225 922 1298 sepultus
935 1221 1019 1282 Chri-

27 1327 61 1364 us
75 1307 119 1362 die
131 1307 217 1362 tertio
230 1307 408 1377 resurrexit3
423 1323 545 1380 eamque
558 1305 750 1381 suspenderat
763 1308 794 1362 in
808 1307 939 1364 cubiculo
954 1327 1019 1379 suo,

27 1390 114 1466 equid
130 1391 197 1446 mali
218 1389 307 1445 etiam
325 1390 387 1463 ipse
404 1397 564 1464 peteretur.
598 1391 636 1446 At
656 1389 705 1446 uhi
724 1389 825 1447 domus
843 1392 905 1446 eius
924 1392 959 1446 ab
970 1394 1020 1448 illo

27 1475 180 1530 ,testatione
192 1481 317 1550 purgata
329 1483 389 1545 est,
416 1471 542 1549 quidde
561 1474 612 1530 illa
632 1483 711 1530 terra
732 1473 831 1553 lieret,
859 1475 1019 1553 cogitabat,

26 1579 80 1614 ram
94 1558 200 1613 diutius
213 1558 244 1612 in
260 1556 393 1612 eubiculo
408 1575 460 1613 suo
478 1559 661 1614 reverentiae
673 1575 760 1616 causa
773 1555 880 1614 habere
894 1559 1020 1615 nolebat.

26 1653 83 1698 orte
95 1640 208 1710 accidit,
223 1649 257 1696 ut
270 1659 325 1718 ego
338 1650 368 1696 et
381 1642 492 1719 collega
506 1650 576 1698 tune
590 1659 672 1698 meus
687 1644 839 1716 episeopus
853 1639 1020 1718 Synitensis

26 1720 189 1802 ¹synicensis]
204 1726 344 1780 eeclesiae
354 1723 531 1780 Maximinus
546 1726 577 1780 in
591 1727 724 1800 proximo
735 1743 877 1782 essemus:
891 1735 925 1781 ut
937 1729 1020 1782 reni-

27 1829 88 1865 mus
114 1809 238 1887 rogavit,
261 1818 290 1864 et
311 1809 452 1865 venimus.
485 1805 615 1883 Cumque
639 1809 721 1865 nohis
746 1811 842 1866 omnia
864 1811 1021 1882 retulisset,

26 1896 82 1949 iam
95 1891 148 1949 hoc
161 1893 281 1968 petivit,
306 1901 339 1948 ut
353 1892 536 1950 infoderetur
550 1893 673 1964 alicubi,
699 1904 785 1970 atque
799 1894 839 1950 ibi
854 1895 1019 1950 orationum

25 1997 73 2034 cus
92 1977 191 2048 lieret,
214 1977 263 2032 uhi
283 1978 370 2033 etiam
392 1985 512 2050 possent
525 1974 684 2032 Christiani
701 1976 736 2031 ad
755 1976 928 2032 celebranda
948 1995 1021 2051 quae

25 2063 52 2116 ei
65 2070 133 2116 sunt
147 2061 332 2138 congregari.
353 2059 420 2114 Non
435 2060 610 2114 restitimus:
624 2059 734 2114 factum
749 2069 802 2113 est.
837 2059 909 2114 Erat
922 2059 963 2114 ibi
977 2061 1021 2114 iu-

24 2147 75 2200 tnis
93 2145 272 2220 paralyticus
291 2143 474 2198 rusticanus:
500 2139 555 2195 hoc
580 2141 681 2196 audito
697 2143 800 2216 petivit
819 2142 1021 2215 aparentibus

29 2232 68 2300 is,
91 2230 219 2285 utillum
232 2226 268 2283 ed
282 2243 347 2281 eum
360 2227 455 2282 locum
467 2233 599 2280 sanctum
614 2243 672 2281 non
687 2234 861 2280 cunctanter
874 2222 1021 2281 afferrent.

24 2333 54 2368 ιο
74 2331 140 2368 cum
159 2312 263 2368 fuisset
281 2311 402 2381 allatus,
426 2310 537 2379 oravit,
560 2317 646 2382 atque
665 2307 734 2365 inde
747 2310 886 2364 continuo
899 2309 1021 2384 pedibus

25 2399 50 2451 is
66 2398 165 2452 salvus
180 2395 327 2450 abscessit.

53 2479 228 2535 Victoriana
247 2477 355 2533 dicitur
373 2477 459 2546 villa,
483 2477 517 2531 ab
532 2474 667 2552 Hippone
685 2477 768 2554 regio
789 2477 884 2532 minus
898 2478 1021 2556 triginta

24 2564 115 2620 ,ilibus
129 2562 228 2636 ¹abest.
275 2560 416 2618 Memoria
434 2559 597 2636 Martyrum
622 2561 662 2616 ibi
691 2570 734 2616 est
760 2559 1020 2617 Mediolanensium
1084 2581 1086 2588 ’

25 2647 114 2702 otesii
129 2653 160 2700 et
174 2644 317 2701 Gervasii.
352 2643 486 2700 Portatus
507 2653 551 2699 est
571 2661 604 2699 eo
623 2642 740 2718 quidam
759 2642 945 2716 adolescens,
971 2648 1020 2720 qui

24 2753 52 2786 m
66 2730 115 2784 die
125 2727 222 2782 medio
234 2738 364 2802 tempore
375 2727 495 2782 aestatis
508 2746 612 2803 equum
622 2728 751 2784 ablueret
764 2729 796 2783 in
809 2725 937 2806 fluminis
949 2747 1020 2806 gur-

24 2835 58 2884 zo,
81 2813 255 2866 daemonem
274 2811 405 2866 incurrit.
440 2809 482 2867 lbi
497 2830 561 2866 cum
579 2811 688 2868 iaceret
703 2813 748 2868 vel
761 2811 849 2867 morti
860 2814 1020 2887 proximus,

24 2901 29 2951 l
45 2895 217 2951 simillimus
232 2903 357 2966 mortuo,
370 2893 407 2950 ad
419 2896 601 2970 vespertinos
615 2897 684 2952 illuc
695 2894 818 2972 hymnos
829 2905 858 2952 et
872 2899 1019 2953 orationes

24 3001 49 3035 m
64 2979 185 3036 ancillis
198 2979 258 3034 suis
272 2987 302 3034 et
314 2978 484 3054 quibusdam
502 2979 770 3038 sanctimonialibus
785 2998 822 3036 ex
835 2999 914 3036 more
928 2981 1020 3038 domi-

31 3065 233 3138 possessionis
248 3064 383 3136 intravit3
396 3072 481 3139 atque
494 3062 617 3139 hymnos
631 3073 750 3121 cantaro
764 3073 932 3142 coeperunt.
958 3067 1021 3132 Quo

24 3168 54 3203 cc
70 3150 124 3203 illc
139 3149 223 3223 quasi
237 3165 401 3220 percussus,
416 3165 555 3201 excussus
569 3157 627 3204 est:
644 3157 750 3203 etcum
764 3148 888 3203 terribili
902 3149 1018 3204 fremitu

24 3251 73 3287 are
87 3229 304 3304 apprehensum
317 3247 435 3285 movere
449 3247 509 3282 non
522 3228 631 3284 audens
656 3231 718 3285 sive
735 3248 796 3284 non
813 3232 929 3300 valens,
956 3241 1019 3286 tan-

24 3334 67 3370 tm
84 3327 121 3368 eo
136 3313 229 3367 fuerit
242 3313 393 3388 alligatus,
416 3319 467 3365 aut
486 3309 604 3381 affixus,
627 3310 758 3368 tenebat:
787 3303 895 3366 etcum
915 3313 1020 3387 grandi

26 3401 94 3452 latu
118 3396 204 3469 parci
224 3393 281 3449 sihi
301 3403 435 3470 rogans,¹
449 3392 640 3468 confitebatur
662 3393 713 3448 uhi
735 3393 964 3464 adolescentem,
992 3405 1021 3452 et

24 3480 113 3549 indo,
136 3486 168 3532 et
183 3474 327 3550 quomodo
341 3477 491 3531 invaserit.
525 3475 675 3532 Postremo
690 3495 721 3530 se
735 3477 880 3532 exiturum
894 3495 958 3531 esse
972 3477 1021 3532 de-

24 3564 146 3631 ntians,
171 3559 299 3614 membra
313 3560 375 3614 eius
389 3561 506 3638 singula
520 3560 701 3631 nominabat,
726 3578 799 3636 quae
813 3577 844 3613 se
858 3569 1019 3634 amputatu-

24 3665 43 3700 n
60 3647 173 3700 exiens
187 3641 364 3698 minabatur:
388 3653 474 3720 atque
489 3645 563 3699 inter
586 3641 657 3698 haec
672 3643 760 3699 verba
774 3641 908 3698 discessit
921 3643 955 3698 ah
968 3641 1020 3700 hc-

24 3749 68 3786 re.
104 3726 170 3784 Sed
183 3728 284 3782 oculus
298 3728 359 3780 eius
371 3727 403 3781 in
416 3729 563 3782 maxillam
576 3725 668 3798 husus,
681 3727 762 3782 tenui
775 3728 881 3783 venula
894 3728 928 3783 ab
942 3729 1020 3783 inte-

24 3834 56 3869 re
73 3812 166 3888 quasi
178 3809 276 3866 radice
290 3807 448 3884 pendebat,
475 3819 624 3886 totumque
638 3812 699 3865 eius
713 3808 853 3883 medium,
880 3811 955 3886 quod
973 3813 1019 3866 ni·

24 3901 91 3954 lum
108 3896 221 3966 suerat,
235 3895 419 3950 albicaverat.
438 3895 500 3970 Quo
514 3895 577 3950 viso
591 3895 639 3969 qui
654 3893 785 3965 aderant,
798 3893 1019 3970 (concurrerent
