2510 4404
199 225 258 283 388
428 219 531 280 D1v1
559 217 744 277 AVRELll
763 216 1021 276 AVGVS'l'lNl

261 375 356 433 Vnum
370 387 415 430 cst
427 372 502 449 apud
515 391 569 430 nos
581 370 705 444 iactum,
722 389 784 428 non
796 372 891 428 mains
905 389 990 447 qnam
1000 371 1054 428 illa
1068 390 1153 450 quae
1167 371 1230 445 dixi,
1248 413 1249 416 ι

197 460 250 518 sed
269 469 329 516 tam
342 461 551 534 clarueratque
569 459 685 513 illustre
701 455 889 525 miraculum,
914 463 947 510 ut
968 457 1089 512 nullum
1112 455 1231 514 arbitrer

196 564 262 601 esse
275 542 526 618 Hipponensiurn,
538 542 588 616 qui
599 538 655 596 boe
668 557 728 596 non
739 541 788 596 vel
799 537 922 608 viderit,
934 540 983 596 vel
995 538 1162 611 didicerit,
1176 543 1230 598 nul-

196 631 262 685 lum-
274 629 324 703 qui
346 627 481 684 oblivisci
505 625 564 680 ulla
585 624 705 680 ratione
729 623 864 698 potuerit.
907 621 1019 680 Decem
1037 623 1167 698 quidam
1182 625 1230 680 irs

196 722 256 770 tres
282 705 424 792 (quorum
442 718 553 782 septem
566 717 635 763 sunt
647 724 760 778 mares,
786 717 846 762 tres
865 703 1010 779 feminae)
1039 706 1079 762 de
1094 707 1232 766 Caesares

198 794 396 870 Cappadociae
418 811 536 850 suorum
560 791 666 847 civium
689 807 749 846 non
771 789 929 868 ignobiles,
954 789 1121 848 maledicto
1139 795 1231 848 menis

198 879 325 949 recenti,
338 879 428 952 patris
443 894 543 932 eorum
556 875 636 932 obitu
647 872 818 945 destitutae,
831 891 906 949 quae
918 875 1060 930 iniuriam
1073 877 1137 932 sibi
1150 877 1186 932 ab
1199 879 1231 930 cis

198 963 304 1020 laetam
318 961 506 1017 acerbissime
519 960 603 1029 tulit,
633 959 686 1014 tali
697 975 792 1032 poena
805 966 875 1014 sunt
891 955 1035 1014 divinitus
1049 962 1196 1029 coerciti,
1208 971 1232 1014 ιι

198 1045 376 1102 horribiliter
398 1051 590 1119 quaterentur
610 1059 711 1098 omnes
735 1051 860 1097 tremore
883 1040 1102 1100 membrorum:
1131 1045 1231 1118 inqua

199 1128 364 1186 foedissima
384 1127 480 1202 specie
493 1128 592 1184 oculos
604 1143 725 1182 suorum
738 1125 847 1182 civium
859 1142 922 1182 non
938 1125 1092 1198 ferentes,
1111 1145 1230 1202 quaqua·

199 1231 316 1270 versum
336 1213 441 1287 cuique
459 1211 504 1266 ire
522 1211 618 1268 visum
638 1217 698 1280 est,
724 1217 787 1266 toto
800 1226 874 1284 pene
887 1207 1078 1288 vagabantur
1092 1212 1168 1267 orbe
1182 1209 1229 1266 lic-

198 1315 293 1354 mano.
337 1294 386 1352 Ex
407 1293 453 1350 bis
478 1295 565 1350 etiam
587 1293 623 1350 ad
646 1311 700 1349 nos
722 1302 867 1349 venerunt
885 1290 958 1365 duo,
985 1292 1084 1350 irater
1100 1304 1134 1351 et
1146 1312 1229 1361 soror,

198 1380 307 1437 Paulus
322 1378 513 1450 etPalladia,
539 1379 637 1434 multis
656 1377 720 1433 aliis
744 1378 818 1432 locis
842 1377 960 1432 miseria
983 1374 1163 1434 diffamante
1184 1379 1229 1434 ίιιι

199 1465 321 1542 cogniti.
361 1462 514 1519 Venerunt
527 1470 624 1518 antem
643 1469 711 1517 ante
726 1459 839 1516 Pascha
856 1460 948 1516 ferme
966 1459 1031 1516 dies
1056 1461 1229 1537 quindecim,

198 1549 350 1606 eccleciam
372 1545 520 1622 quotidie,
546 1554 576 1601 et
594 1547 625 1602 in
643 1563 677 1600 ea
689 1543 859 1600 Memoriam
871 1544 1082 1622 gloriosissimi
1097 1544 1230 1621 Stephani

197 1631 436 1706 frequentabant,
450 1637 566 1685 orantes
578 1639 611 1684 ut
624 1631 682 1684 iam
695 1628 750 1683 sibi
762 1630 925 1702 placaretur
939 1625 1038 1700 Deus,
1066 1638 1101 1685 et
1115 1632 1229 1686 salutem

197 1715 354 1788 pristinam
366 1712 510 1768 redderet.
523 1711 572 1767 1Ει
584 1714 661 1782 illic,
675 1719 704 1767 et
717 1729 888 1786 quacunque
901 1711 999 1783 ibant,
1021 1715 1229 1770 convertebant

197 1799 274 1854 inse
288 1797 416 1852 civitatis
428 1795 604 1868 adspectum.
627 1795 768 1851 Nonnulli
780 1797 829 1870 qui
844 1813 893 1850 eos
907 1793 977 1850 alibi
989 1795 1153 1869 viderant,
1171 1815 1244 1854 ιιι-ι

198 1897 318 1954 samque
331 1881 468 1935 tremoris
484 1896 583 1934 eorum
597 1887 752 1950 noverant,
767 1880 843 1950 aliis,
857 1888 889 1934 ut
902 1879 1007 1952 cuique
1019 1890 1174 1954 poterant,
1185 1883 1225 1934 in-

199 1963 342 2022 dicabant.
360 1961 448 2019 Venit
461 1959 620 2034 etPaseha,
633 1971 719 2038 atque
732 1963 795 2036 ipso
808 1960 1017 2018 dieDominioo
1032 1983 1140 2036 mane,
1150 1982 1225 2040 qaum

199 2050 257 2105 iam
269 2046 407 2124 frequens
420 2047 543 2122 populus
556 2064 694 2120 praesens
714 2055 807 2118 esset,
834 2055 864 2102 ct
882 2047 940 2102 loci
960 2050 1060 2103 sancti
1077 2049 1225 2116 cancellos,

199 2132 249 2190 ubi
262 2129 436 2207 Martyrium
450 2139 529 2201 erat,
555 2129 631 2185 idem
643 2131 757 2186 iuvenis
771 2148 858 2186 orans
871 2139 1003 2200 teneret,
1025 2142 1155 2206 repente
1166 2149 1225 2207 pro·

102 2203 107 2220 '
199 2225 308 2272 stratus
322 2224 382 2287 est,
396 2224 426 2270 et
439 2214 596 2274 dormienti
608 2214 771 2270 simillimus
784 2215 889 2270 iacuit:
903 2223 1078 2271 nontamen
1094 2226 1224 2284 tremens,

198 2301 276 2355 sieut
288 2299 375 2354 etiam
387 2317 442 2372 per
455 2317 588 2354 somnum
601 2297 722 2352 solebat.
765 2286 954 2372 Stupentibus
968 2299 1018 2373 qui
1033 2299 1173 2370 aderant,
1186 2311 1224 2354 ιι-

198 2401 255 2458 que
269 2382 334 2438 aliis
347 2382 536 2456 paventibus,
550 2383 614 2436 aliis
629 2381 802 2452 dolentibus,
816 2399 904 2455 quum
914 2399 978 2436 eum
990 2383 1114 2456 quidam
1126 2385 1223 2440 vellent

198 2467 331 2543 erigere,
342 2467 477 2522 nonnulli
488 2463 713 2539 prohibuerunt,
728 2473 758 2519 ct
769 2466 865 2540 potius
878 2467 988 2521 exitum
999 2465 1220 2540 exspectandum

198 2567 261 2605 esse
275 2549 423 2605 dixerunt.
449 2547 489 2604 Et
503 2567 571 2604 eece
582 2549 727 2619 surrexit,
741 2557 771 2603 et
784 2567 843 2605 non
855 2548 998 2605 tremebat
1006 2552 1021 2621 ,'
1030 2553 1169 2626 quoniam
1180 2567 1219 2604 ιι-

197 2642 284 2690 natus
300 2641 378 2704 erat,
390 2642 420 2688 et
431 2633 525 2688 stabat
537 2632 701 2703 incolumia,
713 2633 831 2688 intuens
845 2633 1001 2688 intuentes.
1025 2634 1102 2708 Quis
1116 2652 1182 2712 ergo
1193 2651 1219 2686 sc

197 2718 294 2774 tenuit
307 2735 324 2773 a
339 2715 473 2774 laudibus
486 2713 562 2772 Deil
598 2714 790 2772 clamantium
815 2718 1083 2794 gratulantiumque
1110 2718 1217 2775 vocibus

198 2803 323 2857 ecclesia
342 2818 548 2877 usquequaque
562 2801 702 2874 completa
716 2808 770 2855 est·
812 2798 882 2856 lndc
896 2799 990 2855 adme
1005 2801 1153 2875 curritur,
1177 2799 1216 2855 nbi

197 2884 330 2941 sedebam
352 2885 411 2938 iam
429 2901 633 2958 processurus:
657 2884 745 2939 irruit
767 2885 839 2939 alter
860 2885 978 2960 quisque
1001 2885 1077 2959 post¹
1092 2887 1214 2952 alterum,

197 2964 291 3024 omnis
302 2967 446 3040 posterior
457 2968 538 3039 quasi
549 2985 666 3037 novum,
681 2965 759 3041 quod
769 2968 842 3022 alius
852 2969 932 3042 prior
944 2967 1071 3040 dixerat,
1085 2971 1214 3026 nuntian-

196 3061 257 3106 tes:
282 3065 386 3122 meque
399 3048 544 3124 gaudente
560 3057 589 3104 et
602 3049 676 3122 apud
690 3069 736 3105 me
749 3051 858 3128 gratias
872 3049 936 3107 Deo
951 3060 1075 3129 agente,
1094 3049 1211 3130 ingredi-

196 3143 244 3189 tur
258 3132 346 3188 etiam
354 3131 417 3206 ipe
431 3147 495 3186 oum
507 3133 656 3206 pluribus,
669 3134 828 3190 inclinatur
839 3132 875 3190 ad
888 3153 986 3212 genua
998 3153 1080 3207 mea,
1101 3135 1211 3214 erigitur

196 3215 232 3273 ad
247 3217 378 3273 osculum
390 3233 493 3272 meum.
536 3214 723 3273 Procedimus
737 3217 773 3274 ad
784 3219 936 3293 populum,
953 3220 1039 3293 plena
1053 3230 1121 3276 erat
1132 3219 1212 3276 eecle-

196 3303 240 3358 sia
280 3299 456 3376 personabat
468 3301 589 3357 vocibus
604 3301 792 3378 gaudiorum,
814 3299 877 3358 Deo
891 3301 1098 3380 gratias,‘Deo
1111 3302 1213 3370 landes,

197 3387 313 3443 nernine
326 3379 454 3456 tacente,
467 3381 537 3441 hinc
548 3395 634 3460 atque
644 3384 711 3440 inde
722 3385 917 3456 clamantium,
931 3383 1065 3442 Salutavi
1076 3389 1212 3462 populun,

197 3481 227 3526 et
238 3485 338 3528 rursus
353 3467 452 3524 eedem
473 3467 653 3525 ferventiore
670 3486 743 3525 soce
779 3469 948 3525 clamabant.
992 3469 1085 3527 Facto
1108 3468 1213 3526 tanden

197 3556 330 3622 silentio,
347 3550 564 3626 scripturarum
578 3551 741 3609 divinarum
753 3562 824 3610 sunt
835 3554 912 3608 lecta
925 3553 1080 3610 sollennia.
1101 3550 1158 3610 Vbi
1170 3573 1212 3610 ιι-

196 3647 256 3692 tem
268 3645 387 3694 ventum
400 3644 445 3691 ost
457 3635 494 3691 ad
506 3633 720 3693 meiSermonis
732 3637 839 3708 locum,
853 3635 916 3692 dixi
925 3653 1017 3711 pauca
1028 3657 1084 3713 pro
1096 3648 1212 3714 tempore

197 3727 226 3774 et
238 3737 290 3792 pro
303 3719 383 3774 illius
396 3717 577 3775 iucunditate
590 3720 726 3788 laetitiae,
769 3718 866 3800 Magis
880 3721 958 3776 enim
971 3739 1021 3777 eos
1034 3723 1067 3777 in
1081 3741 1168 3798 opere
1178 3721 1211 3776 di·

197 3802 267 3855 vino
281 3798 425 3872 quandam
438 3800 495 3857 Dei
508 3803 718 3877 eloquentiam,
742 3821 803 3860 non
821 3801 938 3875 audire,
963 3801 1015 3860 sed
1035 3804 1211 3862 conusens

195 3882 311 3954 permisi
365 3880 521 3940 Nobiscum
534 3882 617 3942 homo
629 3884 763 3961 prandit,
789 3895 819 3942 et
832 3885 990 3965 diligenter
1007 3886 1093 3944 nobis
1107 3906 1209 3944 omnen
