2510 4404
181 235 242 294 DE
264 234 486 296 ClVlTATE
510 233 832 294 nnrrnuxxu.
963 235 1024 290 415
1088 293 1089 298 ,

16 409 46 448 eo
61 394 114 466 qui
127 407 177 446 eos
190 388 271 460 fecit,
285 390 446 446 secundum
458 389 621 461 Platonem,
637 387 713 464 quod
727 397 772 444 cst
785 387 961 464 impossibile
977 387 1024 444 fu-

18 495 51 532 se
65 475 248 551 promissum.
287 475 345 541 uui
363 475 441 531 enim
458 474 543 545 dicit,
570 471 630 530 Vos
643 471 759 548 quidem
771 471 949 528 immortales
963 489 1024 528 esse

16 581 50 616 on
64 559 207 634 potestis,
230 557 281 616 scd
292 577 358 616 mca
370 561 520 616 voluntate
537 559 715 614 iromortales
736 557 833 614 eritis:
862 553 933 630 quid
947 555 1023 614 aliud

16 647 77 714 icit,
105 661 191 718 quam
203 641 235 698 id
248 641 323 716 quod
335 643 401 698 fieri
415 661 476 700 non
489 652 596 716 potest,
610 661 656 698 mc
670 640 798 698 faciente
811 649 910 698 tamen
924 633 1025 698 critici

16 731 41 783 le
56 729 150 805 igitur
163 745 281 782 carnem
294 727 559 801 incorruptibilem,
588 727 790 794 immortalem,
805 725 965 800 spiritalem
977 741 1025 780 re-

16 811 154 881 iecitabit,
169 812 219 885 qui
230 811 314 868 iuxta
321 810 483 882 Platonem,
496 810 526 866 id
540 809 616 886 quod
626 809 803 884 impossibile
817 815 917 879 ctt‚'se
931 803 1028 866 factu?

16 917 56 952 nn
70 915 134 951 erse
147 897 288 968 promisit.
318 895 395 962 Quid
407 893 510 964 adhuc,
525 893 602 970 quod
614 895 750 969 promisit
762 891 855 963 Deus,
870 892 946 966 quod
961 890 1025 948 Deo

16 981 172 1036 ronrittenti
186 978 308 1034 eredidit
320 977 461 1050 mundus,
486 979 535 1054 qui
550 981 637 1034 etiam
652 980 713 1053 ipse
725 978 885 1053 promissus
903 985 947 1034 est
961 993 1024 1032 cre-

16 1075 120 1136 turus,
135 1081 199 1118 esse
212 1063 390 1137 impossibile
404 1059 548 1118 clamanti
584 1061 706 1130 Quando
721 1061 837 1138 quidem
850 1079 904 1116 nos
918 1059 1025 1130 Deum,

16 1151 36 1205 ri
55 1149 143 1204 etiam
162 1147 321 1203 secundum
334 1145 486 1206 Platonem
505 1147 577 1204 iacit
598 1145 805 1222 impossibilia,
833 1143 863 1199 id
880 1143 1025 1201 facturum

16 1251 54 1288 ,se
70 1235 236 1288 clamamus.
266 1230 333 1288 Non
353 1249 440 1307 ergo,
464 1241 497 1288 ut
515 1231 617 1288 beatae
637 1232 698 1290 sint
715 1231 845 1299 animas,
860 1247 966 1302 corpus
981 1237 1025 1288 est

16 1336 77 1372 nnc
90 1315 273 1392 fugiendum,
288 1314 339 1370 sed
352 1333 458 1387 corpus
473 1314 694 1390 incorruptibile
707 1311 916 1388 recipiendum.
939 1311 980 1369 Et
994 1313 1024 1367 iu

16 1421 45 1458 ro
63 1400 287 1456 convenientius
302 1398 517 1473 incorruptibili
531 1417 652 1474 corpore
666 1397 868 1468 laetabuntur,
893 1415 979 1471 quam
994 1397 1023 1450 in

16 1505 44 1544 ιο
62 1484 246 1558 corruptibili
259 1479 451 1560 gemuerunt?
490 1481 541 1539 Sic
555 1486 634 1540 enim
648 1501 709 1540 non
721 1484 754 1540 ιιι
771 1483 813 1538 cis
829 1483 884 1538 erit
898 1482 948 1538 illa
961 1479 1025 1535 dira

16 1570 142 1644 piditas,
156 1585 242 1642 quam
253 1568 352 1641 posuit
365 1585 402 1626 cx
415 1567 537 1626 Platone
550 1565 705 1646 Virgilius,
719 1567 769 1624 ubi
781 1567 835 1622 ait:

69 1653 183 1710 Rursus
197 1660 226 1708 ct
239 1652 382 1724 incipiant
396 1653 427 1708 in
441 1671 565 1728 corpora
577 1655 653 1710 velle
666 1652 784 1710 revorti.

16 1759 47 1809 c,
68 1739 197 1811 inquam,
222 1735 411 1810 cupiditatem
423 1736 592 1794 revertendi
605 1735 642 1796 ad
655 1754 779 1810 corpora
791 1754 852 1796 non
865 1733 1024 1806 habebunt,

16 1843 52 1880 nn
68 1839 207 1895 corpora,
232 1823 264 1878 in
278 1839 351 1896 quac
363 1824 474 1878 reverti
488 1824 621 1896 cupiunt,
641 1840 741 1878 seeum
752 1819 915 1892 habebunt;
940 1829 969 1876 et
982 1819 1024 1874 rie

16 1906 150 1977 thebunt,
173 1915 207 1960 ut
219 1924 370 1980 uunquam
383 1925 444 1964 non
457 1905 598 1979 habeant,
622 1924 773 1980 nunquam
788 1921 954 1980 enprorsus
976 1903 1023 1960 vel

16 1993 22 2048 l
36 1991 179 2067 exiguum
194 1991 350 2064 quamlibet
363 1999 475 2064 tempus
489 1992 550 2048 ulla
565 1999 661 2046 morte
675 1989 831 2062 deponant.
847 2017 857 2040 .

333 2138 455 2196 CAP.
499 2137 669 2196 XXVII

16 2261 28 2294 e
44 2237 190 2292 contrariis
205 2235 405 2318 dfflnitionibus
420 2236 459 2288 Pl
448 2235 549 2288 latoni!
567 2244 648 2304 etque
664 2233 759 2302 Porpb
777 2233 828 2297 rii,
847 2233 877 2286 ire
893 2231 987 2302 quidue
1001 2217 1025 2286 si

134 2318 247 2378 uterque
257 2307 339 2360 alteri
349 2307 466 2370 ccderet,
487 2324 504 2358 ιι
515 2306 631 2358 veritate
642 2313 737 2358 neuter
766 2303 877 2355 coloret.

49 2416 176 2492 Singula
189 2414 330 2491 quaedam
343 2415 483 2472 dixerunt
495 2413 578 2472 Plato
593 2423 680 2488 atque
692 2411 889 2488 Porphyrius,
910 2431 985 2488 quae
999 2415 1024 2470 si

17 2513 115 2559 tersa
138 2501 351 2557 communicare
376 2501 557 2572 potuissent,
578 2497 650 2554 iacti
674 2506 773 2554 essent
795 2497 920 2555 fortasse
939 2496 1024 2575 Chri·

16 2587 86 2643 iani.
110 2583 193 2660 Plato
218 2583 304 2652 dixit,
321 2575 394 2638 ¹sine
417 2583 585 2656 corporibus
608 2584 721 2640 anioras
741 2584 772 2638 in
790 2591 943 2638 aeternum
961 2583 1025 2638 esse

16 2692 45 2727 ιιι
60 2686 154 2742 posse.
169 2667 237 2733 ldeo
250 2669 328 2722 enim
337 2665 423 2736 dixit,
437 2669 525 2722 ctiam
535 2667 712 2740 sapientium
721 2667 833 2722 animas
845 2674 913 2740 post
923 2683 1024 2739 quam-

16 2764 58 2811 ret
72 2754 193 2826 longum
206 2760 330 2822 tempus,
343 2759 441 2806 tamen
462 2748 496 2805 ad
518 2767 639 2824 corpora
655 2749 809 2808 redituras.
843 2747 1024 2824 Porphyrius
1115 2821 1116 2824 Ἴ

16 2851 86 2893 rtem
98 2833 189 2903 dixit,
212 2835 337 2890 animam
352 2835 605 2911 purgatissimam,
616 2835 619 2842 '
629 2853 694 2892 cum
711 2833 833 2890 redierit
846 2834 883 2892 ad
895 2833 1024 2904 Patrem,

16 2919 116 2975 lhacc
135 2919 211 2974 mala
234 2917 335 2974 mundi
358 2937 509 2993 nunquam
532 2937 597 2976 esse
620 2918 791 2976 redituram.
825 2921 874 2976 Ac.
886 2937 938 2992 per
956 2917 1023 2988 hoc,

16 3002 64 3059 rod
77 3021 178 3058 verum
191 3003 266 3060 vidit
278 3001 379 3074 Plato,
402 3005 428 3060 si
441 3003 571 3060 dedisset
583 3002 761 3082 Por-physio,
776 3005 865 3062 etiam
878 3005 1024 3062 iustorum

16 3113 18 3138 ι
33 3089 209 3162 sapientium
222 3090 445 3164 purgatissimas
459 3090 571 3146 animas
585 3088 622 3146 ad
634 3088 761 3148 humana
777 3105 898 3163 corpora
912 3089 1022 3146 reditu-

16 3187 48 3243 s;
75 3190 177 3229 rursus
191 3172 268 3245 quod
285 3191 387 3228 verum
405 3172 480 3228 vidit
493 3170 686 3246 Porphyrius,
710 3175 737 3228 ιι
754 3171 882 3228 dedisset
895 3171 1023 3242 Platoni,

16 3273 137 3329 mquam
157 3255 303 3310 redituras
327 3254 364 3310 ad
381 3255 514 3310 miserias
538 3256 733 3328 corruptibilis
758 3256 888 3328 eorporis
911 3256 1023 3312 animas

16 3348 120 3396 notar:
145 3347 260 3394 utnon
283 3338 395 3414 singuli
419 3336 492 3392 haec
516 3338 650 3414 singula,
677 3336 729 3394 sed
753 3336 837 3393 ambo
861 3345 890 3392 ct
912 3338 1024 3414 singuli

16 3441 143 3496 rumque
158 3421 300 3492 dicerent,
314 3430 384 3494 puto
399 3420 476 3494 quod
488 3420 624 3477 viderent
635 3439 699 3476 csse
710 3421 769 3478 iam
782 3437 976 3494 consequens,
992 3430 1024 3476 ut

28 3505 162 3561 redirent
175 3507 288 3562 anirnae
301 3505 338 3561 ad
352 3522 488 3576 corpora,
514 3514 543 3560 et
558 3507 630 3562 talia
649 3507 815 3580 reciperent
829 3522 966 3578 corpora,
991 3505 1022 3560 in

16 3591 92 3644 ribus
107 3591 191 3645 beate
203 3599 289 3664 atque
301 3591 505 3644 immortaliter
522 3591 666 3646 viverent.
705 3590 850 3657 Quoniam
863 3586 1023 3646 secundum

16 3677 159 3744 tatonem,
186 3675 274 3730 etiam
288 3681 407 3730 sanctae
419 3673 534 3730 animae
547 3673 584 3730 ad
595 3672 721 3731 humana
735 3690 857 3748 corpora
870 3671 1022 3744 redibunt;

18 3757 146 3814 cundum
164 3756 378 3833 Porphyrium,
401 3756 438 3812 ad
454 3761 529 3815 mala
547 3757 647 3815 mundi
665 3757 750 3816 huius
771 3765 890 3814 sanctae
907 3758 1022 3814 animae

16 3862 47 3898 ιιι
61 3841 208 3898 redibunt.
241 3841 329 3898 Dicat
341 3842 440 3917 itaque
453 3861 519 3898 cum
532 3841 654 3899 Platone
667 3840 860 3919 Porphyrius,
874 3839 1022 3922 Redibunt

16 3928 21 3982 Ι
38 3945 175 4009 corpora:
199 3927 276 3984 dieat
289 3925 372 3984 Plato
386 3946 452 3984 cum
465 3925 639 4005 Porphyris,
653 3927 718 3986 Non
733 3927 870 3986 redibunt
883 3926 918 3984 ad
931 3925 1021 3985 malai
