2586 4396
252 201 316 262 DE
339 197 558 260 CIVITATE
583 201 662 262 DEl
686 203 766 264 LlB.
788 205 879 268 Vlll.
1017 211 1079 270 23⁶

33 357 154 418 audisse
169 353 362 431 prophetam,
387 356 436 412 vel
449 353 616 430 Scripturas
635 356 820 432 propheticas
837 361 870 416 in
883 361 983 420 eadem
994 381 1080 440 pere·

28 442 211 523 grinatione
226 441 352 518 legisse:
366 455 490 516 quorum
502 438 618 514 quidem
631 443 801 515 opinionem
812 444 845 500 in
858 443 1029 520 quibusdam
1041 449 1079 504 li·

28 529 87 584 bris
101 527 187 582 meis
200 525 297 600 posui.
319 520 379 580 Sed
391 521 550 603 diligenter
562 533 718 599 supputata
730 535 894 602 temporum
905 523 993 602 ratio,
1007 547 1081 605 quae

29 611 181 668 chronica
203 606 332 663 historia
350 607 536 678 continetur,
555 606 708 666 Platonem
725 609 838 667 indicat
849 629 868 668 a
880 620 1010 688 tempore
1023 631 1079 688 quo

27 693 228 771 prophetavit
241 689 392 761 ieremias,
405 698 524 748 centium
536 689 628 748 ferme
640 711 733 750 annos
745 683 848 768 postea
860 705 963 752 natum
975 694 1080 754 linisset

27 780 80 854 qui
94 795 169 835 eum
184 775 341 854 octoginta
353 783 384 830 et
396 791 487 831 unum
499 775 635 848 vixisset,
653 777 688 833 ab
702 795 781 834 anno
795 780 898 836 mortis
912 780 975 836 eiua
988 796 1081 856 usque

26 862 63 919 ad
73 861 106 918 id
112 870 251 936 tempus,
265 856 511 936 quoPtolcmaens
523 875 578 916 rex
586 858 714 938 Aegypti
720 857 888 937 Scripturas
895 859 1080 939 propheticae

26 948 129 1024 gentis
141 942 354 1001 Hebraeorum
367 941 403 999 de
415 939 522 1016 ladaea
531 946 677 1022 poposcit,
692 953 723 1001 et
731 964 786 1021 per
799 948 988 1026 septuaginta
999 949 1080 1004 viros

26 1030 201 1098 Hebraeos,
214 1029 267 1103 qni
277 1027 367 1083 etiam
380 1025 524 1086 Graecam
533 1027 666 1106 linguam
675 1039 832 1104 noverant,
846 1031 1081 1107 interpretandae

25 1113 247 1188 habendasque
259 1111 385 1182 curavit,
398 1112 471 1168 anni
483 1110 576 1168 ferme
588 1113 777 1186 reperiuntur
788 1129 841 1180 ax.
855 1115 1039 1190 Quapropter
1048 1116 1081 1171 in

25 1201 78 1255 illa
90 1195 344 1274 peregrinatione
358 1211 410 1250 sua
422 1193 507 1252 Plato
526 1214 582 1251 nee
595 1194 749 1254 Ieremiam
766 1197 869 1253 videre
887 1199 983 1272 potuit
997 1207 1081 1255 tanto

25 1292 99 1340 ante
114 1281 307 1350 elefantum,
334 1297 390 1336 nee
404 1277 520 1336 casdem
533 1276 701 1354 Scripturas
721 1281 836 1358 legere,
863 1298 939 1356 qnae
952 1280 1082 1337 nondum

26 1367 155 1423 fucrant
167 1365 201 1420 in
215 1361 361 1420 Graecam
373 1361 507 1442 linguam
519 1365 696 1434 translatae,
722 1381 781 1440 qna
792 1365 843 1420 ille
855 1363 997 1440 pollebat:
1023 1365 1082 1421 nisi

25 1452 113 1508 sorte
127 1449 196 1524 quia
207 1447 268 1504 fuit
280 1447 417 1504 acerrimi
430 1446 532 1519 studii,
556 1447 635 1503 sicut
646 1447 825 1525 Aegyptias,
846 1448 890 1504 ita
902 1455 932 1504 et
944 1447 1016 1503 istas
1028 1465 1082 1523 per

24 1539 229 1609 interpretem
243 1530 362 1603 didicit,
384 1548 446 1588 non
459 1541 494 1588 ut
506 1531 661 1588 scribendo
674 1531 869 1604 transferret,
893 1530 969 1608 quod
982 1529 1080 1588 Ptole-

24 1637 132 1678 maeus
145 1633 204 1691 pro
218 1615 338 1693 ingenti
349 1614 510 1688 beneficio,
538 1617 589 1692 qui
608 1615 693 1694 regia
711 1625 857 1692 potestate
876 1617 966 1672 etiam
983 1615 1082 1673 timeri

25 1711 166 1780 poterat,
187 1700 332 1756 meruisse
345 1697 529 1775 perhibetur,
543 1699 595 1756 sed
607 1709 641 1756 ut
655 1699 848 1776 colloquendo
862 1699 931 1777 qnid
945 1701 1080 1758 eontine-

26 1799 104 1860 rent,
127 1791 279 1862 quantum
292 1801 396 1859 capere
408 1791 518 1860 posset,
545 1783 719 1842 addisceret.
757 1777 822 1842 lloc
836 1795 870 1842 ut
882 1785 1080 1854 existimetur,

27 1875 74 1929 illa
88 1867 229 1928 suadere
246 1865 388 1924 videntur
406 1867 532 1940 indicia,
558 1867 636 1944 quod
650 1869 724 1925 liber
738 1867 891 1926 Geneseoa
905 1869 948 1924 aie
961 1869 1080 1942 incipit:

26 1955 58 2014 In
70 1952 242 2034 principio
254 1951 341 2023 fecit
353 1947 437 2009 Deua
455 1951 565 2012 coelum
585 1963 615 2010 et
634 1961 758 2010 terram.
787 1951 886 2010 Terra
899 1963 999 2010 cutem
1013 1959 1081 2010 erat

26 2036 198 2098 bmisiba'le‘c
210 2045 241 2092 et
254 2037 466 2112 incompoaitc,
482 2046 513 2094 et
526 2035 666 2094 tenebrae
679 2046 768 2093 erant
781 2053 872 2114 anper
886 2035 1037 2110 olyntum,
1052 2045 1081 2091 et

26 2123 169 2202 Spiritus
185 2117 250 2176 Dei
261 2117 512 2196 superferebatur
529 2136 621 2198 cuper
635 2137 752 2195 aquom.
799 2117 835 2174 ln
848 2115 971 2176 Timaeo
984 2127 1081 2176 autern

25 2208 123 2278 Plato,
134 2221 231 2280 quem
242 2202 349 2259 librum
356 2201 392 2258 de
397 2200 499 2257 mundi
509 2204 724 2259 constitutione
731 2203 919 2278 conseripsit,
933 2199 1029 2259 Deum
1036 2201 1080 2258 di-

26 2295 62 2348 cit
77 2294 114 2348 in
128 2289 187 2344 illo
202 2304 291 2361 opere
305 2295 415 2342 terram
426 2285 520 2360 primo
538 2287 698 2366 ignemque
717 2288 867 2344 iunxisse:
890 2285 1081 2343 manifestum

27 2387 69 2433 est
78 2383 202 2443 autem,
212 2369 293 2446 qnod
303 2371 368 2448 igni
378 2369 487 2426 tribuat
498 2373 574 2426 coeli
584 2371 696 2428 locum:
708 2369 795 2427 babet
802 2369 952 2449 ergabaec
960 2380 1080 2427 senten-

27 2463 66 2516 tia
80 2455 240 2534 quandam
254 2455 335 2510 illius
350 2453 585 2523 similitudinem,
599 2472 656 2528 qua
669 2452 855 2511 dictumest:
881 2451 919 2512 Ιιι
926 2456 1081 2532 principio

21 2545 104 2614 feeit
116 2539 209 2599 Deua
225 2537 337 2595 coelum
352 2547 381 2595 et
394 2547 519 2595 terram.
533 2535 649 2593 Deinde
663 2537 714 2591 illa
727 2535 783 2592 duo
796 2535 902 2607 media,
915 2537 1020 2611 quibus
1034 2539 1081 2590 in-

27 2626 187 2703 terpositis
201 2623 321 2678 sibimet
333 2619 405 2677 haec
419 2628 554 2676 extrema
564 2621 781 2693 copularentur,
795 2637 900 2694 aquam
910 2618 982 2674 dicit
991 2627 1021 2673 et
1031 2617 1080 2674 aii-

26 2729 106 2768 rem:
127 2705 213 2766 unde
228 2715 348 2782 putatur
361 2706 404 2760 sic
417 2704 601 2760 intellexisse
614 2701 692 2778 quod
706 2702 847 2777 scriptum
861 2710 920 2772 est,
946 2699 1081 2779 Spiritus

28 2794 93 2852 Dei
106 2789 366 2872 superferebatur
377 2805 468 2866 caper
479 2806 595 2868 apuam.
619 2785 727 2842 Parum
738 2787 845 2862 quippe
855 2784 1011 2842 attendens
1023 2803 1081 2862 quo

25 2897 117 2934 more
130 2879 227 2932 soleat
240 2872 602 2948 illaScripturaappellnre
613 2871 749 2946 spiritum
757 2869 826 2943 Dei,
838 2871 976 2946 quoniam
987 2879 1017 2926 et
1029 2875 1080 2927 aer

27 2963 154 3038 spiritus
169 2959 292 3028 dicitur,
313 2967 437 3033 quatuor
451 2958 585 3030 opinatus
600 2957 745 3012 elementa
758 2956 824 3012 loco
838 2956 889 3011 illo
904 2973 1079 3012 commemo-

26 3057 95 3104 rata
108 3044 211 3104 videri
223 3049 333 3118 potest,
356 3037 473 3097 Deinde
486 3037 563 3114 quod
575 3038 658 3095 Plato
673 3038 755 3112 dicit,
769 3049 928 3098 amatorem
940 3038 1000 3096 Dei
1014 3057 1078 3098 esse

27 3127 258 3206 philosophum,
278 3123 352 3181 nihil
370 3125 415 3180 sic
426 3125 458 3180 in
471 3123 530 3179 illis
544 3125 635 3179 saeris
649 3123 743 3179 literis
756 3121 878 3204 flagrat:
908 3133 939 3181 et
951 3125 1078 3179 inaxime

27 3214 123 3285 illud,
151 3207 232 3287 quod
247 3217 277 3264 et
290 3227 337 3264 me
349 3207 507 3283 plurimum
519 3206 653 3277 adducit,
674 3216 708 3263 ut
719 3225 795 3282 pene
808 3210 965 3279 assentiar,
978 3205 1077 3264 Plato-

28 3317 100 3354 nem
114 3298 239 3352 illorum
251 3293 392 3349 librorum
405 3299 557 3366 expertem
570 3308 631 3347 non
643 3291 752 3363 fuisse,
779 3291 856 3366 quod
873 3311 939 3350 eum
957 3291 995 3347 ad
1009 3309 1078 3348 san-

26 3392 114 3440 ctam
127 3378 256 3454 Moysen
269 3377 313 3433 ita
325 3375 414 3432 verba
427 3373 486 3430 Dei
498 3392 551 3450 per
563 3374 709 3453 Angelum
722 3373 925 3448 perferantur,
943 3383 977 3431 ut
989 3391 1077 3448 quae-

26 3468 112 3522 renti
127 3461 209 3540 quod
222 3461 262 3516 ait
275 3475 383 3516 nomen
397 3460 472 3530 eius,
486 3460 537 3534 qui
551 3475 617 3514 eum
630 3475 755 3536 pergere
767 3457 964 3532 praecipiebat
976 3455 1013 3513 ad
1025 3475 1077 3529 po-

24 3551 134 3624 pulum
146 3543 320 3604 Hebraeum
331 3561 370 3598 ex
381 3543 516 3620 Aegypto
534 3539 731 3611 liberandum,
756 3539 985 3615 respondeatur:
1012 3538 1077 3614 Ego

26 3653 97 3690 sam
111 3631 166 3709 pas·
178 3645 260 3703 ιιιιις
286 3637 316 3685 et
329 3625 408 3686 dioec
414 3625 496 3699 filiis
509 3621 620 3696 Iaratl,
649 3623 710 3696 Qua·
727 3634 788 3695 est,
805 3624 888 3679 misit
900 3641 945 3678 me
957 3622 999 3680 cd
1009 3641 1077 3696 coa‚·

26 3729 178 3792 tanquam
191 3714 225 3768 in
244 3711 308 3768 aius
328 3710 545 3788 comparatione
565 3711 617 3785 qui
629 3727 700 3766 rere
712 3707 839 3784 estquis
851 3706 1076 3764 incommutabi-

24 3801 62 3858 lis
81 3807 149 3870 ast,
173 3815 209 3853 ca
222 3811 299 3870 quae
311 3795 463 3852 mutabilia
476 3784 554 3850 facta
565 3803 635 3850 sunt
648 3811 709 3850 non
721 3793 796 3850 sint:
821 3787 1010 3850 vehementer
1023 3787 1077 3848 boc

24 3883 120 3941 Plato
133 3881 251 3952 tenuit,
275 3886 306 3935 ct
322 3875 548 3958 diligentissimo
567 3875 791 3936 commendavit.
812 3869 965 3935 Etneacio
979 3883 1076 3934 utrum
