2586 4396
247 176 310 234 DE
333 179 549 238 ClVlTATE
574 183 650 241 DEI
676 185 755 244 LlB.
777 189 867 247 XlV.
1032 195 1072 251 35

45 331 239 403 verecundia,
255 348 340 406 quam
353 334 525 406 eloquentia,
546 354 619 410 quae
632 337 714 393 nobis
728 357 828 413 parum
841 345 975 416 suppetit,
989 344 1072 402 adiu-

44 429 141 476 vetur.
173 415 252 472 Nam
265 433 330 470 cum
341 415 373 470 id
383 417 459 490 quod
472 419 547 491 dico,
561 437 615 475 nec
629 421 684 496 ipsi
698 425 811 496 experti
823 423 941 497 iruerint,
957 427 1007 501 qui
1020 447 1073 484 ex-

41 503 136 580 periri
149 508 325 574 potuerunt,
349 498 495 574 (quoniam
512 515 741 580 praeoccupante
759 517 877 580 peccato
891 510 1024 566 exsilium
1037 512 1072 566 dc

39 585 180 663 paradiso
195 593 264 638 ante
277 593 460 657 meruerunt,
480 605 564 662 quam
575 588 630 644 sibi
642 590 672 644 in
686 607 772 664 opere
786 592 926 648 serendae
937 596 1072 672 propagi-

41 673 92 728 nis
110 669 270 743 tranquillo
288 666 408 722 arbitrio
428 673 619 728 convenirent
626 669 655 751 ,‘)
677 673 818 746 quomodo
836 693 914 734 nunc
934 695 1001 732 cum
1018 679 1073 732 ista

42 760 318 822 commemorantur,
331 751 462 808 sensibus
477 757 605 811 occurrit
616 755 759 828 humanis,
773 759 830 813 nisi
843 761 1024 833 experientia
1037 761 1073 814 li-

42 837 155 894 bidinis
167 834 317 906 turbidae,
341 854 399 891 non
413 838 579 894 coniectura
592 840 721 912 placidae
733 839 910 897 voluntatirl
939 843 1017 899 llinc
1030 851 1074 898 est

45 920 125 996 quod
138 917 257 992 impedit
270 920 436 992 loquentem
447 921 554 995 pudor,
581 925 637 978 etsi
650 941 709 979 non
724 923 838 980 deficiat
849 928 925 982 ratio
939 929 1072 1004 cogitan-

44 1017 114 1060 tem.
149 1002 355 1058 Verumtamen
373 1006 564 1079 omnipotenti
579 1004 660 1079 Deo,
686 1025 796 1063 summo
814 1027 848 1064 ac
866 1027 975 1065 summe
995 1010 1072 1066 bono

43 1089 171 1144 creatori
186 1088 314 1141 omnium
327 1096 507 1160 naturarum,
534 1091 715 1146 voluntatum
728 1100 824 1146 autem
836 1093 977 1148 bonarum
990 1093 1071 1149 adiu-

42 1175 101 1228 tori
117 1190 156 1226 ae
172 1173 403 1242 remuneratori,
427 1175 566 1228 malarum
588 1183 684 1228 autem
705 1175 834 1230 relictori
852 1186 882 1230 et
899 1176 1071 1246 damnatori,

41 1267 233 1328 utrarumque
246 1253 421 1325 ordinatori,
444 1273 505 1311 non
519 1255 611 1311 defuit
623 1257 725 1331 utique
741 1260 911 1331 consilium,
936 1277 993 1333 quo
1009 1278 1071 1314 cer-

42 1351 108 1394 tum
122 1355 275 1394 numerum
288 1339 395 1394 civium
408 1340 439 1392 in
455 1357 506 1394 sua
520 1341 663 1414 sapientia
675 1341 920 1414 praedestinatum
934 1344 1021 1397 etiam
1035 1357 1072 1397 ex

44 1423 183 1478 damnato
197 1439 304 1498 genere
321 1419 446 1477 humano
466 1441 535 1478 suae
549 1422 682 1479 Civitatis
700 1425 845 1497 implerets
868 1445 928 1482 non
948 1443 995 1481 ecs
1014 1427 1071 1480 iam

40 1507 174 1576 meritis,
183 1503 302 1580 ¹quando
318 1505 434 1580 quidem
447 1508 584 1563 universa
602 1507 698 1562 massa
711 1517 848 1583 tanquam
862 1511 894 1565 in
908 1509 1010 1565 vitiata
1022 1527 1070 1564 ra-

41 1591 106 1646 dice
120 1589 257 1645 damnata
268 1598 323 1660 est,
337 1590 388 1645 sed
401 1592 496 1667 gratia
508 1591 694 1664 discernens3
708 1601 738 1646 et
750 1592 891 1648 libertatis
905 1611 964 1648 non
978 1593 1071 1647 solum

41 1675 78 1728 de
91 1675 175 1747 ipsis,
188 1691 289 1728 verum
303 1675 391 1728 etiam
401 1673 436 1728 de
447 1693 506 1730 non
516 1674 657 1744 liberatis,
671 1675 739 1750 quid
750 1677 792 1730 eis
805 1678 957 1754 largiatur,
971 1685 1070 1731 osten-

42 1757 126 1812 dens.
160 1755 227 1812 Non
242 1757 320 1812 enim
333 1756 443 1829 debita,
469 1757 520 1813 sed
533 1761 662 1836 gratuita
674 1760 803 1815 bonitate
816 1770 886 1816 arne
903 1777 935 1814 se
948 1761 1071 1834 quisque

41 1842 178 1920 agnoscit
196 1850 310 1913 erutum
330 1843 428 1912 malis,
450 1861 515 1898 cum
533 1842 569 1897 ab
587 1861 692 1898 eorum
705 1841 853 1900 hominum
870 1845 1017 1900 consortio
1038 1842 1071 1898 lit

40 1927 189 1994 humanis,
204 1943 269 1978 cum
283 1924 385 1998 quibus
397 1927 442 1980 illi
454 1927 532 1982 iusta
547 1935 624 1981 esset
636 1945 731 2000 poena
744 1929 911 1983 communis.
930 1926 988 1983 Cur
1001 1943 1071 2004 ergo

41 2028 100 2064 non
114 2017 229 2063 crearet
242 2005 333 2077 Deus,
347 2025 420 2081 quos
433 2019 602 2083 peccaturos
617 2029 681 2064 esse
694 2012 864 2084 praescivit3
878 2009 992 2084 quando
1006 2013 1071 2083 qui·

7 2094 106 2148 ‘'dem
119 2094 151 2147 in
165 2092 208 2145 eis
222 2099 252 2144 et
265 2107 301 2146 cx
315 2093 367 2162 eis,
382 2091 493 2165 etquid
506 2109 606 2149 eorum
617 2094 700 2166 culpa
712 2103 883 2163 mereretur,
898 2102 927 2147 et
939 2092 1008 2165 quid
1019 2109 1071 2146 sua

41 2178 140 2254 gratia
148 2175 316 2244 donaretur,
329 2184 429 2249 posset
442 2173 609 2245 ostendere,
623 2193 678 2230 nec
692 2175 743 2231 sub
757 2175 807 2230 illo
821 2183 952 2232 creatore
966 2191 999 2228 ac
1012 2173 1071 2228 dsi-

40 2260 173 2336 positore
184 2276 322 2333 perversa
343 2258 521 2314 inordinatio
542 2258 771 2334 delinquentium
793 2267 904 2314 rectum
923 2267 1070 2332 perverte-

40 2353 89 2400 ret
105 2341 236 2398 ordinem
249 2337 361 2398 reruml
449 2375 452 2379 ·
969 2354 971 2358 ’

383 2492 505 2550 CAP.
549 2491 725 2548 XXVll.

41 2591 84 2642 Dc
92 2591 287 2659 peccatoribus,
298 2599 325 2640 et
334 2589 448 2660 angelis,
459 2597 486 2640 et
496 2579 652 2651 bominibus,
662 2603 774 2656 poorum
780 2588 944 2654 perversitas
954 2605 1006 2640 oon
1012 2603 1072 2654 per·

367 2659 462 2712 turbat
473 2657 670 2746 providentiam
684 2655 747 2708 Dei.

107 2765 232 2824 Proinde
244 2778 425 2842 peccatores,
447 2775 475 2822 et
488 2767 604 2844 angeli,
624 2775 653 2820 et
667 2763 797 2820 homines
812 2764 885 2820 nibil
898 2773 1001 2842 agunt,
1016 2781 1071 2838 quo

42 2851 237 2926 impediantur
249 2871 358 2928 noegeo
372 2869 463 2928 opero
475 2848 605 2918 Domini,
621 2851 769 2926 exquisita
782 2851 813 2905 in
827 2866 922 2905 omncs
935 2848 1071 2904 colunto-

43 2947 89 2992 τοι
102 2938 174 2992 cius.
196 2937 342 3002 Quoniam
355 2937 405 3010 qui
417 2933 605 3010 providenter
617 2942 703 3008 atque
717 2935 930 3008 omnipotenter
943 2951 995 2988 sua
1009 2934 1070 2988 cui-

41 3039 97 3095 que
110 3019 271 3090 distribuit,
286 3037 345 3074 non
356 3019 551 3089 solumbonis,
565 3037 666 3074 verum
679 3017 766 3072 etiam
779 3019 861 3073 malis
875 3017 949 3073 bene
962 3019 1007 3072 uti
1019 3035 1072 3072 no-

41 3106 92 3160 vit.
125 3105 169 3160 Ac
186 3121 239 3178 per
255 3101 309 3158 hoe
327 3111 445 3177 propter
461 3104 597 3158 meritum
615 3102 725 3174 primae
742 3103 834 3157 malac
851 3102 1009 3158 voluntatis
1030 3103 1071 3156 ita

39 3189 179 3244 damnato
194 3195 282 3261 atque
295 3185 432 3242 obdurato
447 3187 551 3262 angelo
564 3187 649 3255 melo,
663 3187 763 3240 utiam
773 3186 879 3241 bonam
891 3187 1071 3240 voluntatem

39 3273 167 3328 ulterius
182 3289 243 3326 non
255 3269 385 3340 baberet,
398 3269 473 3324 bene
486 3276 571 3323 utens
586 3267 681 3336 Deus,
696 3285 748 3322 cur
761 3285 820 3322 non
834 3269 1024 3340 permitteret,
1039 3276 1072 3320 ut

39 3355 138 3410 abillo
151 3355 265 3430 primus
279 3352 374 3423 bomo,
388 3353 440 3427 qui
451 3361 560 3422 rectus,
573 3349 627 3406 hoc
640 3361 694 3419 est,
708 3351 801 3404 bonae
814 3352 973 3406 voluntatis
988 3367 1069 3404 crea·

36 3446 89 3492 tus
102 3437 207 3509 isserat,
221 3432 402 3493 tentaretur?
427 3434 548 3502 Quando
562 3433 679 3508 quidem
692 3434 735 3488 sic
748 3442 810 3488 erat
822 3434 985 3500 institutus,
999 3440 1032 3484 ut
1044 3431 1070 3482 si

37 3521 78 3575 de
93 3521 238 3578 adiutorio
253 3519 310 3576 Dei
323 3519 426 3575 fideret
437 3519 530 3575 bonus
544 3516 640 3588 homo,
655 3517 759 3572 malum
774 3516 911 3592 angelum
922 3515 1068 3569 vinceret:

36 3607 64 3660 si
76 3615 175 3661 autem
189 3613 353 3660 creatorem
366 3612 451 3678 atque
464 3601 628 3657 adiutorem
641 3601 735 3657 Deum
748 3599 869 3673 superbe
884 3598 940 3652 sibi
952 3594 1068 3670 placen-

36 3688 75 3746 do
91 3687 254 3758 desereret,
274 3688 456 3744 alliceretur:
482 3686 615 3740 meritum
628 3685 734 3739 bonum
746 3681 854 3738 habens
867 3683 899 3736 in
911 3679 1010 3735 adiuta
1024 3678 1067 3735 di·

35 3774 152 3830 vinitas
166 3772 322 3830 voluntate
335 3779 426 3840 recta,
446 3770 553 3824 malum
565 3786 634 3824 vero
647 3769 678 3821 in
693 3767 843 3824 deserente
856 3763 951 3822 Deum
963 3765 1053 3820 volun

33 3865 101 3912 tate
115 3873 263 3932 perversa.
296 3855 371 3920 Quia
383 3862 412 3908 et
426 3853 517 3928 ipsum
529 3850 618 3906 fidere
632 3850 667 3905 de
679 3849 824 3990 adiptorio
837 3849 908 3922 Dei,
932 3867 991 3906 non
1004 3848 1065 3923 qui-

760 3937 779 3990 2
