2586 4396
206 193 268 250 226
435 185 531 246 DlVl
552 183 741 242 svithan
761 179 1016 240 AVGVSTINl

209 353 239 400 et
251 339 318 400 ideo
331 337 502 419 purgandae
514 336 607 396 bonis
614 335 745 394 moribus
758 335 838 393 vitae
851 331 990 393 censebat
1006 335 1198 410 instandum,
1225 350 1261 398 ιιι

208 423 436 502 deprimentibus
450 421 621 480 libidinibus
634 415 813 478 exoneratus
825 419 940 476 animus
953 419 1081 478 naturali
1094 421 1209 499 vigore
1226 426 1261 482 in

208 520 329 568 aeterna
341 526 373 564 se
387 507 547 577 attolleret,
568 513 761 580 naturamque
772 503 940 578 incorporei
954 511 984 560 et
996 505 1261 564 incommutabilis

208 594 343 666 luminis,
369 591 420 647 ubi
439 607 543 648 causae
559 589 688 649 omnium
700 587 844 645 ismarum
856 594 1029 644 naturarum
1042 587 1193 645 stabiliter
1209 593 1262 648 vi-

209 686 300 749 vunt,
324 674 541 753 intelligentiae
559 673 686 750 puritate
707 672 898 746 conspiceret.
916 668 1051 728 ‘Constat
1063 690 1130 729 eum
1147 681 1263 732 tamen

207 761 411 836 imperitorum
430 757 586 814 stultitiam
604 757 681 814 scire
698 774 731 812 se
749 753 860 832 aliquid
884 754 1083 830 opinantium,
1107 757 1207 814 etiam
1228 761 1262 818 in

208 846 280 918 ipsis
294 842 453 900 moralibus
467 839 701 918 quaestionibus,
714 858 773 916 qno
785 843 879 900 totum
887 839 1016 896 animum
1026 836 1198 898 intendisse
1210 846 1262 901 vi-

209 927 348 998 debatur,
372 926 421 982 vel
434 921 570 985 confessa
580 925 750 1002 ignorantia
762 941 831 996 sne,
857 923 904 979 vel
917 921 1098 979 dissimulata
1110 924 1264 1000 scientia,

208 1013 309 1086 lepore
322 1009 451 1066 mirabili
469 1007 635 1065 disserendi
651 1017 682 1066 et
694 1007 864 1064 acutissima
876 1005 1043 1064 urbanitate
1057 1007 1197 1086 agitasse
1213 1021 1263 1068 at-

210 1113 267 1170 que
281 1111 425 1151 versasse.
447 1089 532 1150 Vnde
552 1100 583 1150 et
600 1091 757 1149 concitatis
775 1089 939 1148 inimicitiis
953 1091 1134 1147 calumniosa
1149 1095 1264 1151 crimi-

210 1179 333 1236 natione
345 1176 509 1248 damnatus,
523 1184 617 1234 morte
629 1177 767 1240 ιιιιιιιιιιιι
778 1182 832 1232 ιιι.
852 1170 912 1230 Sed
923 1189 988 1229 eum
998 1175 1100 1248 postea
1109 1176 1165 1232 ills
1176 1177 1264 1253 ipss,

209 1280 284 1338 quae
297 1261 413 1335 publice
427 1260 626 1332 damnaverat,
639 1257 863 1318 Atheniensium
873 1257 978 1314 civitas
988 1256 1103 1332 publice
1113 1259 1214 1332 luxit,
1230 1265 1265 1320 in

210 1345 282 1402 duos
295 1352 483 1410 accusatores
496 1344 667 1419 elususque
680 1343 752 1400 adeo
763 1342 863 1418 populi
875 1339 1081 1420 indignatione
1094 1360 1266 1421 conversa,

209 1439 243 1486 ut
257 1447 334 1486 unus
349 1445 452 1485 eorum
465 1439 623 1503 oppressus
636 1428 668 1484 vi
680 1425 878 1484 multitudinis
891 1425 1045 1496 interiret,
1069 1427 1182 1486 exsilio
1207 1449 1266 1490 au.

209 1523 269 1570 tem
281 1511 450 1570 voluntario
464 1519 553 1586 atquc
564 1519 703 1586 perpetuo
722 1527 848 1586 poenam
866 1508 991 1564 similem
1010 1509 1084 1565 alter
1101 1511 1265 1572 eraderet.

210 1595 286 1654 Tam
303 1595 455 1668 praeclara
474 1595 569 1671 igitur
586 1595 665 1650 vitse
689 1594 851 1668 mortisque
869 1591 946 1648 fama
964 1589 1102 1652 Socrates
1127 1597 1267 1674 reliquit

209 1679 352 1756 plurimos
364 1694 435 1733 suae
445 1674 644 1752 philosophiae
654 1686 828 1750 sectatores,
840 1693 964 1752 quorum
974 1678 1108 1732 certatim
1118 1681 1267 1740 studium

210 1763 267 1822 tuit
284 1764 316 1819 in
335 1761 540 1836 quaestionum
558 1761 714 1818 moralium
732 1759 944 1837 disceptatione
960 1762 1087 1833 versari,
1114 1761 1173 1820 ubi
1194 1769 1266 1844 agi-

209 1857 258 1904 tur
281 1845 316 1902 de
337 1843 556 1916 summobono,
582 1862 640 1921 qno
666 1841 732 1910 fieri
749 1842 835 1901 homo
860 1843 962 1900 beatus
984 1853 1089 1919 potest.
1120 1847 1218 1914 Quod
1233 1853 1267 1908 in

210 1928 345 1988 Socratis
356 1923 618 2002 disputationibus,
644 1925 713 1998 dum
726 1929 824 1987 omnia
836 1935 944 2000 moret,
970 1929 1086 1998 asserit,
1112 1929 1267 2006 destruit,

210 2015 350 2090 quoniam
362 2029 423 2069 non
434 2010 587 2070 evidenter
597 2013 747 2088 apparuit3
761 2011 838 2088 quod
849 2009 953 2088 cuique
961 2012 1081 2086 placuit,
1093 2013 1267 2074 indesum-

209 2107 323 2170 serunt,
338 2105 368 2154 et
380 2096 430 2152 ubi
443 2097 549 2172 cuique
561 2097 657 2155 visum
670 2105 727 2168 est,
743 2097 961 2154 constituerunt
972 2094 1061 2152 finem
1074 2095 1159 2155 boni.
1174 2099 1267 2160 Finis

210 2191 307 2239 autem
319 2181 392 2238 boni
404 2181 587 2255 appellatur,
598 2199 655 2256 quo
669 2181 793 2256 quisque
806 2197 874 2236 cum
885 2180 1063 2254 pervenerit,
1077 2179 1192 2241 beatus
1209 2199 1268 2244 est,

210 2263 261 2322 Sic
275 2275 372 2321 autern
385 2263 516 2330 diversas
531 2265 611 2323 inter
624 2282 656 2320 se
668 2261 814 2320 Socratici
828 2261 863 2319 de
877 2265 934 2320 isto
949 2261 1008 2322 fine
1022 2267 1195 2325 sententias
1210 2269 1268 2327 ha-

210 2348 353 2421 buerunt,
368 2357 402 2405 ut
415 2342 505 2422 (quod
517 2349 570 2404 vix
585 2347 725 2404 credibile
739 2355 794 2418 est,
808 2347 896 2406 unius
910 2347 1047 2425 magistri
1058 2351 1203 2422 potuisse
1219 2356 1267 2412 ia-

210 2450 277 2488 cere
292 2426 466 2508 sectatores)
483 2430 602 2506 quidam
616 2449 760 2487 summum
771 2430 881 2487 bonum
892 2449 957 2488 esse
970 2431 1102 2488 dicerent
1113 2435 1268 2514 volupta-

209 2524 279 2587 tem,
305 2517 384 2572 sicut
397 2514 577 2590 Aristippus3
591 2513 708 2592 quidam
721 2515 872 2587 virtutem,
886 2517 962 2572 sicut
975 2513 1183 2576 Antisthenes.
1212 2521 1268 2580 Sic

209 2599 261 2656 alii
274 2608 361 2676 atque
373 2599 425 2654 alii
438 2597 517 2656 aliud
531 2608 619 2675 atque
631 2596 712 2656 aliud
725 2598 838 2674 opinati
852 2608 933 2655 sunt:
953 2617 1027 2674 quos
1041 2619 1269 2664 commemora-

207 2701 240 2738 re
253 2685 375 2761 longum
388 2691 441 2738 est.

207 2859 251 2912 De
262 2860 412 2928 pescipere
426 2861 500 2916 inter
516 2859 639 2914 Socratis
653 2861 797 2930 discipulos
807 2863 938 2924 Platone,
957 2861 1005 2929 qai
1018 2876 1118 2914 omnem
1130 2863 1270 2931 philoso-

463 2929 559 2998 phiam
569 2931 675 3000 triplici
680 2933 835 3001 partitione
850 2931 984 2986 distinxit.

274 3017 334 3076 Sed
346 3021 425 3076 iuter
438 3019 600 3096 discipulus
615 3019 757 3097 Socratis,
772 3039 833 3080 non
844 3021 961 3098 quide'm
972 3023 1132 3096 immerito,
1150 3035 1270 3088 excel.

206 3103 371 3160 lentissima
384 3105 480 3181 gloria
494 3106 609 3179 claruit,
624 3109 674 3184 qui
688 3109 809 3166 omnino
823 3116 955 3164 caeteros
968 3107 1141 3164 obscuraret
1156 3109 1269 3172 Plato.

206 3188 265 3254 Qui
278 3185 344 3244 oum
357 3197 436 3244 esset
448 3186 646 3264 Atheniensis,
660 3190 785 3249 honesto
796 3189 872 3264 apud
885 3209 954 3248 suos
966 3193 1032 3248 loco
1042 3201 1144 3265 natus,
1160 3207 1200 3254 et
1214 3201 1271 3258 in.

206 3272 297 3347 genio
310 3272 437 3328 mhabili
449 3275 538 3352 longe
553 3293 623 3332 suos
638 3276 854 3349 condiscipulos
868 3277 1009 3348 anteiret,
1027 3293 1132 3350 parum
1149 3287 1270 3342 tamen

206 3363 313 3430 putans
326 3355 521 3430 perficiendae
532 3357 733 3434 philosophiae
746 3357 882 3416 sufficere
900 3377 933 3416 se
951 3362 1047 3435 ipsum
1063 3377 1099 3416 ae
1112 3357 1271 3424 Socrati-

206 3456 270 3496 cam
283 3431 485 3514 disciplinam,
512 3461 600 3518 quam
615 3445 705 3520 longe
724 3445 840 3518 lateque
858 3445 956 3519 potuit
967 3444 1182 3521 peregrinatus
1201 3463 1270 3524 et,
1285 3437 1286 3440 ¹

206 3531 442 3599 quaquaversum
464 3545 532 3582 eum
555 3526 678 3582 alieuius
703 3526 857 3583 nobilitate
878 3526 1021 3584 scientiae
1037 3529 1270 3602 percipiendae

206 3605 284 3662 fama
306 3606 446 3681 rapiebat.
473 3607 575 3684 ltaque
593 3617 623 3663 et
644 3611 676 3663 in
696 3609 831 3687 Aegypto
853 3609 955 3668 didicit
972 3628 1170 3688 quaecunque
1195 3620 1286 3680 illic,

206 3707 314 3765 magna
326 3688 509 3751 habebantur
521 3701 608 3768 atque
621 3690 811 3765 docebantur,
830 3704 861 3751 et
871 3693 940 3750 inda
953 3697 985 3752 in
998 3713 1047 3751 eas
1060 3694 1168 3752 ltaliae
1185 3720 1271 3776 par.
1285 3737 1286 3760 ι

204 3780 250 3826 ιιι
264 3773 387 3830 veniens
414 3775 464 3829 ubi
477 3773 747 3852 Pythagoraeorum
770 3777 848 3833 fama
870 3779 1079 3851 celebrabatur,
1106 3781 1286 3862 quicquidl

206 3849 324 3912 italicae
337 3854 536 3932 philosophiae
549 3867 619 3915 tune
632 3857 771 3932 florebat,
785 3860 892 3917 auditis
907 3862 1149 3920 eminentioribus
1167 3868 1211 3926 in
1231 3894 1286 3942 ea,
