2590 4396
227 197 283 251 roc
457 185 555 245 nrvr
578 150 766 244 lvuamr
789 178 1041 238 lvcvsrmu

224 340 365 419 quaedam
378 341 444 397 illos
458 339 550 396 luisse
562 336 713 403 mentitos,
727 333 802 388 aliae
812 330 960 392 fideliores
970 331 1073 386 literae
1085 328 1287 388 ostendunt:

224 434 341 482 constat
354 433 452 480 tamen
466 432 496 478 et
513 423 591 476 inter
606 419 680 474 alios
700 417 877 489 scriptores,
902 431 1028 491 regnum
1040 413 1237 487 Assyriorum
1255 432 1280 470 a

222 508 305 566 Nino
319 526 390 586 rege
404 507 496 562 fuisse
509 505 597 578 longe
610 503 727 573 lateque
739 507 915 574 porrectum.
930 496 1005 554 Tam
1018 496 1068 552 diu
1080 506 1178 552 autem
1190 514 1287 570 per-¹

223 593 381 661 severarit,
395 597 428 644 ut
440 587 603 645 Romanum
616 582 747 640 nondum
757 584 796 638 sit
809 583 871 637 eius
881 581 996 636 aetatis·
1010 579 1086 638 Nam
1097 579 1173 634 sicut
1183 581 1278 634 scri-

222 679 306 744 bunt,
321 673 371 748 qui
385 669 555 727 chronicam
564 666 719 722 historiam
728 665 876 739 persecuti
890 671 969 734 sunt,
983 664 1063 718 mille
1077 661 1220 718 ducentos
1238 673 1280 718 et

223 755 418 834 quadraginta
442 769 535 808 annos
555 751 590 806 ab
612 767 690 805 anno
711 750 806 822 primo
828 765 885 822 quo
900 744 996 802 Ninus
1010 762 1137 824 regnare
1151 746 1280 818 coepit,

222 837 384 914 permansit
396 833 448 889 bot
462 851 599 910 regnum,
625 832 718 887 donec
730 830 943 886 transferretur
957 829 994 885 ad
1007 827 1117 885 Medos.
1144 825 1281 882 Inferre

223 929 319 976 autem
331 907 408 974 bella
422 916 568 986 finitimis,
592 923 622 970 et
636 914 705 970 inde
717 916 749 970 in
764 922 881 968 caetera
893 911 1066 987 procedere,
1091 923 1125 968 at
1137 911 1280 984 populos

223 1003 278 1058 sibi
292 1019 353 1056 nou
368 1001 506 1055 molestos
521 999 583 1054 sola
606 998 694 1074 regni
714 996 874 1069 cupiditate
898 1004 1052 1053 conterere
1072 1001 1102 1050 et
1124 991 1281 1064 subdere,

223 1083 291 1158 quid
305 1081 384 1139 aliud
398 1099 484 1156 quam
497 1080 609 1158 grande
623 1081 812 1136 latrocinium
824 1076 1035 1134 nominandum
1049 1072 1113 1132 esti
1286 1101 1287 1152 q

619 1230 742 1289 car.
785 1229 870 1304 vrr.

223 1333 266 1384 An
281 1347 367 1400 regua
383 1339 492 1382 terrena
503 1329 576 1380 inter
588 1327 729 1398 profectus
743 1342 803 1376 suos
818 1333 899 1393 alque
915 1325 1035 1396 desectus
1052 1325 1159 1374 deorum
1170 1328 1218 1375 vel
1231 1327 1285 1376 ιἰι-

517 1406 614 1450 centur
623 1399 665 1449 oel
676 1397 836 1448 deserantur
846 1393 958 1446 auxilio.

288 1505 323 1562 Si
335 1503 416 1560 nullo
431 1503 551 1558 deorum
564 1501 709 1558 adiutorio
724 1510 784 1556 tam
796 1519 935 1578 magnum
947 1497 1004 1555 hoc
1016 1514 1143 1577 regnum
1154 1506 1186 1553 et
1195 1517 1282 1572 pro-

223 1591 318 1644 lixum
331 1587 398 1656 luit,
425 1603 515 1660 quare
528 1583 584 1638 diis
598 1583 738 1640 Romanis
752 1583 890 1639 tribuitur
903 1581 1068 1639 Romanum
1080 1599 1209 1658 regnum
1224 1585 1282 1639 lo-

224 1673 267 1726 cis
281 1669 407 1742 amplum
421 1666 656 1741 temporibusque
672 1661 858 1722 diuturnum?
874 1668 1070 1740 Quaecunque
1085 1663 1162 1719 enim
1176 1683 1283 1724 causa

226 1761 271 1808 est
283 1753 345 1822 illa,
361 1749 521 1804 eademest
533 1749 621 1804 etiam
635 1749 700 1804 ista.
727 1746 762 1804 si
774 1757 872 1804 autem
886 1757 916 1804 et
927 1746 1000 1804 illud
1013 1747 1133 1803 deorum
1146 1745 1281 1804 adiuto-

224 1837 270 1891 rio
283 1832 469 1888 tribuendum
492 1850 556 1887 esse
579 1830 770 1903 contendunt,
795 1849 903 1906 quaero
928 1825 1068 1906 quorumi
1093 1827 1160 1886 Non
1185 1833 1287 1888 enirn

225 1919 300 1974 aliae
314 1923 430 1993 gentes,
446 1933 516 1990 quas
531 1913 626 1970 Ninus
640 1913 752 1970 domuit
765 1922 794 1970 et
807 1913 933 1992 subegit,
958 1913 1031 1969 alios
1045 1921 1114 1968 tsrnc
1128 1912 1284 1972 colebant

226 2000 304 2056 deos.
331 1999 389 2054 Aut
402 1999 427 2052 si
440 1999 572 2072 proprios
585 1996 750 2054 babuerunt
761 1997 887 2073 Assyrii,
902 1997 984 2073 quasi
996 1996 1151 2070 peritiores
1164 1995 1287 2056 fabros

226 2083 342 2157 imperii
356 2079 544 2136 construendi
558 2091 644 2156 atque
658 2079 811 2152 servandi,
839 2077 1049 2156 numquidnam
1061 2079 1168 2134 mortui
1183 2091 1287 2152 sunt„

226 2163 341 2240 quando
356 2172 386 2218 et
398 2164 454 2238 ipsi
466 2164 619 2238 imperium
631 2162 833 2238 perdiderunt,
847 2172 897 2218 aut
909 2161 1041 2218 mercede
1052 2179 1112 2218 non
1126 2159 1183 2215 sibi
1196 2164 1287 2219 red-¹

226 2247 298 2316 dita,
324 2247 372 2302 vel
385 2247 443 2301 alia
456 2247 598 2319 promissa
612 2247 739 2317 maiore,
763 2245 800 2302 ad
820 2245 920 2302 Medos
939 2246 1066 2301 transire
1085 2245 1280 2320 maluerunt,

225 2338 312 2404 atque
326 2327 395 2384 inde
408 2345 508 2382 rursus
522 2328 559 2384 ad
571 2327 694 2400 Persas,
720 2327 798 2404 Cyro
812 2329 957 2386 invitante
970 2337 999 2384 et
1012 2325 1121 2402 aliquid
1134 2344 1280 2386 commo-

226 2412 290 2468 dius
304 2405 480 2486 pollicente?
507 2412 589 2477 Quae
602 2429 676 2488 gens
690 2430 751 2468 non
763 2412 896 2490 augustis
912 2411 1043 2468 Orientis
1057 2409 1174 2480 linibus,
1199 2425 1282 2484 post

225 2493 387 2552 Alexandri
400 2491 568 2550 Macedouis
582 2512 707 2571 reguum
722 2513 860 2572 magnum
875 2495 956 2566 locis,
983 2494 1034 2549 sed
1059 2493 1287 2554 brevissimum

225 2587 366 2652 tempore,
380 2577 412 2631 in
426 2593 479 2632 suo
492 2594 586 2654 reguo
600 2575 692 2633 adhuc
705 2596 796 2654 usque
809 2577 956 2653 perdurat.
975 2575 1040 2632 Hoc
1053 2577 1079 2632 si
1092 2577 1132 2630 ita
1144 2584 1202 2647 est,
1215 2591 1283 2636 aut

225 2658 360 2717 infideles
374 2659 416 2714 dii
429 2668 508 2730 sunt,
534 2661 584 2734 qui
597 2678 664 2716 suos
679 2659 831 2732 deserunt,
859 2670 888 2716 et
912 2659 949 2716 ad
971 2659 1069 2716 hostes
1092 2667 1287 2740 transeuntq

225 2737 303 2818 quod
317 2759 372 2796 nec
385 2740 470 2797 homo
484 2741 556 2797 fecit
568 2741 718 2816 Camillus,
733 2743 849 2820 quando
862 2745 955 2800 victor
969 2753 998 2799 ct
1012 2749 1196 2818 expugnator
1211 2741 1287 2820 sad-i

222 2825 410 2880 versissimae
436 2825 576 2895 civitatis,
604 2824 736 2898 Romam,
764 2827 812 2882 eui
837 2828 958 2898 vicerat,
985 2827 1077 2882 sensit
1100 2826 1287 2900 ingratam„

224 2923 310 2980 quam
322 2913 420 2960 tamen
433 2917 534 2980 postea
546 2907 651 2964 oblitus
665 2909 802 2980 iniuriae,
816 2927 926 2966 memor
938 2911 1044 2983 patria,
1063 2926 1080 2964 a
1094 2906 1189 2963 Gallis
1204 2910 1287 2988 ἰῐιι-1

222 3006 288 3043 rum
301 2987 450 3046 liberavit:
465 2999 588 3046 autnon
602 2992 643 3048 ita
655 2990 745 3048 sortes
759 3000 838 3062 sunt,
852 3000 885 3047 ut
897 2991 966 3048 deos
981 3010 1045 3048 esse
1058 2991 1149 3047 fortes
1164 2988 1276 3068 decet,

224 3071 272 3144 qui
288 3079 409 3143 possunt
422 3069 555 3129 humanis
568 3075 616 3129 vel
628 3075 759 3130 consiliis
774 3076 819 3130 vel
833 3075 944 3132 viribus
956 3075 1046 3132 vinci.
1084 3074 1143 3130 Aut
1155 3074 1181 3128 si
1195 3093 1276 3135 cunr

223 3153 300 3208 iuter
314 3170 345 3207 se
358 3152 548 3230 belligerant,
575 3175 635 3213 uon
649 3156 691 3212 dii
704 3157 739 3213 ab
752 3155 932 3227 hominibus,
956 3158 1008 3213 sed
1021 3157 1063 3212 dii
1073 3157 1109 3213 ab
1122 3157 1189 3212 aliis
1204 3157 1275 3218 diis

223 3235 299 3291 sorte
312 3236 481 3308 vincuntur,
499 3239 548 3312 qui
562 3247 631 3294 sunt
643 3257 820 3314 quarumque
834 3241 945 3314 proprii
959 3243 1124 3310 civitatum3
1150 3237 1287 3314 babentq

223 3337 294 3396 ergo
309 3328 339 3374 ct
352 3320 407 3392 ipsi
422 3321 499 3376 inter
512 3339 543 3376 se
557 3322 743 3394 inimicitias,
763 3340 834 3398 quas
844 3341 900 3397 pro
914 3341 966 3379 sua
980 3325 1101 3399 quisque
1110 3329 1197 3396 parte
1211 3341 1287 3394 ιιι-ι

221 3403 357 3476 acipiunt.
384 3401 451 3458 Non
476 3405 574 3478 itaque
600 3403 669 3460 deos
683 3423 750 3461 suos
776 3405 875 3462 debuit
901 3409 997 3463 colere
1023 3407 1126 3462 civitas
1152 3409 1287 3482 magiam

222 3503 307 3559 quam
321 3486 393 3540 alios
407 3486 541 3560 aquibus
555 3485 763 3544 adiuvarentur
777 3489 830 3543 sui.
862 3487 1013 3546 Postremo
1036 3506 1151 3563 quoquo
1173 3491 1273 3550 modo

221 3585 252 3621 sc
264 3565 369 3622 habeat
382 3567 502 3623 deorum
516 3569 571 3624 iste
585 3571 631 3626 vel
644 3571 795 3641 transitus,
817 3572 866 3627 vel
878 3571 965 3649 fuga,
989 3575 1037 3629 vel
1049 3571 1199 3648 migratio,
1213 3579 1272 3631 vel

222 3650 358 3724 inpugna
368 3648 504 3720 delectio,
516 3651 645 3708 nondum
655 3653 713 3707 illis
724 3653 901 3726 temporibus
909 3664 995 3731 atquc
1003 3657 1034 3710 in
1046 3655 1104 3709 illis
1116 3663 1287 3716 terrarum

220 3730 350 3802 partibus
365 3729 473 3788 Christi
487 3751 593 3790 nomen
609 3734 705 3790 fuerat
717 3735 931 3808 praedicatum,
957 3735 1072 3812 quando
1097 3738 1149 3792 illa
1166 3754 1287 3814 regna1

219 3828 272 3883 per
286 3811 421 3888 ingentes
435 3815 553 3872 bellicas
567 3817 663 3872 clades
681 3819 787 3876 amissa
807 3827 894 3892 atque
916 3822 1057 3876 ususlata
1076 3829 1153 3876 sunt.
1186 3819 1275 3881 Nam
