2530 4392
239 233 303 289 270
477 223 579 288 DlVl
603 221 792 286 svumss
815 221 1070 286 avuvsuml

240 381 284 440 Ad
298 379 350 440 hos
364 389 461 438 autem
474 378 549 467 ¹fissos
558 377 743 439 bonorumet
753 376 908 449 malorum,
921 377 988 438 illos
1001 375 1181 452 expetendos,
1190 377 1233 436 isto

241 463 407 535 cavendos,
434 465 574 540 quoniam
594 481 647 538 per
660 461 802 522 iudicium
814 461 984 522 accedunt
995 460 1031 522 ad
1050 463 1116 522 illos
1128 461 1200 533 lori,
1217 461 1233 518 cl

240 553 314 608 istos
328 549 411 621 mali;
438 548 474 606 do
487 546 542 606 hoc
555 545 680 618 iudicio,
694 554 836 622 quantum
848 543 931 604 Deus
945 541 1115 618 donaverit,
1128 547 1156 602 in
1168 564 1233 602 corso

239 635 343 708 quanti
356 633 505 690 volumine
523 630 684 706 disputabo.

240 793 470 816 mmm
477 789 1232 818 WWWWWWWWWWW

434 919 636 996 LIBER
699 919 1092 996 Vlussles

622 1103 830 1170 clrvr
884 1105 906 1164 ι

242 1204 321 1271 Quod
332 1205 454 1276 quamvis
465 1204 538 1262 ononi
553 1214 671 1274 tempore
682 1202 757 1258 Dour
771 1203 889 1268 iudicet,
907 1203 938 1256 ia
952 1203 1001 1260 too
1016 1201 1233 1260 ramaslaun

425 1275 531 1328 alarimo
542 1274 599 1330 eiua
609 1274 710 1328 iudicio
720 1284 760 1328 eet
771 1271 884 1344 proprie
900 1273 1101 1342 disputandum.

240 1365 303 1447 Dc
317 1382 365 1440 die
378 1384 474 1440 ultimi
487 1381 590 1440 iudicii
602 1381 677 1455 Dei,
691 1381 768 1459 quod
781 1382 844 1456 ipsc
857 1379 1029 1454 donaverit,
1043 1381 1176 1450 locuturi,
1188 1393 1233 1432 cro

241 1488 299 1546 que
312 1469 456 1525 asserturi
469 1467 609 1526 adversus
622 1468 727 1542 impios
742 1474 771 1522 et
782 1463 968 1536 incredulos,
994 1474 1134 1542 tanquam
1149 1467 1174 1522 in
1188 1457 1233 1516 red·

241 1553 303 1610 licii
315 1551 507 1608 fundamento
523 1553 605 1626 prius
618 1569 729 1626 ponere
743 1549 914 1606 testimonia
927 1548 1027 1606 divina
1039 1550 1174 1607 debemus.
1192 1541 1232 1607 dl*

241 1636 295 1692 bus
309 1636 360 1709 qui
375 1635 484 1690 nolunt
497 1633 635 1707 credere,
659 1633 796 1690 humanis
812 1633 986 1689 ratiunculis
999 1631 1085 1692 falsis
1098 1643 1174 1707 atquo
1184 1625 1232 1683 salit

241 1716 323 1772 eilrus
347 1719 555 1774 contravenire
577 1727 725 1775 conantur
747 1717 784 1774 ad
806 1715 876 1787 hoc,
902 1725 936 1772 ut
954 1725 1006 1772 aut
1021 1709 1232 1792 cundrignifioo

241 1797 423 1856 contendant
443 1800 521 1875 quod
538 1797 694 1856 adhibetur
713 1801 916 1856 testimonium
937 1799 972 1857 dc
984 1801 1083 1858 literis
1098 1799 1189 1865 sacris,
1206 1800 1233 1844 ill

241 1883 362 1939 omnino
379 1881 523 1940 divinitus
544 1900 609 1939 csse
629 1883 740 1940 dictum
757 1893 879 1961 nogent.
924 1882 1000 1940 Nam
1019 1887 1132 1942 nullum
1143 1876 1231 1936 existo

242 1984 307 2021 esse
319 1967 505 2038 mortalium,
520 1966 570 2042 qui
585 1985 651 2022 cum
665 1984 719 2037 ea,
733 1966 812 2022 sieut
824 1966 904 2022 dicta
917 1976 1002 2038 sunt,
1015 1965 1232 2029 intellexerim(²

207 2050 209 2054 ’
241 2067 355 2106 summo
374 2045 409 2106 ao
425 2068 496 2106 vero
515 2049 580 2107 Deo
598 2068 652 2126 per
672 2050 784 2106 animas
803 2059 921 2105 sanctas
939 2049 1017 2106 dicta
1030 2070 1097 2108 esse
1114 2039 1230 2105 crediderit.

241 2152 302 2191 non
317 2134 359 2189 eis
373 2132 458 2189 cedat
470 2142 557 2209 atquc
567 2134 747 2190 consentiat:
775 2135 837 2190 sive
850 2132 880 2188 id
894 2134 980 2188 etiarn
999 2153 1051 2190 ore
1067 2135 1187 2198 fateatur,
1197 2124 1230 2178 siu

242 2217 341 2293 aliquo
353 2218 426 2274 vitio
439 2215 527 2273 lateri
539 2216 710 2288 erubescat,
736 2225 787 2272 aut
799 2225 931 2288 metuat3
955 2219 1003 2274 vel
1016 2221 1105 2274 ctiam
1117 2205 1229 2292 [territet1¹¹

242 2301 391 2356 simillima
403 2301 556 2372 insaniae,
569 2299 601 2358 id
613 2299 692 2376 quod
704 2299 809 2360 salsum
824 2318 889 2358 ease
901 2301 985 2360 novit
997 2311 1050 2360 aut
1063 2300 1158 2367 credit,
1169 2299 1229 2352 corto

241 2383 272 2440 id
284 2381 362 2458 quod
374 2401 477 2440 rerum
490 2401 555 2442 ausc
568 2386 652 2443 norit
664 2393 715 2442 aut
728 2383 832 2457 credit,
848 2385 939 2443 etism
950 2370 1229 2444 contentiosissimis

242 2466 359 2524 feudare
377 2468 524 2524 moliatur.

303 2549 387 2619 Quod
401 2569 472 2630 ergo
486 2553 517 2609 in
530 2552 716 2610 confessione
728 2570 763 2610 ac
775 2551 960 2626 professione
973 2561 1058 2610 tenet
1070 2549 1158 2610 omnis
1167 2539 1229 2602 End*

240 2637 285 2692 sia
297 2633 356 2692 Dei
367 2637 444 2708 reri,
458 2634 606 2694 Christum
620 2636 655 2694 de
669 2638 752 2694 coelo
766 2653 830 2692 esse
841 2644 999 2694 venturum
1011 2636 1051 2694 od
1061 2638 1139 2695 viros
1148 2648 1175 2688 at
1184 2637 1229 2716 ulf·

240 2729 306 2776 tuos
320 2718 510 2792 iudicandos,
535 2719 614 2778 hunc
626 2719 721 2780 divini
734 2719 835 2779 iudicii
848 2721 982 2778 ultimum
995 2719 1074 2777 diem
1087 2719 1200 2780 dicimus,
1213 2697 1229 2763 d

241 2813 297 2874 est,
311 2805 503 2861 novissimum
515 2813 640 2880 tempus.
684 2803 759 2862 Nam
771 2821 825 2877 per
836 2813 907 2878 quot
917 2803 978 2860 dies
991 2801 1048 2862 hoa
1061 2803 1183 2862 iudicium
1192 2801 1228 2846 tw

241 2886 341 2956 datur,
367 2887 511 2944 incertum
528 2897 589 2944 est:
615 2886 667 2944 sed
683 2886 900 2963 seripturarum
918 2905 1000 2945 more
1019 2897 1172 2946 sanctarum
1185 2873 1226 2930 (15⁶

239 2968 312 3042 poni
330 2969 425 3024 solere
444 2987 497 3042 pro
515 2980 661 3044 ternpore,
685 2991 771 3029 nemo
789 2972 839 3047 qui
857 2973 923 3030 illas
941 2971 1044 3028 literas
1058 2965 1227 3051 quamlibd'll

240 3051 390 3128 gligenter
402 3053 526 3128 legerit,
540 3055 644 3110 nescit.
687 3054 756 3112 Ideo
769 3064 867 3112 autam
880 3073 946 3112 oum
958 3055 1038 3112 diem
1050 3051 1146 3113 indicii
1155 3033 1226 3128 Dcid

240 3135 350 3206 cimus,
365 3133 497 3192 addimur
512 3137 647 3194 ultimum
659 3141 706 3196 vel
719 3140 925 3210 novissimum
940 3140 1007 3214 quia
1022 3149 1054 3196 ct
1067 3155 1140 3196 nunc
1150 3125 1226 3195 iudiffil

239 3229 270 3274 et
282 3219 317 3275 ab
331 3217 450 3276 humani
464 3223 582 3298 generis
595 3223 682 3280 initio
696 3223 851 3294 iudicavit,
870 3221 1020 3280 dimittens
1032 3223 1070 3280 de
1082 3203 1225 3298 prndium(

239 3305 352 3382 aligno
367 3305 446 3361 vitae
458 3323 598 3381 separans
612 3309 721 3382 primos
738 3305 872 3364 homines
888 3308 1002 3381 peceati
1014 3306 1113 3386 magni
1123 3283 1225 3377 ιιοῐΡθΜ

239 3397 332 3446 tores:
344 3389 403 3445 imo
418 3390 506 3445 etiam
520 3390 636 3465 quando
649 3392 764 3469 angelis
777 3391 965 3464 peccantibus
978 3409 1037 3448 nou
1051 3383 1172 3465 pepercit,
1182 3383 1224 3481 (ἰῇ

239 3491 303 3528 rum
315 3474 451 3548 princeps
466 3471 599 3530 homines
616 3493 635 3531 a
651 3493 684 3531 sa
701 3477 765 3548 ipso
779 3474 936 3530 subversus
950 3473 1107 3532 invidendo
1119 3453 1223 3552 sulvtffd

241 3559 344 3629 procul
366 3555 453 3614 dubio
476 3558 628 3615 iudicavit.
671 3559 734 3615 Nec
748 3560 813 3614 sinc
827 3559 906 3614 illius
927 3559 985 3614 alto
1004 3558 1133 3631 iustoque
1148 3495 1223 3626 iudai

241 3647 270 3692 et
284 3641 315 3695 in
329 3640 383 3696 hoc
395 3643 475 3698 aerio
489 3643 585 3714 coelo,
613 3643 687 3698 etin
705 3643 810 3712 terris,
836 3651 866 3698 et
886 3639 1062 3698 hamanum
1082 3649 1109 3695 et
1122 3625 1193 3690 homin

243 3721 405 3778 miserrima
417 3726 479 3780 vita
496 3734 543 3781 cst
560 3725 709 3782 erroribus
727 3726 933 3799 aerumnisque
946 3726 1121 3800 plenissima
1155 3708 1184 3764 γ’

241 3799 298 3850 etsi
311 3815 395 3856 nemo
408 3818 577 3879 peccasset,
591 3827 652 3865 non
666 3809 730 3864 sine
743 3808 820 3864 bono
836 3816 977 3882 rectoque
987 3807 1095 3863 iudicio
1106 3779 1221 3920 univffln

241 3879 413 3936 rationalem
437 3898 601 3946 creaturam
623 3891 915 3965 persacratissima
936 3889 1126 3950 uninomina
1142 3891 1180 3935 ¹¹¹⁰

1217 4075 1219 4201 l

1212 4209 1218 4367 l
