2586 4396
194 181 256 238 ιιι)
421 169 519 232 DIVI
539 166 724 230 AVRELII
744 163 997 226 AVGVS'I'INI

195 327 336 408 quosdam
356 323 539 395 nescientes,
566 321 597 380 id·
614 319 692 398 qued
710 337 747 376 ex
765 317 894 376 adventu
907 317 1017 376 Christi
1034 336 1132 395 usque
1148 339 1263 380 nune

196 425 226 471 et
251 413 386 485 deinceps
412 408 528 486 agitur,
552 406 809 481 praenuntiaretur
835 421 901 459 esse
915 411 1099 460 uenturum:
1126 421 1265 478 sparsa

197 499 285 554 etiam
306 501 374 570 post
391 491 492 548 eadem
510 497 599 568 gente
617 507 669 564 per
682 496 786 567 gentes
798 495 917 562 propter
929 487 1134 544 testimonium
1148 485 1263 547 Scri-

195 589 363 657 pturarum,
377 573 482 652 quibus
495 581 615 631 aeterna
629 573 709 630 salus
721 573 754 628 in
767 568 883 628 Christo
896 569 996 628 futura
1008 569 1164 645 praedicta
1187 585 1263 631 est.

197 663 307 722 Omnes
322 660 400 720 enim
412 676 474 716 nou
487 658 583 714 solum
595 655 780 732 prophetiae,
806 654 928 728 quaein
946 654 1044 711 uerbis
1060 663 1151 726 sunt3
1188 676 1265 716 nco

160 813 162 817 ,
197 755 312 805 tantum
323 750 479 820 praecepta
490 742 585 812 vitae,
611 758 686 816 quae
703 756 799 796 mores
817 739 1014 814 pietatemque
1031 737 1263 813 conformant,

197 838 286 905 atque
299 829 358 883 illis
370 826 465 882 literis
477 825 683 894 continentum
708 841 812 880 uerum
825 822 913 877 etiam
926 839 1026 894 sacra,
1053 821 1263 896 sacerdotia,

198 913 436 982 tabernaculum,
457 909 519 966 sive
532 909 687 983 templum,
706 907 828 977 altaria,
849 905 1010 976 sacrificia,
1035 909 1264 982 ceremoniae,

197 998 258 1053 dies
271 995 355 1066 festI,
384 1002 414 1050 ct
427 989 566 1069 quicquid
579 989 660 1048 aliud
673 990 784 1048 adeam
797 990 970 1046 servitutem
986 991 1131 1064 pertinet,
1162 1009 1264 1066 quae

197 1080 262 1138 Deo
274 1074 411 1150 debetur,
438 1086 468 1134 et
481 1075 596 1136 Graece
608 1075 727 1150 proprie
745 1066 866 1154 λατρεία
884 1070 1008 1142 dicitur,
1032 1092 1066 1130 ea
1079 1073 1264 1151 signififfl.

200 1171 307 1222 rerunt
319 1171 349 1218 et
360 1161 664 1236 praenuntiaverunt,
678 1176 753 1234 quae
764 1167 883 1233 prepter
893 1166 1042 1214 aeternum
1054 1158 1153 1214 vitam
1167 1157 1264 1216 fide-

198 1248 269 1304 lium
280 1247 313 1303 in
326 1243 443 1302 Christo
457 1253 487 1300 et
505 1245 625 1318 impleta
644 1242 805 1314 eredimus,
832 1249 862 1298 et
879 1241 993 1316 impleri
1012 1242 1186 1315 cernimus,
1225 1255 1266 1302 et

198 1329 343 1406 implenda
355 1326 538 1390 confidimus.
605 1405 608 1411 Ι

530 1477 654 1540 CAP.
696 1475 902 1536 XXXIII.

201 1577 279 1644 Quod
283 1592 335 1646 per
343 1579 427 1630 solam
439 1573 626 1628 Christianam
635 1574 793 1646 religionem
803 1572 979 1646 manuferens
985 1570 1266 1644 potneritfallacia

293 1646 441 1714 spirituum
451 1645 644 1715 malignorum,
664 1645 838 1698 dehominum
848 1660 940 1696 errore
950 1642 1143 1714 gaudentium.

266 1753 324 1810 Per
340 1751 418 1810 hene
433 1769 505 1812 uero
522 1753 698 1831 religionem
716 1771 804 1810 unam
822 1761 852 1810 et
874 1770 974 1809 reram
996 1751 1091 1826 potuit
1114 1753 1266 1826 aperiri,

201 1839 269 1896 deos
283 1838 416 1916 gentium
429 1853 494 1894 esse
506 1835 754 1894 immundissimos
769 1836 942 1907 daemones,
961 1835 1015 1892 sub
1029 1833 1267 1896 deiunctarmn

201 1920 405 1981 occasionibus
432 1919 596 1978 animorum
614 1922 664 1978 vel
678 1931 881 1978 creaturarum
906 1921 1002 1994 speeie
1019 1917 1269 1980 mundanarum

201 2005 270 2062 deos
287 2024 319 2064 se
331 1992 429 2080 putari
442 2005 611 2080 cupientes,
633 2012 663 2060 ct
675 2004 760 2080 quasi
773 2001 881 2060 divinis
894 2002 1054 2060 honoribus
1066 1999 1268 2080 eisdemque

202 2091 333 2148 scelestis
347 2107 381 2145 ee
394 2088 528 2164 turpibus
542 2088 628 2145 rebus
642 2087 766 2167 superba
778 2087 948 2162 impuritate
959 2088 1119 2158 laetantes,
1153 2096 1268 2164 atque

203 2173 240 2230 nd
252 2192 356 2232 verum
368 2171 466 2230 Deum
479 2173 702 2229 conversionem
719 2169 855 2228 humanis
868 2172 974 2228 animis
988 2169 1176 2228 inridentes.
1204 2171 1269 2232 Ex

203 2275 326 2334 quorum
342 2257 553 2312 immanissimo
573 2265 603 2312 et
620 2255 793 2332 impiissime
812 2253 965 2312 dominatu
982 2252 1067 2312 ho'mo
1080 2253 1269 2332 liberatur,

204 2359 271 2398 cum
284 2338 377 2396 credit
389 2341 421 2394 in
436 2357 501 2396 cum
514 2340 563 2415 qui
575 2339 709 2414 praebuit
721 2337 758 2395 ad
771 2338 990 2418 exsurgendum
1002 2346 1101 2396 tantae
1113 2335 1269 2399 humili-

203 2425 273 2482 tatis
293 2424 475 2498 exemplum„
498 2431 606 2499 quanta
624 2425 668 2480 illi
688 2421 824 2499 super-bia
843 2422 1018 2480 ceciderunt
1060 2419 1147 2478 Hine
1163 2439 1270 2500 ιιιιιι,

203 2526 264 2564 non
277 2507 373 2566 solum
386 2507 447 2578 illi,
473 2505 509 2564 de
522 2507 627 2582 quibua
640 2509 731 2564 multa
743 2507 803 2564 iam
815 2505 959 2579 diximus,
978 2515 1007 2563 et
1019 2507 1071 2562 alii
1082 2514 1184 2582 atque
1201 2513 1272 2568 alii

205 2591 315 2648 similes
328 2599 512 2648 caeterarum
525 2593 659 2670 gentium
671 2599 758 2668 atque
773 2599 934 2664 terrarum3
958 2589 1010 2646 sed
1023 2589 1112 2648 etiam
1126 2587 1185 2665 hi,
1224 2594 1272 2654 dc

204 2676 400 2752 quibusnune
413 2676 527 2754 agimus
535 2677 697 2752 ,tanquam
709 2676 742 2732 in
756 2684 891 2733 senatum
904 2673 1025 2732 deorum
1038 2675 1167 2748 selecti3
1202 2681 1272 2738 sed

204 2761 290 2832 plane
316 2759 417 2814 selecti
441 2759 595 2816 nobilitate
622 2760 794 2831 criminum,
827 2777 888 2816 non
914 2757 1058 2838 dignitate
1083 2757 1273 2822 virtutum.

205 2844 336 2908 Quorum
355 2859 439 2898 sacra
454 2839 548 2896 Varro
564 2841 632 2900 dum
650 2843 735 2917 quasi
754 2841 791 2899 ad
809 2844 957 2900 naturales
975 2842 1104 2900 rationes
1126 2843 1274 2906 referre

205 2931 345 2994 conatur,
359 2940 503 2996 quaerens
515 2920 733 2984 honestereres
747 2933 865 3002 turpes,
888 2924 1032 3003 quomedo
1045 2923 1089 2982 his
1101 2927 1274 3006 quadret,

206 3014 236 3062 et
251 3014 408 3076 consonet,
434 3023 495 3062 nen
513 3015 611 3080 potest
625 3007 774 3066 invenire:
799 3011 940 3086 queniam·
949 3029 1010 3068 non
1023 3017 1092 3067 sunt
1103 3009 1204 3084 ipseo
1221 3017 1273 3072 il-

204 3091 300 3145 lerum
313 3106 462 3146 sacrorum
475 3107 579 3146 causae
593 3108 663 3166 ques
675 3100 776 3167 putat,
789 3095 838 3150 vel
849 3095 946 3170 petius
958 3096 1023 3152 vult
1033 3094 1146 3170 putari.
1169 3095 1275 3160 Nam

206 3173 232 3228 si
246 3190 306 3229 non
320 3172 415 3228 solum
427 3174 525 3249 ipsae,
552 3192 653 3232 verum
666 3176 754 3234 etiam
767 3178 913 3254 quaelibet
925 3179 1000 3236 aliae
1013 3175 1098 3234 huius
1118 3187 1275 3256 generis

206 3264 319 3329 essent,
331 3258 463 3332 quemuis
477 3256 551 3316 nibil
564 3258 704 3316 achum
712 3279 815 3320 rerum
826 3263 975 3338 uitamque
987 3271 1154 3336 aeternam,
1171 3282 1275 3341 quae

204 3340 393 3420 irreligione
406 3341 572 3418 quaerenda
585 3353 647 3414 est,
661 3345 857 3417 pertinerent3
883 3354 981 3404 tamen
993 3346 1206 3422 qualicunque
1225 3351 1276 3412 de

204 3441 304 3480 rerum
321 3433 427 3482 natura
443 3425 557 3484 reddita
574 3428 706 3498 ratione,
732 3429 944 3504 aliquantulum
958 3431 1135 3507 mitigarent
1149 3428 1275 3493 offen-

206 3509 333 3580 sionem,
361 3526 446 3584 quam
465 3529 526 3568 nen
545 3511 696 3568 intellecta
716 3508 748 3568 in
765 3515 856 3570 saeris
883 3514 980 3589 aliqua
1005 3514 1085 3570 velut
1109 3518 1275 3590 turpitu-

206 3590 307 3649 deaut
324 3592 490 3650 absurditas
509 3593 632 3650 fecerat:
659 3595 736 3650 sicut
753 3597 786 3652 in
804 3596 975 3671 quibusdam
990 3595 1182 3656 theatrorum
1209 3604 1276 3661 fn-

205 3673 282 3730 bulis
305 3676 354 3733 vel
377 3673 566 3735 delubrorum
583 3679 732 3752 mysteriis
755 3677 852 3736 iacere
870 3690 992 3738 conatus
1010 3689 1064 3738 est.
1105 3675 1170 3740 Vbi
1187 3704 1275 3750 non

206 3753 319 3814 theatra
346 3757 533 3816 delubrorum
547 3760 742 3818 slmilitudine
761 3762 902 3835 absolvit,
928 3765 979 3822 sed
991 3761 1181 3824 theatrorum
1201 3789 1277 3846 po.

207 3839 265 3898 tius
280 3842 472 3900 similitudine
490 3843 611 3904 delubra
629 3843 791 3905 damnarit:
814 3855 913 3906 tamen
939 3857 1087 3924 utcunque
1114 3853 1277 3918 conatu.
