2586 4396
242 241 280 295 38
459 231 552 290 DlVl
577 226 766 287 AVRELll
791 225 1038 286 AVGVSTlNl

243 389 397 446 Civitatem
410 384 475 442 Dei.
514 381 596 440 Sicut
610 383 686 438 enim
699 382 730 437 in
743 399 800 436 uno
813 377 944 451 homine,
966 379 1042 454 quod
1055 380 1129 436 dixit
1142 383 1260 458 Aposto

241 473 302 541 lus,
324 471 502 545 experimur,
518 468 587 544 qaia
600 485 655 522 non
665 466 795 543 primum
809 464 885 542 quod
896 463 1036 542 spiritale
1050 476 1110 538 est,
1127 467 1181 524 sed
1189 471 1263 544 quod

242 553 382 623 aninsula,
401 563 511 631 postea
536 549 692 627 spiritale:
724 546 800 605 unde
824 549 1038 624 unusquisque,
1065 551 1195 624 quoniam
1224 571 1262 607 ex

243 636 379 694 damnata
396 637 555 712 propagine
576 634 721 704 exoritur,
746 633 839 708 primo
857 633 897 688 sit
914 651 1034 688 necesse
1054 643 1099 688 est
1120 651 1155 689 ex
1170 634 1262 691 Adam

241 723 334 778 malus
348 730 435 796 atque
449 719 588 789 earnalis3
614 714 727 793 quodsi
739 717 771 772 in
785 714 930 773 Christum
943 717 1121 774 renascendo
1134 718 1260 793 proiece-

241 806 292 876 rit‚
305 813 373 876 post
385 805 440 858 erit
453 803 545 858 bonus
560 810 588 856 et
601 801 753 875 spiritalis:
768 801 810 857 sie
823 803 854 856 in
867 801 1004 857 universo
1017 821 1125 879 genere
1138 800 1260 860 humano

181 883 184 892 ‘
242 889 449 960 cumprimum
470 885 543 940 duae
563 887 637 939 istae
658 894 816 958 coeperunt
835 882 982 940 nascendo
1005 894 1092 960 atque
1114 887 1259 945 moriendo

219 1010 221 1015 -
240 988 410 1045 procurrere
422 968 572 1040 Civitates,
585 969 664 1042 prior
677 977 720 1024 est
733 977 820 1025 natus
836 969 907 1024 civis
920 965 1006 1024 huius
1021 971 1144 1041 saeculi;
1167 982 1259 1044 poste-

240 1055 303 1108 rior
316 1061 411 1108 autern
422 1055 478 1108 isto
488 1053 660 1131 peregrinus
673 1053 704 1107 in
718 1052 845 1123 saeculo,
861 1060 890 1106 et
900 1053 1050 1126 pertinens
1064 1053 1101 1108 ad
1113 1052 1259 1110 Civitatem

241 1135 308 1208 Dei,
322 1138 417 1214 gratia
424 1136 667 1210 praedestinatus,
680 1137 775 1214 gratia
789 1136 908 1206 electus,
922 1137 1016 1214 gratia
1028 1139 1199 1215 peregrinus
1213 1138 1260 1194 de-

241 1239 350 1292 orsum,
363 1222 457 1298 gratia
471 1222 543 1277 civis
558 1237 680 1277 sursum.
702 1217 777 1274 Nam
790 1228 930 1294 quantum
943 1219 979 1274 ad
993 1221 1090 1293 ipsum
1100 1223 1210 1292 attinet,
1226 1241 1261 1277 ex

241 1304 341 1360 eadem
361 1323 456 1360 massa
475 1306 584 1376 oritur,
608 1321 681 1378 quae
700 1303 883 1380 originaliter
903 1313 946 1358 est
964 1311 1024 1358 tota
1044 1302 1187 1361 damnata:
1211 1307 1261 1361 sed

238 1398 376 1464 tanquam
388 1387 494 1466 figulus
506 1387 599 1459 Deus,
613 1381 701 1470 (hanc
713 1389 790 1442 enirn
800 1385 1020 1442 similitudinem
1031 1405 1091 1444 non
1100 1388 1260 1464 impruden-

237 1482 294 1543 ter,
308 1471 359 1527 sed
371 1471 531 1547 prudenter
543 1471 705 1528 introducit
716 1462 906 1550 Apostolus,)
927 1488 964 1526 ex
977 1469 1076 1526 eadem
1088 1491 1186 1529 massa
1199 1472 1261 1530 lecit

237 1553 316 1610 aliud
334 1573 386 1610 vas
404 1557 435 1610 in
455 1554 610 1624 honorem,
629 1553 707 1611 aliud
725 1556 756 1612 in
770 1555 981 1612 contumelium.
1016 1553 1099 1610 Prius
1112 1565 1211 1614 autem
1223 1557 1260 1614 ia-

236 1647 316 1693 ctum
330 1647 374 1692 est
390 1655 441 1694 vas
460 1639 491 1694 in
506 1639 722 1710 contumeliam,
748 1648 815 1712 post
831 1656 901 1695 vero
922 1639 1046 1694 alterum
1062 1640 1092 1696 in
1109 1638 1259 1698 honorem.

236 1721 302 1795 quia
317 1730 346 1776 et
358 1721 390 1776 in
404 1723 467 1794 ipso
480 1739 550 1792 uno,
565 1722 642 1777 sieut
652 1723 710 1778 iam
723 1721 795 1792 dixi,
807 1721 935 1794 homine,
947 1723 1029 1798 prius
1043 1732 1088 1779 est
1100 1727 1260 1800 reprobum,

234 1803 313 1860 unde
331 1823 450 1860 neeesse
468 1814 512 1860 est
529 1805 717 1879 incipiamus,
744 1815 773 1862 et
792 1807 844 1862 ubi
855 1824 921 1862 -non
936 1815 981 1862 est
993 1825 1115 1874 neeesse
1127 1818 1159 1864 ut
1170 1828 1259 1866 rema-

234 1903 369 1962 neamus3
392 1889 537 1962 posterius
550 1906 620 1944 vero
634 1891 770 1962 probum,
791 1908 847 1966 quo
860 1889 1045 1966 proficientes
1059 1893 1220 1966 veniamur,
1233 1905 1260 1948 et

234 1990 290 2046 quo
303 1973 506 2048 pervenientes
519 1991 696 2030 moneamur.
729 1973 855 2030 Proinde
868 1992 928 2030 non
943 1973 1056 2049 quidem
1070 1978 1166 2032 omnis
1179 1975 1260 2034 horno

233 2057 325 2112 malus
343 2058 400 2113 erit
415 2057 525 2130 honus,
551 2075 636 2115 nemo
651 2066 749 2114 tamen
767 2059 824 2114 erit
842 2059 934 2114 benus
953 2059 1002 2134 qni
1020 2077 1081 2116 non
1096 2071 1161 2117 erat
1172 2065 1261 2118 malus

234 2139 284 2196 sed
298 2149 407 2216 quanto
420 2143 541 2216 quisquc
554 2143 640 2198 citius
653 2151 782 2200 mutatur
794 2143 827 2199 in
840 2144 955 2214 melius,
968 2140 1022 2199 hec
1035 2143 1066 2198 in
1081 2162 1114 2200 se
1127 2145 1199 2201 facit
1210 2164 1262 2202 no-

233 2225 339 2280 minari
351 2224 427 2299 quod
440 2224 630 2300 apprehendit
646 2228 785 2298 celerius,
812 2234 841 2281 et
852 2228 1014 2301 posteriore
1030 2231 1166 2302 cooperit
1179 2248 1262 2287 voea-

232 2306 330 2362 hulum
341 2307 433 2382 prius.
452 2307 598 2383 Scriptum
611 2317 656 2364 est
668 2311 766 2384 itaque
780 2309 814 2365 de
828 2307 911 2383 Cain,
925 2310 1002 2385 quod
1015 2310 1182 2370 condiderit
1195 2315 1262 2370 eivi-

232 2399 333 2446 tatem:
356 2390 427 2447 Abel
440 2399 538 2448 autem
549 2401 687 2467 tanquam
698 2394 872 2472 peregrinus
886 2414 946 2452 non
960 2393 1096 2452 condidit.
1131 2393 1263 2474 Superns

233 2483 277 2529 est
289 2476 366 2530 enim
379 2485 546 2532 sanctorum
559 2473 681 2548 Civitas,
700 2479 830 2554 quamvis
844 2475 891 2534 hic
903 2479 998 2553 pariat
1011 2479 1099 2559 cives,
1112 2481 1148 2538 in
1162 2484 1263 2557 quihus

230 2561 446 2638 peregrinatur,
460 2559 551 2617 donec
564 2561 650 2639 regni
661 2563 723 2618 eius
734 2570 845 2638 tempus
857 2561 1003 2634 adveniat,
1018 2581 1082 2618 cum
1098 2582 1262 2645 congrega·

231 2651 296 2699 tura
310 2653 355 2700 est
367 2663 467 2701 ornnes
481 2646 513 2700 in
526 2646 586 2700 suis
603 2647 770 2720 corporibus
784 2656 989 2723 resurgentes,
1008 2646 1126 2721 quando
1141 2653 1186 2707 eis
1200 2671 1262 2726 pro-

231 2729 349 2784 missum
362 2727 478 2784 dabitur
490 2746 622 2806 regnum,
636 2729 686 2784 ubi
699 2749 765 2786 cum
778 2747 829 2786 suo
842 2731 973 2805 principe
984 2727 1065 2809 Rege
1080 2737 1262 2792 saeculorum

231 2811 295 2866 sine
308 2813 368 2868 ullo
382 2811 518 2890 temporis
532 2811 590 2866 fine
602 2812 776 2890 regnabunt,

478 3057 596 3128 Defils's's
607 3060 696 3113 cornis
707 3069 734 3113 et
741 3061 812 3131 filiis
819 3061 1009 3130 promissionis.

289 3143 396 3203 Vmbro
409 3166 479 3216 sane
493 3150 633 3225 quaedam
645 3148 778 3208 Civitatis
790 3150 875 3208 huius
890 3162 919 3208 et
932 3155 1028 3231 imago
1048 3155 1219 3231 prophetica
1238 3161 1261 3212 ei

231 3230 440 3310 significandae
454 3235 550 3310 potius
565 3253 651 3310 quam
663 3235 892 3311 praesentandae
904 3239 1027 3294 servivit
1040 3240 1072 3294 in
1085 3245 1192 3313 terris,
1206 3261 1263 3316 quo

231 3334 294 3372 eam
306 3324 436 3391 tempere
450 3317 644 3376 demonstrari
658 3319 823 3393 oportebat,
842 3329 871 3376 et
884 3319 961 3378 dieta
975 3330 1020 3376 est
1034 3324 1122 3380 etiam
1137 3329 1200 3400 ipsa
1214 3323 1263 3382 Ci-

228 3401 304 3458 vitas
319 3411 419 3458 sancta
431 3405 535 3460 merito
549 3402 742 3481 significantis
754 3405 908 3481 imaginis,
928 3423 987 3468 non
1004 3418 1175 3482 expressae,
1189 3412 1263 3466 sicut

228 3485 328 3542 futura
342 3495 395 3558 est,
409 3489 552 3544 veritatis.
575 3487 621 3544 De
634 3485 686 3542 hac
700 3487 827 3564 imagine
840 3490 997 3560 serviente,
1017 3498 1047 3545 et
1060 3489 1096 3548 de
1109 3493 1165 3550 illa
1179 3513 1262 3570 quam

230 3569 378 3647 signifieat
397 3571 487 3628 libera
507 3568 647 3638 Civitate,
672 3570 713 3626 sie
738 3570 892 3645 Apostolus
916 3573 952 3628 ad
973 3571 1092 3631 Galatas
1116 3578 1262 3654 loquitur:

230 3649 333 3709 Dicite
346 3652 426 3724 mihi,
440 3655 547 3729 inquit,
563 3653 613 3710 sub
629 3651 692 3728 lege
704 3652 832 3712 uolentes
847 3672 920 3727 essa,
934 3655 1025 3732 legem
1038 3676 1094 3714 non
1109 3657 1265 3718 credistis?

223 3727 380 3806 ¹Scriptum
397 3747 442 3792 est
456 3739 540 3806 enim,
559 3737 635 3812 quod
646 3733 795 3794 Abraham
808 3740 879 3795 duos
887 3739 972 3811 filios
985 3739 1103 3811 hahuit,
1124 3764 1217 3802 ιιιιιιιιι
1232 3737 1277 3800 ἀι

232 3813 352 3882 ancillo,
366 3826 396 3870 et
408 3835 493 3872 caum
507 3820 543 3875 de
556 3817 657 3874 libero.
693 3817 752 3876 Sed
765 3821 815 3878 ille
827 3824 941 3898 puidam
952 3825 1049 3898 quide
1061 3827 1196 3899 aneilla,
1222 3845 1266 3884 se·

232 3893 353 3950 suadens
367 3915 484 3958 earnem
495 3911 583 3958 natus
598 3911 658 3976 ατς
681 3905 732 3978 qui
743 3914 840 3960 autem
856 3906 891 3962 dc
904 3906 1007 3978 libera,
1023 3925 1084 3984 per
1097 3915 1266 3986 repressis-
