2576 4396
260 207 319 268 DE
343 207 556 268 erm-TE
579 207 661 268 DEI
681 209 761 269 LIB.
783 211 825 270 X.
999 221 1060 278 283

16 367 148 425 veritetc
161 371 331 420 certemus:
350 363 377 418 ei
389 364 593 421 suavissimum
605 363 752 422 adolemus
766 365 933 438 incensum,
951 387 1015 425 cum
1029 373 1059 427 in

18 453 80 508 cius
95 456 266 525 conspectu
278 449 328 522 pio
341 456 500 523 sanctoque
514 465 613 504 rmore
625 447 797 528 flagremus:
822 451 850 505 ei
863 449 940 507 done
953 453 1016 508 eius
1030 456 1061 511 in

17 536 114 607 nobis,
129 549 251 608 nosque
264 532 343 606 ipsos
356 549 505 604 vovemus,
519 540 550 589 ct
561 531 723 591 reddimus:
738 535 766 590 ei
778 533 986 594 beneficiorum
998 539 1062 592 cius

19 616 265 677 sollennitetibus
284 616 370 672 iestis
392 625 423 673 ct
443 615 545 673 diebus
570 618 687 674 stetutir
707 617 835 676 dicemus
857 637 1063 695 sacramusque

18 704 210 772 memoriam,
226 717 266 756 ne
278 701 428 757 volumine
440 709 603 775 temporum
615 703 733 782 ingrotc
746 702 884 782 sulrrcpct
896 704 1020 761 oblivio:
1036 704 1063 758 ci

19 786 226 842 sacrificamus
251 782 378 840 hostium
396 781 569 842 humilitatis
588 795 617 843 ct
633 786 726 843 loudis
748 788 780 843 in
802 806 855 844 ero
878 788 974 845 cordis
992 789 1064 866 igne

18 871 151 926 fervidae
166 869 314 926 coritctis.
330 867 375 925 Ad
387 865 466 925 hunc
479 861 647 943 videndum,
661 872 738 928 sicut
749 870 844 928 rideri
856 881 963 947 potest,
978 873 1064 947 cique

19 952 254 1023 cohaerendum,
268 953 303 1008 eb
315 953 395 1009 omni
404 961 586 1026 pcccatorum
599 963 630 1011 et
643 952 831 1030 cupiditatum
844 958 986 1013 melorum
998 955 1064 1011 lcbe

18 1037 208 1107 mundemur,
223 1036 328 1092 eteius
340 1039 460 1093 nomine
472 1053 688 1094 consecremur.
702 1037 767 1114 lpse
778 1042 857 1095 enim
866 1039 933 1096 fons
943 1049 1062 1096 nostroe

18 1120 230 1191 beatitudinis,
256 1121 319 1195 ipse
333 1122 427 1178 omnis
441 1121 628 1195 appetitionis
642 1130 688 1177 ιιι
700 1122 778 1178 finis.
804 1121 892 1179 Hunc
907 1125 1063 1201 eligentes,

18 1208 64 1262 rel
75 1207 182 1280 potins
197 1204 373 1282 religentes,
387 1205 576 1260 amiseramus
589 1207 669 1260 enim
681 1205 882 1284 negligentes:
900 1204 978 1262 hunc
991 1224 1063 1282 orgo

17 1292 202 1368 religentes,
224 1286 306 1343 unde
318 1297 349 1344 et
359 1288 466 1365 religio
480 1287 558 1344 dicte
570 1287 754 1363 perhibetur,
779 1287 815 1343 od
829 1306 894 1344 eum
907 1288 1064 1344 dilectione

18 1373 180 1442 tendimus,
194 1379 229 1426 ut
241 1371 441 1446 perveniendo
454 1369 653 1446 quiescemus:
675 1369 741 1427 ideo
753 1371 847 1443 besti,
861 1373 928 1449 quic
941 1373 992 1428 illo
1005 1370 1065 1427 linc

17 1456 158 1534 perlecti.
182 1453 301 1514 Bonum
314 1456 393 1511 enim
405 1463 551 1527 nostrum,
570 1453 606 1510 de
619 1456 702 1512 cuius
716 1454 775 1512 fine
787 1456 867 1511 iuter
878 1454 1065 1531 philosophos

17 1558 127 1620 magne
142 1539 299 1597 contentio
313 1547 370 1611 est,
384 1539 497 1596 nullum
510 1548 556 1596 est
568 1539 658 1612 eliud,
673 1557 758 1615 quem
771 1539 815 1595 illi
829 1538 997 1596 cohaerere:
1012 1559 1065 1596 cu-

18 1627 61 1682 ius
74 1626 170 1682 unius
187 1624 289 1680 enims
300 1623 510 1680 intellectualis
523 1623 709 1700 incorporeo,
724 1625 749 1679 ri
763 1623 821 1680 dici
834 1633 941 1697 potest,
955 1625 1064 1698 emple-

19 1729 67 1781 xu,
81 1709 165 1767 reris
181 1708 322 1782 impletur
334 1705 585 1783 foecundeturquc
598 1707 767 1765 virtutibus.
797 1706 863 1768 Hoc
876 1708 985 1764 bonum
997 1708 1063 1764 dili-

19 1813 87 1872 gcre
98 1795 133 1850 in
147 1800 218 1848 toto
232 1789 332 1862 corde,
344 1791 378 1846 in
389 1799 451 1848 tote
461 1792 568 1864 enimc,
583 1801 614 1848 ct
622 1793 652 1849 in
664 1801 727 1850 tote
736 1793 849 1849 virtute
860 1793 1056 1867 praecipimur

19 1879 58 1936 dd
70 1878 129 1935 hoc
141 1877 263 1933 bonum
276 1873 428 1947 debemus,
442 1884 473 1932 ct
484 1893 502 1931 ι
515 1875 620 1952 quibus
634 1875 784 1954 diligimur
797 1876 874 1946 duci,
890 1885 920 1932 ιι
932 1894 1004 1952 quos
1020 1877 1064 1932 di-

20 1965 137 2042 ligimus
153 1959 277 2016 ducere.
306 1956 357 2016 Sic
376 1960 560 2034 complentur
578 1959 634 2019 duo
651 1963 702 2016 ille
714 1969 886 2036 praecepte,
912 1961 945 2015 in
959 1961 1065 2035 quibus

19 2059 73 2105 toto
87 2047 160 2105 Lex
174 2042 289 2119 pendet
301 2051 332 2098 et
343 2041 521 2118 Prophetae:
561 2041 680 2120 Diliges
695 2042 852 2100 Dominum
871 2041 968 2100 Deum
986 2051 1066 2099 tuem

18 2136 44 2189 in
58 2143 123 2191 toto
139 2127 239 2187 corde
252 2135 314 2196 tuo,
340 2135 371 2184 et
384 2128 416 2183 ιἰι
429 2136 495 2184 tota
508 2128 609 2184 anime
624 2138 694 2197 toa,
721 2136 751 2183 et
764 2127 795 2182 iu
808 2135 875 2182 tota
887 2135 983 2181 mente
997 2134 1067 2198 ωας

18 2227 43 2275 et
60 2217 184 2292 diliges
199 2211 370 2290 proximum
389 2219 471 2272 tuum
488 2220 629 2287 tanquam
647 2220 677 2267 te
695 2210 800 2288 ι’]ιιιιιιι.
826 2207 865 2265 Vt
879 2209 962 2264 ,enim
979 2205 1066 2265 homo

17 2321 77 2357 rose
90 2300 233 2376 diligere
245 2303 357 2365 nosset,
372 2294 548 2350 constitutus
562 2302 608 2350 est
621 2295 648 2350 ci
661 2293 745 2364 linis,
759 2311 816 2368 quo
829 2293 956 2349 referret
969 2294 1067 2350 omnio

17 2405 84 2460 quae
99 2388 229 2461 egeret,
243 2386 276 2433 ut
288 2375 391 2434 beotus
406 2386 492 2433 essct.
506 2375 574 2435 Non
585 2379 664 2434 enim
676 2378 727 2453 qui
740 2395 772 2432 ιι
786 2376 895 2455 diligit,
909 2376 988 2432 eliud
1001 2395 1067 2432 csse

17 2472 76 2526 rult
87 2484 191 2544 quem
203 2462 318 2519 beatus.
341 2459 400 2517 Hic
413 2471 512 2516 eutem
524 2460 593 2516 finis
607 2470 654 2516 est
666 2459 825 2516 adhaerere
838 2459 913 2516 Deo.
935 2459 996 2514 lem
1008 2462 1067 2536 igi-

17 2565 61 2608 tur
73 2549 195 2610 scienti
208 2545 333 2624 diligere
346 2563 378 2615 ιι
396 2545 508 2619 ipsum,
535 2561 601 2598 cum
618 2542 773 2598 mandetur
792 2542 828 2596 dc
846 2542 981 2616 proximo
1000 2541 1067 2596 dili-

16 2638 114 2716 gendo
130 2635 217 2692 sicut
229 2645 262 2685 sc
275 2630 380 2704 ipsum,
394 2626 464 2703 quid
477 2625 558 2684 eliud
570 2624 740 2695 mundetur,
755 2625 815 2680 nisi
827 2633 861 2679 ut
874 2625 912 2695 ei,
927 2631 1068 2698 quantum

15 2733 126 2795 potest,
142 2712 333 2774 commendet
345 2710 527 2790 diligendum
540 2703 654 2768 Deuml
674 2707 732 2764 Hie
745 2717 791 2764 est
803 2705 861 2763 Dei
874 2708 980 2778 cultus,
994 2704 1066 2764 hoec

15 2825 86 2862 vcro
98 2801 234 2878 religio,
255 2795 327 2852 heco
340 2806 423 2854 recte
435 2796 545 2871 pietas,
568 2793 642 2849 heco
655 2801 770 2850 tentum
784 2790 849 2848 Deo
862 2789 960 2846 debite
972 2793 1065 2847 serri-

15 2901 76 2945 tns.
105 2887 314 2956 Quaecunque
326 2882 419 2960 igitur
431 2879 604 2936 immortalis
617 2885 747 2954 potestas
762 2874 943 2952 quantolibet
954 2877 1066 2932 virtute

15 2971 165 3048 praedito,
182 2968 210 3027 si
224 2983 279 3021 nos
293 2964 391 3044 diligit
403 2965 480 3021 sicut
493 2983 525 3020 ιι
537 2965 645 3039 ipsum,
665 2962 693 3016 ci
708 2964 774 3019 vult
786 2977 852 3015 ιιιι
865 2958 1014 3032 subditos,
1032 2969 1068 3016 ut

16 3057 95 3114 beati
110 3055 228 3122 sunus,
254 3049 303 3106 cui
323 3057 353 3105 et
369 3049 432 3123 ipsa
451 3047 566 3106 subdite
582 3046 668 3103 boste
682 3054 735 3102 ιιι.
759 3043 793 3103 Si
815 3061 887 3122 ergo
910 3061 972 3101 non
995 3046 1067 3101 colit

17 3139 127 3212 Deum,
141 3137 257 3194 misere
270 3141 326 3204 cst,
340 3133 408 3209 quis
419 3129 484 3187 Deo
496 3131 642 3208 privetur:
656 3131 681 3185 ιί
694 3139 793 3186 eutem
806 3129 876 3186 colit
885 3126 991 3201 Deum,
1005 3147 1066 3186 uon

17 3229 77 3282 vult
91 3243 128 3281 ιι
142 3221 205 3279 coli
219 3235 274 3293 pro
287 3214 363 3273 Deo.
389 3213 436 3270 llli
451 3217 528 3271 enim
541 3215 638 3290 potius
652 3213 770 3272 divinoe
783 3213 948 3268 sententiae
961 3209 1065 3268 suffro-

18 3321 117 3388 gatur‚
132 3316 166 3364 et
181 3302 351 3360 dilectionis
359 3298 471 3356 viribus
482 3299 573 3370 levet,
588 3315 646 3373 que
656 3300 797 3373 seriptum
807 3304 865 3352 ost:
880 3293 1068 3368 Sacrificant

17 3395 76 3452 diis
92 3385 322 3456 eradicabitur,
336 3385 397 3442 eici
408 3381 534 3442 Domino
548 3381 613 3438 soli.
757 3375 841 3450 (eal.
858 3377 941 3436 (ΜΡ.
955 3376 1025 3453 IV.)

436 3533 459 3594 C
479 3533 505 3592 A
525 3531 559 3590 Ρ.
602 3529 662 3588 lV.
683 3591 686 3596 ,

249 3635 328 3700 Quod
336 3632 386 3686 oei
394 3647 455 3685 cero
465 3629 525 3683 Deo
535 3619 700 3700 suinficism
710 3624 847 3678 delectur.

80 3736 176 3803 Nem,
191 3736 227 3786 ut
240 3727 300 3782 olis
313 3741 392 3782 nunc
404 3731 534 3793 tececm,
548 3739 623 3796 quoe
635 3718 786 3794 portinent
797 3712 834 3770 od
847 3713 1000 3791 religionis
1015 3713 1067 3770 oh-

18 3823 176 3898 sequium,
202 3827 262 3888 quo
277 3809 384 3865 colitur
396 3805 492 3877 Deus3
519 3805 695 3864 sacrificium
712 3807 792 3856 certe
807 3799 904 3896 nullus
917 3793 1066 3856 hominum

18 3915 62 3962 cst
77 3906 132 3980 qui
146 3897 260 3957 audeat
273 3893 371 3952 dicere
385 3889 500 3963 deberi,
519 3890 579 3948 nisi
592 3888 665 3947 Deo.
692 3884 783 3944 Molee
796 3883 922 3960 demque
935 3880 970 3938 de
985 3883 1067 3941 cultu
