2576 4396
205 225 266 283 268
433 217 530 278 DlVl
550 215 740 277 AVRELll
760 213 1021 276 svovt'tlrtl

206 373 330 434 Caetera
356 371 425 428 bina
451 378 581 440 restant,
609 368 713 444 quibus
738 385 808 423 euru
832 369 972 424 attentior
997 364 1161 427 adhibenda
1187 379 1262 446 ent,

206 453 444 534 quemadmodum
457 454 505 510 vel
518 454 615 510 aliena
628 469 693 508 esse
715 470 732 507 a
751 449 937 507 daemonibus
956 449 1169 526 ostendentur,
1196 456 1261 512 vel

207 541 250 597 sio
263 541 305 595 eis
319 537 546 607 distribuuntur,
573 544 606 590 ut
623 533 763 591 medietas
782 532 897 591 ridetur
915 551 1082 609 exposuere.
1124 531 1188 592 Sed
1216 537 1262 594 ab

207 624 249 679 eis
263 622 360 678 aliena
373 637 508 676 essenon
521 625 653 694 possunt.
680 615 747 674 Non
758 616 837 674 euim
850 617 928 674 siout
937 615 1059 674 dioirnus
1071 616 1170 688 loeum
1182 638 1262 677 me-

205 705 285 761 dium
298 723 353 760 neo
366 721 430 759 esse
443 720 603 772 summum,
630 719 685 758 neo
698 699 845 772 infimum,
873 700 916 756 ita
929 699 1082 756 daemones
1100 717 1168 756 eum
1185 703 1263 759 sint

205 788 345 844 animalia
357 785 531 855 rationalia,
557 803 612 841 neo
624 783 723 840 beatos
737 800 816 855 esse,
839 801 895 839 neo
908 785 1047 854 miseros,
1074 784 1164 839 siouti
1177 795 1263 842 sunt

206 871 325 927 arbusta
337 870 385 925 vel
399 885 522 941 peoora,
540 885 623 943 puae
635 875 705 924 ιιιιιι
716 883 819 922 sensus
833 867 881 922 vel
892 867 1016 922 rationis
1030 867 1180 942 expertia,
1199 887 1260 924 re-

207 963 253 1008 ete
266 969 417 1026 possumus
432 949 537 1006 disere.
582 951 712 1018 Quorum
725 957 823 1005 autem
835 950 909 1004 ratio
923 949 1067 1005 mentibus
1081 949 1176 1022 inest,
1198 961 1263 1009 aut

205 1037 330 1092 miseros
347 1051 411 1090 esse
424 1041 476 1089 aut
493 1032 593 1089 beatos
613 1049 734 1090 neeesse
752 1040 805 1088 est.
848 1031 921 1089 ltem
945 1049 1004 1088 non
1023 1050 1177 1106 possumus
1198 1053 1259 1090 re-

207 1127 254 1174 ete
266 1115 379 1188 dicere,
402 1133 457 1172 nee
469 1117 608 1173 mortales
622 1133 687 1171 esse
697 1113 869 1188 daemones,
889 1134 945 1172 neo
958 1123 1101 1171 aeternos.
1137 1113 1262 1176 Omnia
1285 1141 1286 1144 ¹

207 1217 332 1275 namque
354 1199 486 1256 viventia
508 1199 614 1256 autin
638 1206 790 1254 aeternum
810 1199 932 1270 vivunt,
959 1207 1009 1254 aut
1026 1197 1134 1254 finiunt
1151 1211 1260 1257 morte

206 1282 282 1358 quod
293 1283 407 1350 vivunt.
450 1279 511 1339 lam
530 1299 600 1339 vero
619 1281 677 1338 iste
694 1288 825 1355 tempore
843 1290 976 1339 aeternos
991 1279 1144 1338 daemones
1160 1281 1259 1340 dixit.

206 1365 283 1432 Quid
295 1366 388 1442 igitur
401 1373 510 1438 restat,
524 1366 584 1422 nisi
597 1373 631 1420 ut
642 1362 674 1420 bi
687 1363 775 1420 medii
788 1364 822 1420 de
834 1363 943 1420 duobus
957 1365 1077 1420 summis
1087 1381 1182 1420 unum
1195 1364 1254 1422 ha-

204 1449 308 1518 beant,
335 1446 417 1504 etde
435 1447 546 1510 duobus
565 1447 675 1504 infimis
695 1443 838 1504 alteruml
865 1445 941 1504 Nam
954 1449 980 1502 si
993 1455 1118 1522 utraque
1131 1446 1169 1502 de
1181 1449 1259 1506 imis

205 1530 369 1601 habebunt,
384 1541 434 1586 aut
447 1539 568 1605 utraque
581 1529 617 1586 de
631 1531 768 1601 summis,
794 1529 882 1586 medii
894 1547 954 1586 non
967 1538 1070 1601 erunt,
1092 1529 1144 1584 sed
1158 1531 1192 1586 in
1208 1535 1258 1588 al-

205 1621 348 1668 terutram
360 1621 475 1686 partem
486 1613 534 1668 vel
547 1613 701 1683 resiliunt,
727 1613 776 1668 vel
789 1613 970 1678 recumbunt.
1013 1612 1089 1678 Quia
1109 1631 1183 1690 ergo
1204 1613 1258 1672 his

205 1695 303 1765 binis,
329 1695 406 1750 siout
431 1693 662 1752 demonstratum
687 1703 752 1765 est,
780 1713 880 1752 carere
893 1697 1026 1770 utrisque
1038 1709 1098 1751 uon
1111 1709 1258 1771 possunt,

152 1811 155 1813 -
207 1777 334 1850 acceptis
358 1792 396 1830 ex
416 1785 540 1851 utraque
562 1785 645 1852 parte
668 1777 793 1855 singulis
815 1776 1026 1834 mediabuntur.
1069 1777 1112 1834 Ao
1125 1796 1181 1851 per
1195 1779 1258 1838 boc

207 1860 277 1934 quia
290 1857 326 1914 de
337 1857 446 1914 infimis
459 1857 566 1914 habere
579 1877 640 1916 non
652 1869 777 1934 possunt
785 1863 1007 1930 aeternitatem,
1034 1877 1109 1934 quae
1125 1861 1169 1916 ibi
1188 1882 1257 1922 non

208 1950 268 2012 est,
294 1959 385 2000 unum
401 1939 457 1997 hoo
477 1939 512 1997 de
532 1943 651 1998 summis
669 1940 791 1999 babent:
816 1951 846 1998 et
862 1943 926 1998 ideo
940 1958 1000 2000 non
1014 1952 1058 1998 est
1070 1945 1201 2002 alterum
1215 1947 1257 2004 ad

209 2023 407 2099 complendam
430 2023 614 2082 medietatem
638 2043 735 2096 suam,
762 2025 838 2101 quod
854 2025 888 2082 de
900 2026 1008 2084 infimis
1021 2024 1164 2099 habeant,
1191 2031 1257 2088 nisi

206 2108 363 2164 miseriam.
877 2175 880 2178 ,

271 2189 352 2246 *Est
373 2192 471 2265 itaque
484 2191 643 2248 seeundum
655 2191 838 2266 Platonicos,
866 2193 1031 2250 sublimium
1054 2193 1178 2252 deorum
1201 2202 1257 2254 vel

209 2271 293 2328 beata
304 2275 480 2344 aeternitas,
492 2275 541 2330 vel
553 2283 672 2332 aeterna
685 2274 845 2332 beatitudo:
873 2273 1022 2332 hominum
1034 2295 1104 2334 vero
1127 2278 1255 2336 infimo·

208 2373 274 2410 rum
296 2355 344 2412 vel
366 2356 486 2411 miseria
506 2357 652 2428 mortalis,
681 2359 727 2413 vel
745 2361 907 2414 mortalitas
921 2360 1044 2417 misera:
1072 2359 1255 2421 daemonum

209 2445 308 2494 autem
331 2437 492 2494 mediorum
513 2439 561 2494 vel
583 2439 691 2496 misere
714 2442 887 2512 aeternitas,
913 2443 960 2498 vel
979 2451 1096 2499 aeterna
1114 2446 1244 2503 miseria
1285 2439 1286 2454 l

208 2518 285 2576 Nam
298 2528 328 2576 et
340 2521 469 2596 quinque
479 2521 548 2594 illis,
563 2539 636 2596 quae
649 2524 680 2580 in
694 2521 863 2580 delinitione
876 2523 1047 2590 daemonum
1058 2527 1170 2600 posuit,
1185 2547 1254 2587 nou

209 2620 258 2656 eos
271 2602 398 2674 medios,
412 2603 489 2660 sieut
500 2605 704 2678 promittebat,
717 2605 860 2679 ostendit3
886 2608 1022 2682 quoniam
1035 2609 1090 2664 tria
1104 2607 1183 2666 dixit
1197 2631 1253 2668 eos

207 2683 315 2741 habere
327 2685 494 2756 nobiseum,
521 2680 597 2760 quod
614 2707 724 2764 genero
737 2690 891 2761 animalia,
910 2689 986 2764 quod
998 2699 1096 2748 ruente
1110 2693 1252 2752 rationa-

208 2768 265 2838 lia,
279 2767 356 2842 quod
368 2769 464 2824 animo
477 2770 593 2842 passiva
607 2778 691 2842 ruut3
705 2788 771 2827 oum
784 2770 840 2828 diis
853 2780 949 2828 autem
960 2791 1060 2844 unum,
1076 2772 1154 2849 quod
1167 2785 1251 2833 tem·

208 2867 278 2922 pore
297 2857 431 2918 aeterua3
459 2858 489 2904 et
507 2868 597 2904 unum
614 2852 779 2925 proprium,
807 2853 884 2930 quod
897 2871 1015 2930 eorpore
1028 2857 1117 2912 aeria.
1162 2859 1252 2925 Quo-

208 2929 292 2984 modo
306 2947 377 3006 ergo
390 2929 493 3000 medii,
520 2931 635 3004 quaudo
648 2951 741 2990 unum
752 2931 862 2994 babent
874 2953 940 2994 oum
952 2939 1088 3010 sunrmir,
1101 2940 1161 2996 tria
1176 2960 1251 3001 euru

209 3005 336 3064 infimisl
364 3012 436 3076 Quis
450 3029 509 3068 uon
523 3012 618 3069 videat
630 3017 733 3072 relicte
746 3017 915 3092 medietate,
938 3029 1079 3096 quantum
1091 3023 1250 3082 inclinen-

209 3101 257 3146 tur
270 3100 301 3146 et
313 3091 510 3166 deprimantur
522 3093 559 3150 ad
571 3093 689 3154 infimol
716 3097 775 3157 Sed
790 3102 879 3176 plane
895 3100 937 3158 ibi
955 3103 1043 3160 otiam
1059 3103 1148 3160 madii
1170 3125 1248 3181 pos-

211 3182 280 3229 sunt
292 3174 334 3230 ita
349 3175 490 3247 inveniri,
516 3185 550 3233 ut
561 3195 651 3237 unum
663 3178 790 3239 babeant
800 3184 963 3259 proprium,
985 3185 1061 3260 quod
1073 3195 1118 3243 est
1131 3205 1248 3264 eorpus

211 3256 338 3326 atrium,
364 3258 442 3312 sieut
461 3268 490 3314 et
510 3261 554 3314 illi
573 3259 609 3317 de
622 3265 741 3320 srrmmis
759 3273 847 3339 atque
859 3265 968 3324 infimis
981 3267 1098 3346 singula
1110 3275 1249 3346 propria,

152 3369 155 3383 ι
211 3336 252 3392 (1ίὶ
265 3355 368 3413 eorpus
382 3338 556 3413 aetherium,
569 3341 759 3421 hominesque
771 3355 933 3421 terrenum3
957 3347 1012 3405 duo
1025 3368 1096 3407 vero
1110 3369 1248 3412 eommu-

210 3421 261 3476 nia
273 3421 333 3476 sint
345 3421 493 3495 omnibus,
519 3425 595 3500 qrrod
608 3445 716 3504 genere
730 3437 800 3484 sunt
812 3431 968 3502 onirualia,
994 3440 1024 3488 et
1034 3442 1132 3490 mente
1146 3438 1247 3493 ratio-

210 3503 296 3558 nalia.
339 3503 415 3560 Nam
428 3513 458 3560 et
470 3507 532 3579 ipse
542 3525 611 3562 eum
624 3507 659 3563 de
672 3508 727 3564 diis
741 3519 772 3566 et
784 3508 948 3569 horninibus
961 3515 1148 3588 loqueretur,
1177 3517 1247 3575 Ha-

208 3583 298 3657 betis,
312 3587 424 3660 inquit,
437 3588 506 3643 bina
519 3591 663 3644 animalia.
694 3589 734 3646 Et
745 3609 804 3648 non
818 3595 915 3650 solent
927 3596 978 3651 isti
991 3594 1059 3652 deos
1073 3599 1132 3653 nisi
1145 3604 1247 3657 ratio-

208 3669 288 3722 nales
312 3676 409 3722 mente
431 3669 591 3743 perhibere.
634 3670 702 3728 Duo
715 3684 785 3730 sunt
798 3673 929 3747 residua,
956 3677 1033 3752 quod
1052 3689 1121 3736 suut
1137 3685 1246 3740 animo

207 3749 337 3818 passiva,
351 3758 380 3804 ot
391 3759 520 3823 tempore
534 3760 667 3808 aeterna:
681 3772 801 3828 quorum
813 3755 920 3812 babent
933 3777 1022 3814 unum
1036 3779 1100 3818 oum
1114 3764 1245 3837 infimis,

207 3845 271 3882 eum
285 3833 403 3888 summis
417 3833 554 3901 alterum,
580 3843 613 3888 ut
623 3839 830 3910 proportionali
843 3841 957 3896 ratione
977 3843 1081 3899 librata
1093 3845 1245 3905 medietas
