2602 4416
291 173 354 232 DE
378 171 597 234 ClVlTATE
625 175 704 235 DEl
733 179 812 238 [ΑΒ.
835 183 877 242 ll.
1061 194 1101 248 03

58 329 206 386 clamavit:
255 323 421 383 ABellona
433 327 556 384 nuntius
575 329 682 399 venio,
706 331 833 390 victoris
851 345 982 410 tuaest,
1008 337 1100 417 Sylla.

57 410 168 470 Deinde
183 410 319 481 adiecit,
343 426 482 466 arsurum
498 428 563 466 esse
577 407 761 486 Capitolium.
802 415 866 474 Hoc
884 438 950 476 cum
963 422 1099 496 dixisset,

57 497 199 552 continuo
211 510 359 570 egressus
380 509 398 548 e
421 493 538 564 castris,
562 503 681 568 postera
700 496 748 554 die
772 501 948 558 concitatior
960 522 1097 564 reversus

55 590 110 650 est,
138 586 172 632 et
187 575 375 649 Capitolium
397 577 507 632 arsisse
530 579 673 635 clamavit.
712 581 835 638 Arserat
859 594 959 642 autern
982 605 1015 643 re
1027 607 1097 646 vera

54 661 247 735 Capitolium.
293 657 380 726 Quod
393 657 512 734 quidem
527 659 663 720 daemoni
682 673 713 720 et
730 666 903 737 praevidere
923 668 1011 726 facile
1029 671 1097 742 tuit,

53 756 79 802 et
103 743 272 800 celerrime
294 744 446 798 nuntiare.
485 741 561 800 Illud
578 762 649 802 sene
667 747 803 820 intende,
830 751 908 826 quod
927 752 965 808 sd
979 771 1097 810 causam

51 829 180 885 maxime
199 827 352 900 pertinet,
379 825 433 882 sub
454 827 588 900 qualibus
611 827 667 884 diis
689 847 754 886 esse
779 834 920 908 cupient,
946 836 999 910 qui
1018 836 1096 892 blas·

51 911 194 987 phemant
213 906 403 966 Salvatorem
423 910 592 966 voluntates
614 910 745 970 fidelium
766 931 783 969 a
806 914 957 974 dominatu
977 917 1095 976 doemo-

52 1015 117 1052 num
142 993 337 1049 liberantem.
382 989 527 1048 Clamavit
550 991 636 1052 homo
654 997 859 1070 vaticinando,
886 998 1018 1058 Victoria
1042 1012 1096 1060 tris

53 1089 108 1150 ost,
135 1075 243 1151 Sylla3
275 1085 366 1151 atque
388 1083 423 1130 ut
444 1074 476 1131 id
500 1075 600 1136 divino
627 1080 733 1154 spiritu
759 1082 885 1140 clamare
911 1084 1093 1157 crederetur,

54 1159 208 1219 nuntiavit
221 1159 315 1214 etiam
327 1157 439 1234 aliquid
452 1168 482 1215 et
494 1177 586 1234 prope
599 1160 734 1218 futurum
747 1173 778 1219 et
789 1183 860 1222 mox
874 1166 997 1240 facturn,
1015 1169 1094 1226 unde

54 1249 138 1321 longe
162 1239 272 1298 aberat
293 1259 450 1316 perquem
472 1243 522 1298 illc
544 1245 667 1318 spiritus
689 1247 879 1320 loquebatur:
913 1267 974 1305 non
996 1259 1094 1306 tamen

54 1331 100 1384 ille
113 1325 273 1396 clamavit,
300 1323 344 1380 Ab
358 1325 519 1382 sceleribus
531 1346 619 1401 poree
632 1325 731 1402 Syllo3
758 1346 833 1402 quse
850 1332 911 1385 illic
924 1332 1020 1387 victor
1034 1342 1094 1388 tam

54 1407 201 1468 horrenda
214 1409 376 1480 commisit,
403 1409 452 1464 oui
466 1427 576 1466 corona
588 1428 679 1466 aurea
691 1411 784 1484 ipsius
797 1414 941 1468 victoriae
953 1415 1094 1472 illustris·

57 1497 164 1550 simum
178 1491 301 1568 signum
311 1493 345 1548 in
357 1491 483 1550 vitulino
497 1493 596 1550 iecore
609 1494 752 1567 apparuit.
784 1496 890 1562 Qualia
910 1498 996 1574 signa
1007 1499 1034 1554 si
1053 1498 1094 1554 dii

58 1578 129 1633 iusti
144 1574 210 1630 dare
225 1576 375 1646 solerent,
403 1591 438 1630 ac
456 1593 517 1632 non
530 1576 688 1634 daemones
702 1572 805 1652 impii,³
818 1579 951 1654 profecto
965 1581 1024 1636 illis
1039 1599 1093 1636 ex-

56 1664 94 1717 tis
109 1657 223 1716 nefaria
241 1659 341 1733 potius
354 1665 444 1732 atque
461 1660 518 1732 ipsi
531 1658 632 1735 Syllae
649 1661 781 1738 graviter
798 1664 889 1718 noxia
902 1665 979 1719 mala
992 1665 1094 1720 futura

57 1750 266 1802 monstrarent.
305 1739 411 1816 Neque
429 1744 590 1800 enim-eius
609 1744 748 1822 dignitati
769 1754 885 1802 tantum
906 1747 1018 1819 profluit
1042 1749 1093 1804 illa

57 1829 193 1895 victorio,
218 1834 363 1900 quantum
388 1826 490 1882 nocuit
518 1826 688 1900 eupiditoti;
715 1845 773 1903 qua
786 1828 896 1887 iactum
910 1839 967 1902 est,
991 1840 1025 1886 nt
1038 1831 1078 1886 im

53 1908 213 1970 moderatio
227 1907 359 1982 inhians,
384 1917 415 1964 et
434 1909 571 1966 secundis
596 1910 685 1967 rebus
709 1912 801 1970 elatus
824 1931 859 1969 ac
872 1915 1091 1988 praecipitatus,

54 1997 144 2074 magis
158 1996 225 2067 ipse
238 1995 352 2068 periret
376 1993 409 2048 in
431 1994 571 2064 moribus,
594 2011 681 2069 quem
701 1996 838 2054 inimicos
864 1998 897 2054 in
923 1997 1092 2070 corporibus

53 2079 198 2154 perderet.
239 2073 323 2132 Haeo
336 2076 381 2132 illi
394 2074 436 2132 dii
449 2094 519 2132 vere
532 2079 632 2134 tristia
643 2096 773 2153 vereque
785 2079 931 2156 lugenda,
959 2097 1021 2134 non
1040 2095 1092 2134 ex-

54 2166 100 2235 tis,
127 2182 192 2220 non
205 2161 353 2238 auguriis,
382 2177 443 2216 non
470 2161 640 2235 cuiusquam
653 2161 768 2218 somnio
781 2161 830 2218 vel
852 2162 995 2220 vaticinio
1007 2179 1092 2236 prae-

54 2247 242 2304 nuntiabant.
281 2241 380 2321 Magis
393 2243 473 2310 enim
487 2242 630 2300 timebant
647 2262 686 2300 ne
712 2245 933 2322 corrigeretur,
955 2263 1042 2322 quam
1055 2265 1093 2302 ne

54 2333 234 2386 vinceretur.
275 2327 366 2382 lmmo
394 2327 467 2384 satis
493 2327 643 2404 egebant,
673 2337 708 2383 ut
737 2329 833 2386 victor
860 2330 969 2386 civium
981 2331 1077 2406 glorio

53 2432 119 2485 sus,
141 2414 244 2470 victus
257 2419 346 2485 atque
363 2411 496 2483 captivus
522 2410 658 2468 nefandis
684 2411 787 2483 vitiis,
814 2421 845 2469 et
869 2411 1007 2487 perhaec
1020 2414 1093 2488 ipsis

53 2499 140 2554 etiam
153 2494 347 2552 daemonibus
367 2493 459 2550 multo
479 2493 650 2550 obstrictius
679 2493 891 2552 subsideretur.

52 2693 193 2757 Quasnam
203 2691 322 2762 maligui
337 2687 451 2757 spiritus
465 2686 624 2756 adflugs'ts'o
640 2685 758 2737 incitent
772 2685 898 2749 domines,
919 2703 978 2737 cum
989 2687 1017 2738 in
1028 2703 1085 2739 corn

48 2761 193 2816 mittendis
210 2761 355 2814 sceleribus
375 2758 453 2826 quusi
471 2756 590 2838 diripiam
610 2755 726 2822 exeuspli
744 2755 788 2808 sui
806 2756 986 2824 interponunt
1003 2765 1095 2809 aucto·

512 2835 633 2881 totalem.

113 2920 202 2978 lllinc
220 2938 293 2976 vero
306 2919 373 2994 quis
388 2936 448 2974 non
467 2917 635 2994 intelligat,
659 2919 724 2993 quis
742 2936 802 2974 non
825 2917 938 2990 videet,
966 2918 1025 2974 nisi
1043 2920 1093 2992 qui

51 3007 123 3060 tales
138 3004 211 3061 deos
225 3003 338 3060 imitari
349 3001 445 3078 nragis
468 3002 569 3078 elegit,
594 3019 681 3076 quam
706 3001 807 3060 divina
832 3003 929 3080 gratia
941 3002 976 3058 ab
990 3019 1092 3058 eornm

50 3090 195 3144 societate
221 3085 369 3161 separari,
397 3093 538 3158 quantuni
562 3085 722 3142 molientur
746 3087 869 3164 maligni
893 3086 944 3142 isti
970 3086 1091 3159 spiritus
1122 3093 1127 3104 '

48 3171 186 3246 exemplo
201 3188 272 3240 suo,
297 3167 382 3224 velut
395 3166 526 3224 divinam
543 3170 750 3224 auctoritatem
762 3170 903 3244 praebere
919 3168 1090 3239 sceleribus,

49 3255 126 3329 quod
141 3255 234 3309 etiam
246 3254 278 3308 in
291 3249 418 3327 quadam
431 3248 606 3324 Campaniae
619 3251 680 3308 lata
692 3253 836 3326 planicie,
862 3253 912 3308 ubi
925 3269 985 3308 non
998 3253 1090 3306 multo

48 3349 113 3411 post
127 3337 235 3394 civiles
243 3337 322 3392 acies
338 3332 453 3390 nefario
466 3334 577 3408 proelio
590 3331 801 3406 conflixerunt,
815 3336 873 3408 ipsi
885 3335 1090 3408 interseprius

48 3438 183 3498 pugnare
195 3420 256 3476 visi
268 3411 363 3474 sueti
402 3415 536 3491 Namque
562 3416 603 3472 ibi
617 3417 710 3474 auditi
724 3425 794 3474 sunt
808 3421 932 3492 primum
951 3419 1089 3493 ingentes

48 3504 199 3582 fragores:
228 3519 357 3576 moxque
370 3501 456 3556 multi
470 3517 502 3554 se
515 3499 625 3556 vidisse
639 3502 817 3557 nuntiarunt
829 3520 882 3575 per
900 3501 1012 3574 aliquot
1026 3497 1090 3552 dies

47 3587 117 3643 duas
130 3587 213 3642 acies
227 3585 380 3660 proeliari.
418 3585 499 3650 Quae
512 3600 612 3661 pugna
625 3583 675 3639 ubi
689 3583 814 3654 destitit,
832 3583 960 3657 vestigia
974 3597 1088 3656 quoquo

45 3673 123 3726 velut
137 3669 294 3726 hominum
307 3676 338 3722 et
352 3683 510 3741 equorum,
540 3675 650 3740 quanta
671 3666 707 3722 de
732 3667 783 3740 illa
797 3663 1016 3722 conflictatione
1035 3679 1088 3717 er-

44 3755 129 3825 primi
148 3761 312 3829 poterant,
341 3751 530 3806 invenerunt.
571 3746 604 3804 Si
628 3767 701 3825 ergo
727 3749 874 3804 veraciter
894 3746 973 3800 inter
986 3763 1018 3801 se
1031 3765 1088 3803 nu·

45 3839 120 3894 nina
133 3843 331 3916 pugnarunt,
353 3831 497 3889 iambella
515 3833 612 3888 civilia
626 3841 806 3888 excusentur
819 3828 962 3901 humana3
990 3829 1088 3886 consi-
