2590 4396
199 181 258 236 llo
389 166 395 174 ’
426 174 523 233 DlVl
543 171 732 232 avanti!
757 171 1011 230 AVGVSTlNl

195 347 316 404 parvum
330 336 425 398 esset,
450 328 477 382 si
490 326 573 400 quies
589 331 619 379 ct
631 323 745 378 iustitia
757 322 950 380 finitimorum
963 333 1067 378 contra
1080 323 1234 384 rebellum

195 411 262 488 geri
280 412 360 466 nulla
382 417 557 485 provocaret
581 405 705 461 iniuria:
733 422 767 461 ac
779 405 960 462 felicioribus
974 407 1017 462 sic
1028 405 1114 462 rebus
1128 405 1233 464 huma-

197 495 243 550 nis
258 494 356 550 omnia
369 511 461 570 regna
479 507 569 564 parva
584 496 685 542 essent
698 489 838 544 concordi
850 489 1005 544 vicinitate
1018 490 1173 561 laetantia3
1200 501 1233 547 et

197 579 239 632 ita
253 585 352 632 essent
365 577 396 631 in
409 573 516 630 mundo
529 587 623 648 regna
641 571 766 642 plurima
779 565 928 649 gentium,
955 580 988 626 ut
1014 580 1083 628 sunt
1105 573 1137 628 in
1157 573 1233 630 urbe

196 659 297 717 domus
321 658 463 730 plurimae
490 655 605 709 civium.
649 651 778 708 Proinde
804 653 979 730 belligerare
1005 665 1035 710 et
1058 654 1231 728 perdomitis

196 741 333 818 gentibus
347 739 468 794 dilatare
485 753 626 813 regnum,
639 737 724 790 malis
737 735 852 794 videtur
865 737 1004 810 felicitas,
1031 737 1114 793 bonis
1128 755 1232 793 neces·

195 825 274 878 sitas.
312 819 371 876 Sed
384 821 452 896 quia
464 821 547 894 peius
561 827 656 889 esset,
669 828 702 874 ut
715 819 851 875 iniuriosi
863 820 1030 877 iustioribus
1044 821 1232 877 dominaren-

195 915 258 974 tur,
285 903 350 972 ideo
365 921 425 972 non
438 903 602 979 incongrue
616 900 722 956 dicitur
736 903 823 958 etiam
837 904 894 958 ista
912 903 1044 960 felicitas.
1089 901 1148 960 Sed
1160 922 1231 976 pro-

195 988 242 1042 cul
256 985 342 1041 dubio
356 985 480 1042 felicitas
493 985 586 1040 maior
597 993 651 1055 est,
666 985 796 1040 vicinum
806 984 914 1042 bonum
926 983 1032 1042 habere
1045 985 1231 1055 concordem,

195 1087 280 1143 quam
305 1069 434 1124 vicinum
460 1069 567 1123 malum
594 1065 750 1143 subiugare
770 1069 935 1123 bellantem.
978 1069 1055 1124 Mala
1068 1077 1136 1124 vota
1149 1077 1232 1139 sunt,

195 1159 294 1226 optare
319 1148 425 1206 habere
452 1169 538 1225 quem
564 1148 677 1219 oderis,
703 1151 751 1204 vel
770 1167 856 1224 quem
869 1151 987 1220 timeas,
1013 1159 1046 1204 ut
1058 1151 1150 1224 possit
1164 1167 1233 1205 esse
1283 1201 1284 1218 ,

195 1252 281 1309 quem
292 1234 402 1291 vincas.
447 1231 481 1290 si
495 1251 565 1310 ergo
579 1233 655 1287 iusta
680 1231 809 1309 gerendo
836 1231 925 1302 bella,
952 1250 1012 1288 non
1036 1232 1140 1305 impia,
1167 1251 1233 1288 non

193 1317 312 1393 inique,
339 1315 465 1374 Romani
478 1316 703 1390 imperiumtam
721 1332 860 1392 magnum
884 1315 1034 1389 acquirere
1060 1322 1233 1388 potuerunt,

194 1399 334 1474 numquid
358 1408 497 1474 tauquam
522 1400 618 1472 aliqua
644 1397 698 1453 dea
724 1396 845 1453 colenda
863 1405 908 1452 cst
933 1397 1232 1472 eisetiaminiquitas

194 1477 310 1538 alienat
336 1481 460 1538 numm
474 1481 552 1536 enim
566 1479 603 1534 ad
616 1481 701 1535 irtam
712 1480 896 1535 latitudinem
908 1479 1023 1554 imperii
1037 1497 1100 1535 eam
1123 1497 1231 1553 coope-

193 1572 286 1618 ratam
298 1561 446 1632 videmus,
473 1579 547 1636 quac
560 1560 687 1616 faciebat
698 1562 873 1633 iniuriosus,
891 1571 923 1616 ut
937 1571 1035 1618 essent
1048 1581 1113 1618 cum
1125 1561 1231 1636 quibus

193 1647 269 1700 iustu
282 1644 357 1718 bella
381 1651 573 1721 gererentur,
600 1651 629 1697 ct
641 1652 798 1719 augeretur
812 1645 974 1718 imperium.
1019 1643 1077 1701 Cur
1090 1652 1187 1700 autem
1200 1654 1232 1700 et

193 1729 333 1801 iniquitas
360 1727 413 1782 dea
437 1745 497 1782 non
524 1727 579 1796 sit,
605 1727 654 1781 vel
667 1734 855 1782 externarum
880 1729 1028 1804 gentium,
1054 1729 1080 1783 si
1091 1725 1186 1783 Pavor
1200 1737 1232 1783 ct

193 1809 290 1866 Pallor
304 1819 334 1864 et
345 1809 447 1864 Febris
461 1809 503 1864 dii
516 1807 642 1863 Romani
656 1826 719 1863 esse
733 1806 919 1866 merueruntf
933 1809 989 1866 His
1003 1811 1094 1888 igitur
1106 1809 1230 1882 duabus,

193 1892 295 1964 idest,
320 1893 417 1948 aliena
430 1892 585 1966 iniquitate
598 1899 628 1946 et
640 1890 694 1946 dea
707 1890 852 1963 Victoria,
879 1893 947 1949 dum
959 1893 1101 1949 bellorum
1126 1909 1229 1949 causas

195 1976 334 2050 iniquitas
349 1975 473 2045 excitat,
489 1972 618 2030 Victoria
632 1973 732 2030 eadem
745 1973 820 2030 bella
832 1975 957 2031 feliciter
970 1976 1124 2047 terminat,
1139 1977 1230 2032 etiam

193 2058 299 2114 feriato
312 2057 381 2116 love
395 2058 488 2114 crevit
500 2057 661 2131 imperium.
701 2058 778 2123 Quas
792 2059 872 2114 enim
883 2055 931 2114 bic
942 2068 1039 2132 partes
1052 2057 1163 2132 Iupiter
1174 2056 1230 2116 ha-

194 2141 293 2212 beret,
317 2159 382 2196 cum
395 2159 430 2197 ea
441 2158 516 2215 quae
529 2148 649 2214 possent
661 2139 804 2196 beneficia
815 2142 877 2196 eius
890 2137 1003 2216 putari,
1019 2141 1060 2198 dii
1072 2139 1230 2214 habentur,

194 2223 235 2278 dii
260 2233 418 2294 vocantur,
444 2222 485 2278 dii
500 2224 648 2294 coluntur,
673 2223 729 2297 ipsi
741 2241 794 2298 pro
808 2225 868 2279 suis
881 2224 1011 2299 partibus
1034 2222 1230 2280 invocantur?

194 2304 324 2362 Haberet
335 2304 382 2360 hic
396 2307 484 2361 etiam
497 2307 547 2361 illc
560 2307 686 2380 aliquam
698 2314 826 2379 partem,
852 2307 879 2362 si
901 2325 1025 2385 regnum
1048 2308 1137 2362 etiam
1164 2309 1231 2384 ipse

194 2390 403 2463 appellaretur,
430 2389 506 2444 sicut
517 2389 677 2463 appellatur
691 2389 742 2444 illa
755 2387 893 2446 Victoria.
918 2390 977 2447 Aut
988 2391 1014 2445 si
1025 2407 1151 2467 regnum
1163 2409 1230 2447 mu-

193 2489 248 2526 nus
262 2481 307 2526 est
318 2470 411 2542 lovis,
438 2489 489 2526 cur
504 2491 565 2528 non
578 2479 608 2526 et
619 2471 742 2527 victoria
754 2491 858 2528 munus
872 2473 934 2528 eius
946 2467 1104 2529 habeaturf
1143 2474 1231 2540 Quod

192 2554 322 2628 profecto
347 2553 517 2625 haberetur,
546 2555 571 2609 si
585 2573 645 2610 non
663 2555 736 2628 lapis
751 2555 783 2610 in
797 2553 957 2630 Capitolio,
984 2555 1033 2611 sed
1058 2573 1145 2612 verus
1160 2555 1230 2614 Rex

192 2655 295 2714 regum
310 2645 339 2692 et
353 2636 496 2694 Dominus
510 2636 721 2693 dominantium
735 2647 960 2715 cognosceretur
973 2647 1059 2713 atque
1073 2639 1230 2698 coleretur.

573 2787 694 2845 CAP.
737 2786 843 2844 XVI.

194 2883 265 2945 Quid
278 2883 371 2953 ficerit
386 2884 456 2949 quod
464 2882 582 2938 Romani
591 2884 709 2936 canoribus
720 2883 800 2934 rebat
810 2893 838 2935 ct
848 2883 968 2937 omnibus
977 2885 1091 2948 motibus
1102 2887 1163 2938 deor
1172 2889 1231 2941 sin-

240 2955 333 3018 gulos,
352 2952 522 3018 deputantes,
542 2955 634 3006 aedem
646 2951 752 3015 Quietis
763 2961 843 3005 extro
850 2963 948 3024 portes
958 2971 1012 3008 esse
1022 2958 1171 3008 voluerunt.

259 3053 351 3111 Miror
376 3065 472 3113 autem
497 3059 667 3132 plurimum,
694 3057 771 3133 quod
785 3077 849 3114 cum
863 3061 932 3118 deos
945 3064 1075 3140 singulos
1101 3063 1230 3140 singulis

191 3138 278 3194 rebus
293 3145 322 3192 ct
333 3157 409 3214 pene
422 3141 547 3218 singulis
560 3139 685 3196 motibus
704 3141 911 3215 attribuerent,
937 3155 1117 3202 vocaverunt
1141 3145 1230 3203 deam

192 3221 386 3298 Agenoriam,
400 3241 473 3297 quac
487 3222 524 3278 ad
537 3222 683 3299 agendum
697 3226 853 3298 excitaret3
871 3225 954 3282 dcam
967 3225 1138 3300 Stimulam,
1152 3247 1230 3304 quae

191 3303 226 3359 ad
253 3303 398 3380 agendum
423 3306 499 3360 ultra
523 3304 640 3360 modum
665 3308 842 3380 stimularet;
869 3309 952 3364 deam
968 3309 1124 3382 Murciam,
1151 3329 1229 3385 quae

191 3387 434 3460 praetermodum
448 3405 507 3442 non
520 3396 665 3459 moveret,
693 3407 726 3444 ac
739 3389 849 3446 faceret
861 3390 1025 3463 hominem,
1039 3402 1071 3448 ut
1083 3394 1125 3448 ait
1137 3392 1227 3450 Porn-

190 3471 311 3542 ponius‚
338 3469 515 3540 murcidum,
542 3469 646 3540 idest,
673 3473 760 3526 nimis
775 3471 950 3530 desidiosum
977 3484 1006 3530 et
1027 3477 1228 3550 inactuosum

190 3549 274 3606 deam
287 3548 459 3621 Strenuam,
485 3569 558 3626 quae
584 3551 694 3608 faceret
719 3562 884 3627 strenuum3
910 3555 955 3610 his
969 3557 1102 3614 omnibus
1121 3557 1178 3614 diis
1197 3571 1229 3616 et

190 3631 297 3687 deabus
310 3633 423 3706 publica
437 3651 518 3688 sacra
532 3634 628 3689 faeere
641 3646 843 3709 susceperunt:
871 3638 1007 3704 Quietem
1028 3659 1099 3697 vero
1125 3644 1227 3716 appel-

190 3715 299 3782 lantes,
313 3731 386 3787 quac
400 3715 509 3770 faceret
522 3719 667 3790 quietum,
689 3735 754 3772 cum
769 3719 869 3774 aedem
881 3719 1002 3778 habcrct
1014 3731 1098 3778 extra
1110 3734 1228 3798 portam

190 3792 348 3872 Collinam,
376 3797 488 3868 publice
506 3799 585 3854 illam
599 3800 744 3872 suscipere
758 3802 923 3858 noluerunt.
967 3805 1070 3862 Vtrum
1084 3806 1228 3865 indicium
