2576 4396
250 176 311 234 DE
336 175 554 240 ClVlTATE
578 180 658 244 DEI
685 182 767 245 LlB,
790 185 848 247 lx.
1019 195 1080 254 2le

41 329 166 388 moribus
179 329 312 398 similes,
338 320 460 408 (utnon
474 332 569 388 dicam
582 334 759 402 deteriores,
784 353 818 390 co
833 354 891 411 qno
905 344 1081 402 vetustiores

41 426 66 471 et
79 414 178 470 debita
191 430 288 488 poena
302 407 509 495 insanabiles,)
536 416 628 487 ipsius
642 433 757 491 quoque
769 422 892 490 mentis,
914 433 948 480 nt
960 425 1016 482 iste
1029 445 1080 500 ap-

40 497 167 573 pellavit,
182 497 246 552 salo
261 492 418 566 fluctuant3
447 515 502 554 nee
516 498 685 556 inveritate
698 508 787 574 atque
800 503 922 573 virtute,
949 524 1005 581 qua
1018 519 1079 566 tur·

40 581 166 637 bulentis
179 587 211 636 et
223 578 323 652 pravis
338 575 538 636 affectionibus
551 591 747 659 repugnatur,
772 601 810 640 ex
823 587 883 642 ulla
896 589 987 646 aniani
999 601 1081 663 parte

41 666 206 721 consistunt

450 745 472 804 C
495 748 519 804 A
540 746 572 804 Ρ.
616 747 677 804 IV.

40 839 77 892 De
84 839 344 908 perturbationibus
358 857 426 908 quae
436 842 526 896 animo
542 843 682 910 cendunt,
701 863 770 914 quae
781 848 820 900 eit
830 847 1081 918 Peripateticorum

383 909 584 982 Stoicorumque
594 917 737 970 sementia.

97 996 186 1054 Duae
205 1007 277 1056 aunt
295 1002 459 1058 sententiae
477 1001 716 1078 philosophorum
729 1004 765 1060 de
778 1004 823 1061 his
837 1009 927 1062 animi
939 1007 1079 1080 motibus,

42 1099 107 1158 quos
121 1080 234 1136 Graeci
249 1073 350 1159 πάθη,
364 1087 459 1140 nostri
472 1096 571 1154 antem
583 1087 716 1161 qnidam,
730 1090 808 1144 sieut
821 1088 940 1160 Cicero,
961 1100 1078 1164 pertur-

40 1166 180 1235 bationes,
192 1163 312 1239 quidam
322 1163 491 1225 affectiones
501 1171 550 1226 vel
562 1167 695 1241 allectus,
709 1170 827 1244 quidam
836 1191 919 1241 vero,
934 1174 1012 1228 sicut
1023 1175 1080 1230 iate

41 1248 71 1304 de
84 1247 201 1304 Graeco
216 1251 395 1323 expressius,
410 1254 561 1324 passiones
574 1261 692 1308 vocant.
720 1251 782 1308 Has
796 1272 867 1330 ergo
882 1254 1078 1327 perturbatio-

40 1350 87 1387 nes
106 1329 228 1406 quidam
246 1329 408 1407 philosophi
427 1334 529 1390 dicum
549 1336 637 1390 etiam
655 1335 688 1390 in
706 1337 869 1410 sapientem
882 1337 1002 1406 eadere,
1029 1338 1079 1393 sed

40 1414 200 1470 moderatas
213 1416 381 1490 rationique
395 1418 552 1488 subiectas,
566 1427 600 1472 ut
613 1419 655 1472 eis
669 1419 750 1494 leges
764 1417 889 1492 quodam
900 1418 999 1489 modo,
1013 1421 1077 1493 qui-

40 1499 88 1554 bus
101 1496 138 1554 ad
151 1499 354 1553 necessarium
366 1499 541 1577 redigantur
550 1500 680 1570 modum,
694 1500 854 1558 dominatio
866 1503 973 1557 mentis
984 1503 1077 1575 impo-

39 1591 94 1637 nat.
120 1578 188 1635 Hoc
203 1581 256 1654 qui
276 1581 424 1652 sentiunt,
450 1581 597 1642 Platonici
616 1593 687 1640 aunt
703 1585 767 1641 sive
785 1584 983 1654 Aristotelici,
1011 1603 1078 1641 eum

38 1665 209 1721 Aristoteles
223 1663 382 1738 discipulus
396 1664 527 1722 Platonis
542 1667 649 1738 fuerit,
664 1668 714 1742 qni
728 1677 839 1723 rectmn
852 1666 1078 1740 Peripateticum

40 1746 175 1804 condidit.
202 1746 278 1802 Aliis
292 1756 399 1820 autem,
413 1749 489 1806 sieut
502 1748 622 1822 Stoicis,
637 1749 740 1806 eadere
753 1753 827 1806 ullas
841 1752 961 1808 omnino
975 1749 1075 1806 huius-

39 1829 146 1886 cemodi
157 1831 314 1904 passiones
328 1831 360 1886 in
376 1834 535 1906 sapientem
554 1853 615 1890 non
633 1835 738 1907 placet.
763 1819 828 1890 Hos
848 1843 960 1905 autem,
983 1833 1077 1890 idest

39 1913 162 1985 Stoicos,
178 1911 283 1970 Cicero
297 1915 425 1983 inlibris
439 1916 474 1972 de
487 1915 595 1972 finibus
608 1917 753 1974 bonorum
767 1919 964 1988 etmalorum,
979 1916 1075 1973 verbis

37 2001 125 2076 magis
139 2015 230 2072 quam
241 1997 329 2052 rebus
342 1997 482 2054 adversus
495 1997 665 2056 Platonicos
676 2019 728 2056 seu
737 2000 950 2074 Peripateticos
962 2009 1076 2056 certare

37 2083 201 2138 convincit:
229 2079 345 2154 quando
361 2081 478 2156 quidem
491 2081 585 2138 Stoici
608 2085 714 2140 nolunt
734 2083 812 2138 bona
834 2083 997 2155 appellare,
1023 2081 1075 2136 aed

37 2163 187 2221 commoda
198 2165 331 2238 eorporis
339 2173 369 2219 et
375 2173 513 2237 exterssa3
528 2184 562 2221 eo
573 2165 650 2240 quod
659 2164 884 2221 nullusnbonum
894 2165 999 2220 volunt
1009 2181 1075 2218 esse

36 2247 160 2304 hominis
174 2256 295 2321 praeter
306 2248 464 2319 virtutem,
490 2253 630 2323 tanquam
642 2257 737 2304 artem
750 2247 825 2302 bene
837 2246 973 2318 vivendi,
985 2307 989 2314 ,
1000 2265 1074 2321 quae

36 2352 89 2388 nen
103 2333 165 2388 nisi
180 2332 214 2385 in
227 2330 326 2384 animo
341 2340 394 2386 cst.
433 2330 514 2386 Haec
527 2341 626 2386 autem
642 2333 694 2386 isti
713 2332 885 2404 simpliciter
898 2340 928 2386 et
941 2347 979 2384 ex
994 2347 1073 2385 cons-

35 2417 112 2472 muni
126 2413 273 2488 loquendi
288 2413 499 2469 consuetudine
513 2416 661 2488 appellant
680 2414 770 2483 hona3
798 2413 849 2468 sed
869 2415 902 2467 in
922 2431 1072 2485 comparas

35 2501 110 2555 tione
124 2497 261 2566 virtutis,
276 2506 427 2570 quarceto
439 2497 561 2565 vivitur,
575 2514 666 2567 parva
679 2505 708 2549 et
722 2496 838 2570 exigua.
851 2493 899 2549 Ex
913 2513 969 2567 quo
982 2494 1026 2562 fit,
1041 2503 1075 2548 ut

36 2582 65 2637 ab
77 2581 216 2654 utrisque
227 2579 378 2654 quodlibet
390 2587 545 2648 vocentur,
560 2595 612 2632 seu
626 2577 702 2632 bona
713 2595 765 2630 seu
779 2575 938 2643 commoda,
952 2576 1015 2646 pari
1028 2583 1073 2628 ta-

35 2684 96 2720 men
109 2663 320 2720 aestimatione
332 2670 505 2734 pensentur,
519 2677 574 2714 nco
587 2661 617 2713 in
633 2657 687 2714 hae
701 2659 873 2733 quaestione
887 2655 981 2712 Stoici
995 2656 1072 2712 dele-

36 2757 164 2818 ctentur,
192 2746 252 2801 nisi
271 2746 402 2800 novitate
421 2743 586 2800 verborum.
614 2740 736 2796 Videtur
755 2759 826 2818 ergo
844 2737 915 2794 mihi
933 2739 1021 2794 etiam
1041 2739 1073 2794 in

35 2829 94 2902 boe,
110 2831 163 2887 ubi
177 2828 341 2903 quaeritur,
355 2837 453 2882 utnsm
465 2825 601 2883 accidant
613 2826 740 2900 sapienti
752 2825 904 2898 passiones
919 2823 1019 2893 animi,
1034 2841 1072 2877 an

36 2915 65 2969 ab
79 2917 119 2969 eis
133 2915 174 2969 sit
187 2928 311 2986 prorsus
325 2912 454 2980 alienus,
481 2909 516 2964 de
535 2909 633 2964 verbis
653 2926 702 2963 eos
721 2908 819 2982 potius
834 2923 921 2983 spnam
935 2905 1071 2962 derebus

36 2995 125 3052 faeere
140 2995 386 3051 controversiam.
420 2991 495 3046 Nam
509 2999 539 3046 et
552 2992 630 3066 ipsos
644 2989 717 3046 nihil
729 2990 798 3048 hine
812 2988 896 3046 aliud
906 3007 992 3064 quam
1004 2987 1071 3044 Pla-

36 3081 145 3136 tonicos
161 3086 193 3132 et
205 3075 418 3148 Peripateticos
432 3069 543 3130 sentire
557 3075 709 3145 existimo,
737 3083 879 3150 quantum
896 3072 933 3127 ad
951 3073 1010 3128 vim
1024 3089 1071 3126 re-

36 3180 94 3218 rum
107 3162 229 3229 attinet,
244 3175 305 3212 nou
319 3156 357 3212 ad
369 3156 579 3212 vocabulorum
592 3175 704 3212 sonum.

90 3245 129 3300 Vt
141 3243 225 3298 enim
240 3240 299 3296 alia
312 3241 461 3309 onsittam,
487 3240 591 3313 quibus
611 3239 640 3294 id
654 3240 822 3310 ostendam,
842 3257 880 3294 ne
892 3241 1016 3315 longum
1028 3237 1073 3292 fa·

35 3327 119 3398 eiam,
139 3323 262 3398 aliquid
277 3339 369 3379 unum
380 3349 382 3354 v
392 3321 469 3397 quod
482 3323 522 3377 sit
535 3321 786 3378 evidentissimum
799 3321 901 3376 dicam.
937 3319 971 3375 ln
989 3319 1073 3374 libris

34 3411 130 3484 quibus
144 3409 252 3464 titulus
270 3414 317 3461 ast
328 3404 465 3462 Noctium
478 3405 650 3474 Atticarum,
665 3403 768 3460 scribit
779 3405 925 3478 Agellius‚
952 3402 999 3456 vir
1013 3401 1072 3452 ele-

33 3492 199 3568 gantissimi
214 3490 337 3564 eloquii,
352 3498 381 3544 et
390 3489 500 3543 multae
512 3508 547 3544 ac
560 3487 705 3543 facundae
721 3486 873 3556 scientiae,
887 3501 920 3536 ae
934 3482 1073 3556 navigas·

34 3593 60 3628 sc
73 3572 235 3652 aliquando
250 3590 316 3628 eum
330 3571 455 3646 quodam
467 3568 639 3644 philosopho
654 3569 747 3625 nobili
760 3565 872 3622 Stoice.
901 3561 929 3617 Is
944 3561 1073 3632 phileae·
1094 3579 1120 3602 ,-

32 3655 112 3729 phus,
127 3660 208 3714 aient
222 3655 313 3712 latius
328 3663 358 3710 et
368 3653 497 3723 uberius,
513 3653 588 3728 qnod
599 3671 654 3730 ego
665 3651 794 3708 breviter
804 3647 960 3720 attingam,
974 3658 1074 3698 narrat

33 3740 179 3817 sigonius,
208 3757 276 3794 eum
298 3737 371 3792 illud
390 3736 543 3812 navigium
556 3733 689 3790 horribili
704 3734 786 3788 coelo
801 3738 830 3784 et
842 3727 916 3782 cnaei
928 3726 1074 3800 periculo·

34 3822 144 3879 tissime
157 3825 332 3890 instaretur,
346 3820 378 3874 vi
390 3819 506 3874 timoris
522 3819 671 3892 expalluit.
685 3815 717 3870 ld
730 3811 966 3870 animadversum
981 3817 1025 3864 cst
1039 3809 1074 3862 ab

724 3896 783 3953 ltu
