2538 4392
202 203 259 260 iio
428 193 527 254 olel
547 188 734 252 AV'RELH
755 188 1014 249 AVGVSTINI

196 354 259 412 niet
270 353 402 413 adorare
412 350 442 408 ei
451 347 531 406 obolo
545 347 678 424 argenti,
693 343 809 404 dieras:
822 340 911 402 Iarta
921 343 1009 400 moia
1017 361 1110 402 uuam
1115 359 1237 424 partem

197 436 363 495 sacordotii
375 435 423 491 tui
434 433 615 490 manducare
622 447 744 507 partera.

260 517 327 576 Non
348 525 446 574 estut
463 515 579 572 dicatur
601 513 658 569 ista
680 511 848 588 prophetia,
873 511 924 568 ubi
946 513 1105 570 seeerdotii
1127 521 1236 574 veteris

196 609 280 662 tante
290 600 532 658 manifestatione
545 598 753 672 praenuntiata
765 596 887 655 mutatio
906 605 968 667 est,
994 598 1025 654 in
1040 595 1177 656 Samuele
1189 601 1235 656 fu-

195 687 255 742 isse
266 685 421 759 completa.
448 683 621 757 Quanquam
634 681 713 736 enim
726 699 787 738 nan
798 689 879 736 esset
891 679 928 736 de
940 681 998 738 alia
1010 681 1091 738 trihu
1105 681 1234 754 Samuel,

195 787 283 846 quarn
296 786 371 844 quae
385 767 545 824 constituta
555 763 655 820 iuerat
666 780 684 818 a
696 762 845 836 Domino,
871 771 906 821 ut
918 765 1046 825 serviret
1059 767 1162 840 altari;
1188 777 1231 825 ta-

194 871 262 910 men
276 869 337 908 non
351 859 415 907 eret
432 849 468 904 de
485 847 555 904 filiis
576 847 692 919 Aaron,
715 848 798 904 euius
816 849 974 926 progenies
993 847 1091 906 iuerat
1115 849 1232 928 ‹leputa-

195 945 237 1008 ta,
254 935 332 992 uude
349 933 455 990 fierent
471 929 651 989 sacerdotes:
678 949 713 988 ao
726 949 779 1006 per
791 929 846 990 hoo
864 932 895 988 in
914 949 950 987 ea
962 949 1078 1008 quoque
1094 952 1127 990 re
1140 945 1233 1012 gesta,

195 1019 296 1076 eadem
308 1018 449 1088 mutatio,
468 1033 544 1091 quae
556 1035 609 1090 per
622 1013 772 1072 Christum
784 1015 882 1074 lerum
894 1015 993 1072 futura
1006 1015 1111 1089 fuerat,
1130 1019 1231 1076 adm-

195 1101 282 1158 hrata
296 1111 354 1158 est:
379 1100 457 1158 etad
470 1109 554 1158 vetus
568 1098 791 1159 Testamentum
803 1101 932 1176 proprie,
945 1099 1072 1177 figurate
1085 1119 1151 1158 vero
1163 1119 1231 1176 per-

194 1187 308 1242 tinebat
322 1185 358 1242 ad
371 1203 490 1256 uorum,
502 1182 655 1260 prophetia
666 1183 739 1240 faeti
751 1185 840 1242 atiani
852 1185 927 1260 ipsa,
940 1201 1003 1243 nen
1014 1185 1113 1258 rerbi3
1131 1185 1163 1242 id
1175 1188 1233 1244 sei-

194 1270 266 1326 lieet
279 1269 358 1326 faoto
373 1268 564 1346 significans,
591 1267 669 1345 quod
685 1268 776 1326 verbo
794 1267 831 1324 ad
842 1267 911 1324 Heli
929 1267 1111 1326 saperdatenr
1123 1268 1234 1328 dietum

196 1363 242 1410 est
255 1372 308 1429 per
321 1352 506 1428 Prophetam.
541 1351 617 1410 Nam
631 1351 753 1408 fuerunt
770 1361 873 1426 postea
887 1351 1053 1408 sacerdotes
1073 1371 1234 1431 exgenere

195 1439 305 1510 Aaron,
318 1435 497 1494 sieutSatloo
510 1445 540 1493 et
546 1434 687 1494 Abiathar
698 1445 843 1515 regnante
854 1435 963 1506 David,
978 1437 1072 1492 etalii
1086 1437 1235 1513 deinceps,

196 1531 265 1582 aute
279 1539 367 1596 quam
377 1531 491 1596 tempus
503 1522 631 1592 reniret,
645 1539 702 1596 quo
713 1521 770 1576 ista
782 1537 856 1596 quae
869 1520 905 1576 de
918 1519 1084 1578 sacerdotio
1095 1523 1234 1578 mutando

179 1602 279 1662 'tanto
291 1614 361 1660 ante
374 1602 524 1676 praedicta
537 1613 618 1675 sunt,
643 1602 718 1660 effioi
729 1623 781 1678 per
795 1601 944 1660 Christum
957 1602 1118 1678 oportebat.
1164 1607 1234 1672 Quis

195 1697 295 1745 autern
307 1705 386 1743 nuno
401 1685 481 1742 fideli
495 1688 579 1744 oculo
592 1684 665 1743 haee
676 1689 797 1744 intuens
811 1706 871 1744 nou
883 1686 982 1744 rideat
995 1705 1058 1744 esse
1072 1687 1234 1764 eompletai

197 1767 321 1840 Quando
333 1769 450 1845 quidem
462 1771 576 1826 nullum
588 1771 821 1842 tabernaculum,
835 1773 947 1829 nullum
959 1771 1108 1846 templum,
1123 1774 1233 1830 nulium

196 1857 306 1926 nitere,
321 1855 434 1910 nullum
448 1852 641 1926 sacrificium,
664 1863 695 1910 et
708 1853 773 1912 ideo
788 1869 842 1912 nee
856 1857 932 1912 ullus
944 1853 1080 1912 sacerdos
1094 1860 1235 1914 remansit

194 1937 322 2010 ludaeis,
336 1937 452 2012 quihus,
465 1946 500 1995 ut
512 1935 548 1993 de
561 1939 674 1994 semine
686 1938 784 1996 Aaron
798 1939 999 2010 ordinaretur,
1023 1939 1055 1996 in
1069 1937 1130 1996 Dei
1143 1939 1235 1998 fluerat

195 2023 261 2100 lege
272 2021 460 2081 mandatum.
487 2021 574 2088 Quod
588 2031 618 2078 et
631 2019 680 2080 hie
694 2031 951 2080 commemoratum
970 2031 1029 2094 eat,
1052 2022 1106 2082 illo
1120 2024 1234 2081 dieente

194 2103 356 2182 Propheta,
381 2103 469 2163 Haeo
482 2106 557 2164 dicit
569 2105 714 2164 Dominus
728 2104 811 2164 Deae
825 2103 940 2176 Israel,
953 2105 1049 2176 Diri,
1065 2107 1171 2166 damas
1183 2118 1234 2166 ree

193 2191 338 2250 ardemus
354 2191 465 2268 patria
481 2191 529 2246 tui
546 2183 724 2248 transibunt
741 2209 842 2246 eoram
861 2208 907 2246 rae
918 2207 1010 2267 usqae
1027 2191 1057 2246 ia
1071 2201 1233 2250 aeternare.

194 2270 237 2330 Et
250 2293 327 2331 aare
342 2275 417 2332 dicit
429 2270 585 2343 Dominae,
599 2271 802 2351 Nequaquam,
816 2274 871 2332 sed
881 2273 1090 2350 glarifieartea
1103 2293 1161 2345 aee,
1173 2276 1234 2354 gla-

194 2355 336 2432 rifioabo3
349 2367 379 2414 et
393 2358 444 2434 qai
456 2375 500 2414 rna
513 2359 641 2433 spernit,
654 2367 823 2434 spernetur.
843 2357 927 2424 Quod
940 2359 1018 2414 enim
1033 2360 1172 2416 nominat
1185 2360 1233 2416 do·

193 2455 274 2498 mum
285 2442 378 2515 patris
392 2441 468 2512 eius,
483 2459 545 2500 non
559 2455 627 2498 eum
640 2439 676 2496 de
688 2443 822 2516 proxime
836 2449 919 2516 patre
932 2441 1046 2513 dicere,
1068 2443 1122 2499 sed
1136 2443 1173 2500 de
1185 2445 1233 2500 ilio

194 2523 307 2596 Aaron,
333 2526 384 2602 qui
404 2525 514 2598 primus
534 2525 671 2584 sacerdos
686 2533 731 2582 est
748 2525 919 2597 institutus,
945 2525 982 2582 de
996 2526 1080 2582 ouius
1092 2529 1234 2607 progenie

192 2610 303 2666 eaeteri
316 2617 518 2686 sequerentur,
532 2611 688 2684 superiora
700 2608 915 2681 demonstrant,
927 2611 978 2670 ubi
991 2611 1046 2667 ait:
1070 2608 1235 2670 aarum

193 2709 256 2750 ram
269 2693 312 2750 ad
323 2693 436 2752 domam
444 2694 550 2770 patria
565 2695 620 2766 tui,
635 2711 699 2750 oara
713 2703 811 2750 essent
825 2695 956 2750 interra
966 2692 1097 2770 Aegypti
1107 2698 1193 2752 rer-ui
1205 2698 1235 2752 ir

193 2776 275 2833 domo
285 2774 463 2844 Pharaonis,
478 2785 509 2832 et
522 2775 722 2850 elegidoraum
729 2778 837 2853 patrio
850 2777 897 2832 tui
909 2795 946 2832 ar
959 2776 1089 2832 omnibus
1103 2781 1235 2858 saepti-ir

191 2854 305 2928 Irrat'i,
329 2857 402 2914 mihi
414 2857 583 2916 sacerdotio
595 2858 703 2932 fungi.
734 2859 807 2924 Quis
824 2867 939 2938 patrurrr
954 2855 1061 2936 [pater]
1076 2860 1134 2916 fuit
1145 2859 1232 2919 huius

192 2941 225 2996 in
237 2937 289 2996 illa
304 2941 450 3016 Aegyptia
464 2939 619 3010 servitute,
641 2939 729 3011 unde,
753 2959 819 2998 eum
843 2943 959 3000 liberati
982 2952 1099 3016 essent,
1122 2946 1232 3000 eleetur

193 3030 238 3079 ert
250 3022 288 3078 ad
301 3023 507 3092 sacerdotium,
529 3023 589 3077 nisi
602 3021 721 3080 Aaron?
744 3023 790 3082 De
804 3023 890 3082 huius
905 3045 975 3106 ergo
989 3027 1082 3102 stirpe
1096 3029 1154 3084 isto
1166 3029 1232 3084 loeo

192 3105 269 3162 dixit
281 3105 415 3165 futurum
427 3105 538 3176 fuisse,
563 3115 672 3166 utnon
693 3117 794 3166 esseut
805 3111 929 3169 ulterius
944 3109 1128 3169 sacerdotes:
1156 3112 1232 3188 quod

190 3191 252 3246 iarn
263 3188 394 3248 ridemus
408 3191 567 3264 impletum.
590 3189 704 3270 Vigilat
715 3192 804 3266 fides,
817 3204 933 3268 praesto
948 3205 1017 3252 runt
1029 3213 1089 3266 res,
1104 3213 1233 3254 eeruuu·

190 3283 251 3346 tur,
265 3283 416 3346 tenentur,
431 3283 462 3332 et
473 3274 574 3332 ridere
587 3278 752 3334 nolentium
765 3279 859 3334 oeulis
872 3280 1064 3356 ingeruntur:
1082 3279 1172 3350 Erae,
1184 3281 1234 3336 in·

191 3359 266 3434 quit,
281 3360 344 3418 dies
357 3361 489 3429 ueniant,
503 3370 534 3417 et
548 3361 750 3420 exterminabo
763 3379 859 3420 seruere
872 3373 963 3434 tuum,
977 3373 1007 3420 et
1019 3379 1118 3422 aaaron
1130 3364 1235 3422 ἅοιιιι

185 3445 291 3524 patria
305 3445 361 3514 tui,
388 3453 418 3500 et
431 3461 488 3500 aaa
502 3445 562 3500 erit
575 3445 632 3502 tihi
643 3447 743 3504 serior
757 3447 788 3502 ia
802 3446 961 3510 damoaaea
973 3447 1106 3504 omnibus
1120 3447 1235 3518 darn,

190 3527 329 3586 etvirum
343 3525 545 3584 exterminabo
566 3528 623 3584 tibi
645 3529 681 3586 ab
705 3527 804 3588 altari
827 3549 904 3600 mea,
931 3541 966 3588 at
988 3529 1135 3600 definiant
1158 3531 1235 3589 orale

190 3612 271 3681 eius,
295 3619 326 3668 et
344 3610 458 3686 defluat
477 3612 578 3668 arima
596 3613 668 3673 riae.
702 3609 783 3671 ane
796 3613 858 3670 dier
873 3616 923 3690 qui
935 3616 1142 3689 praenuntiati
1156 3625 1234 3683 sunt,
1264 3643 1265 3704 ι

192 3708 249 3748 ram
260 3703 417 3750 venerunt.
451 3692 556 3752 Nullus
570 3695 772 3754 sacordosest
792 3697 955 3756 seeundum
968 3697 1105 3756 ordinem
1117 3699 1234 3757 Aaron.
1264 3717 1265 3750 ι

192 3777 398 3851 etquicunque
421 3793 458 3832 ex
472 3779 535 3836 eius
556 3797 667 3856 genere
687 3779 846 3854 esthemo,
874 3801 940 3840 oum
957 3781 1040 3840 videt
1053 3783 1235 3840 saerifieiun
1264 3803 1265 3842 ι

191 3854 424 3917 Christianorum
437 3868 504 3920 toto
514 3861 586 3918 orbe
598 3865 719 3941 pollere,
736 3865 793 3924 ribi
806 3874 904 3925 autern
916 3864 1060 3924 honorem
1073 3868 1160 3926 illurn
1174 3885 1235 3925 nra·
1264 3857 1265 3928 ι
