2586 4396
238 205 279 266 66,
461 193 560 255 n1v1
587 193 774 254 AVRELH
797 189 1051 252 AVGVSTINI

240 363 333 425 atros,
359 351 414 408 duo
432 348 523 405 millia
542 345 660 404 ducenti
672 346 826 424 sexaginta
843 344 912 402 duo:
938 342 1095 402 secundum
1107 343 1254 404 Hebraeos

241 447 349 508 autem,
361 435 450 504 mille,
463 432 596 491 sexcenti
609 431 819 508 quinquaginta
832 447 894 486 sex.
915 427 955 485 Vt
972 446 1042 506 ergo
1057 429 1146 485 istum
1156 449 1255 486 nume-

239 519 455 578 rumnsinorem
468 514 616 572 eradamus
630 533 695 572 esse
705 515 858 585 seriorem,
872 512 906 569 de
919 513 1155 568 millesexeentis
1167 516 1255 588 quin-

240 604 381 681 quaginta
394 618 446 656 sex
459 600 543 655 annis
557 597 679 654 ducenti
688 596 884 675 quadraginta.
894 594 1097 652 detrahantur:
1118 597 1256 672 nonrquid

240 686 376 744 credibile
389 693 434 740 est
444 701 496 758 per
509 683 588 742 mille
601 679 846 758 quadr‘uagentos,
865 689 895 736 et
907 679 986 755 quod
997 680 1141 750 excurrit,
1153 698 1256 751 annos,

241 772 291 846 qui
308 777 420 828 restant
433 783 523 840 usque
536 764 572 822 ad
585 764 740 836 diluvium,
765 765 934 842 progeniem
946 762 1018 821 Cain
1032 781 1049 818 a
1062 763 1257 841 generationi-

240 853 293 910 bus
304 869 408 909 vacare
418 843 567 924 potuisset

304 933 364 992 Sed
376 935 425 1008 qui
438 949 476 988 ex
487 930 542 988 hoc
555 940 698 1003 movent,
710 932 886 1002 meminerit,
899 948 987 1006 quum
999 948 1176 1006 quaererem,
1190 948 1256 1005 quor

240 1017 332 1077 modo·
340 1015 514 1074 eredendum
526 1017 580 1086 sit,
594 1015 730 1090 antiquos
738 1016 806 1070 illos
816 1012 947 1071 homines
957 1033 1009 1090 per
1018 1023 1078 1070 tam
1088 1015 1194 1070 multos
1206 1031 1256 1068 an-

243 1121 297 1160 nos
310 1120 329 1158 a
341 1099 496 1180 gignendis
509 1098 577 1156 filiis
590 1117 704 1157 cessare
715 1099 860 1173 potuisse,
887 1097 995 1154 duobus
1008 1097 1100 1154 modis
1115 1098 1200 1152 istam
1212 1115 1257 1152 so-

242 1187 337 1244 lutam.
345 1203 409 1240 esse
421 1184 635 1259 quaestionem
645 1191 699 1239 aut
709 1182 744 1238 de
757 1199 825 1238 sera
834 1181 994 1256 pubertate,
1006 1181 1189 1256 proportione
1201 1189 1259 1235 tem

241 1270 349 1348 longae
374 1271 469 1339 vitae3
494 1275 544 1324 aut
561 1267 596 1322 de
616 1266 684 1324 filiis
703 1268 755 1340 qui
773 1275 1032 1323 commemorantur
1049 1265 1082 1320 in
1095 1265 1258 1342 gerontio-

224 1394 227 1402 Δ
243 1355 347 1428 nibus,
373 1351 451 1428 quod
463 1369 521 1408 uon
534 1349 644 1408 breriut
659 1350 845 1429 primogeniti
851 1364 864 1422 3⁴
885 1349 935 1405 sed
946 1348 976 1405 bi
988 1367 1040 1424 per
1053 1366 1123 1424 quos
1136 1346 1257 1417 adeum,

243 1455 330 1513 quem
343 1434 513 1494 intendebat
524 1444 626 1492 auctor
638 1433 723 1505 libri,
748 1441 862 1508 poterat
873 1434 1042 1507 peruenire,
1061 1435 1137 1490 sicut
1149 1430 1185 1486 ad
1196 1431 1258 1488 Noe

241 1523 274 1578 in
287 1517 524 1598 generationibus
538 1516 618 1574 Seth.
661 1515 787 1573 Proinde
812 1519 844 1572 in
867 1516 1110 1593 generationibus*
1123 1513 1212 1586 Cain,
1234 1518 1260 1570 si

242 1622 305 1662 non
317 1603 447 1660 decurrit
458 1601 508 1675 qui
520 1599 637 1656 deberet
649 1600 772 1672 intendi,
786 1599 822 1656 ad
833 1617 919 1675 quern
931 1599 1141 1675 praetermisssi
1155 1599 1258 1673 primo·

243 1688 366 1765 genitis,
390 1703 442 1758 per
465 1701 515 1740 eos
533 1685 583 1758 qui
601 1685 817 1742 commemorati
835 1691 919 1756 sunt,
944 1684 1091 1757 perveniri
1103 1683 1258 1757 oportebat,

243 1789 309 1826 sera
325 1769 461 1844 pubertas
479 1767 670 1844 intelligenda
687 1768 824 1840 restabit3
849 1776 882 1822 ut
900 1769 1046 1842 aliquanto
1064 1775 1131 1840 post
1148 1775 1260 1822 eentum

244 1870 353 1923 annos,
371 1851 494 1926 puberes
507 1849 674 1927 habilesque
687 1849 724 1906 ad
736 1849 915 1930 gignendum
927 1850 998 1907 facti
1010 1851 1135 1921 tuerint,
1147 1858 1180 1904 ut
1192 1849 1260 1904 ordo

244 1937 467 2014 generationum
478 1952 530 2009 per
541 1935 752 2012 primogenitos
766 1944 911 2006 curreret,
934 1943 964 1990 et
973 1953 1064 2010 usque
1077 1933 1114 1990 ad
1126 1932 1262 1989 diluvium

244 2019 281 2076 ad
294 2035 600 2076 numerumnunerum
617 2027 717 2076 tantae
730 2019 902 2094 quantitatis
912 2027 1086 2074 occurreret.
1127 2017 1261 2083 Quamvis

244 2103 312 2162 fieri
321 2104 431 2178 possit,
456 2111 491 2158 ut
505 2111 622 2177 propter
642 2105 768 2179 aliquam
779 2103 962 2158 secretiorem
977 2119 1107 2174 causam,
1134 2117 1207 2175 qaae
1219 2119 1261 2156 sne

243 2190 332 2259 latet,
345 2205 439 2262 usque
451 2185 488 2244 ad
500 2185 623 2244 Lamech
636 2188 742 2243 eteius
755 2186 830 2242 filios
844 2187 1068 2264 generationum,
1076 2185 1261 2260 perveniente

246 2279 401 2342 contextu,
415 2269 664 2328 commendaretur
674 2269 746 2326 baec
759 2268 881 2341 Civitas,
895 2288 983 2346 quem
993 2267 1114 2324 dicimus
1128 2287 1194 2325 esse
1207 2277 1261 2324 ter-

243 2369 361 2426 renam3
386 2371 421 2410 ac
441 2353 544 2410 deinde
561 2363 689 2410 cessaret
708 2355 834 2428 scriptor
849 2353 916 2409 libri
935 2371 1157 2410 commemorare
1171 2361 1260 2408 caete-

243 2455 308 2509 ras,
326 2455 401 2514 quae
414 2454 504 2512 usque
517 2436 553 2493 ad
566 2437 706 2495 diluvium
718 2455 783 2494 esse
794 2445 961 2513 potuerunt.
983 2435 1083 2494 Potest
1096 2446 1129 2492 et
1139 2438 1191 2493 illa
1203 2454 1262 2491 esse

245 2540 349 2594 seusa,
363 2539 414 2596 cur
427 2540 487 2578 non
502 2520 572 2578 ordo
582 2523 805 2600 generationum
814 2539 866 2596 per
877 2521 1086 2600 primogenitos
1099 2519 1262 2588 durmin,

243 2615 276 2661 ut
289 2624 408 2662 necesse
422 2624 481 2663 non
495 2607 534 2662 sit
546 2607 579 2662 in
590 2607 649 2662 illis
662 2603 827 2665 hominibus
839 2614 899 2660 tam
917 2623 1011 2660 seram
1028 2603 1148 2660 credere
1159 2603 1262 2679 puber-

243 2698 344 2762 tatem,
358 2689 435 2766 quod
448 2689 671 2748 seilicet‘eedem
684 2690 798 2762 ciuitas,
812 2707 897 2764 quam
907 2687 979 2746 Gain
992 2689 1024 2744 in
1037 2689 1155 2745 nomino
1164 2685 1263 2743 Enoeb

242 2773 296 2830 iiiii
309 2775 359 2830 sui
370 2773 513 2845 condidit,
539 2775 627 2852 louge
639 2775 756 2850 lateque
767 2791 891 2852 regnare
908 2773 1050 2848 potuerit,
1073 2781 1105 2829 et
1114 2789 1201 2850 reges
1213 2769 1264 2826 ba-

138 2884 144 2894 ·
241 2856 311 2912 bere
323 2875 384 2913 non
398 2857 482 2912 simul
493 2858 601 2930 plures,
615 2857 665 2912 sed
675 2859 734 2913 suis
748 2856 891 2914 aetatibus
904 2857 1048 2936 singulos,
1060 2873 1131 2932 quos
1144 2855 1264 2933 genuis-

243 2948 309 2996 sent
330 2940 387 2996 sibi
409 2956 593 2995 successuros
616 2941 781 3016 quicunque
802 2949 985 3018 regnassent.
1027 2938 1138 2996 Horum
1159 2955 1266 3014 regum

241 3023 350 3096 primus
368 3039 431 3077 essa
448 3023 544 3095 potuit
563 3023 624 3096 ipse
641 3021 729 3095 Cain,
756 3023 898 3080 secundus
916 3023 992 3080 filius
1012 3025 1073 3080 eius
1089 3017 1205 3091 Enoch,
1231 3021 1266 3076 in

241 3105 324 3162 cuius
337 3105 472 3178 nomine,
486 3106 535 3163 ubi
547 3118 738 3186 regnaretur,
752 3107 871 3164 condita
884 3117 931 3164 est
944 3109 1063 3164 civitas:
1078 3106 1180 3162 tertius
1192 3103 1265 3160 Gai·

241 3187 312 3261 ded,
336 3207 421 3265 quem
433 3192 536 3268 genuit
548 3189 661 3248 Enoch:
688 3201 807 3268 quartus
820 3189 963 3264 bbuibel,
977 3209 1063 3268 quem
1075 3189 1180 3268 genuit
1192 3186 1266 3244 Gai-

242 3271 310 3330 dad:
325 3274 443 3348 quintus
457 3273 632 3347 Mathusatl,
646 3295 733 3351 quem
745 3275 848 3354 genuit
860 3273 1001 3332 Manihel:
1015 3283 1116 3330 sextus
1129 3268 1266 3340 berrech,

242 3375 328 3432 quern
339 3357 620 3436 genuitMatbusaiil,
631 3361 681 3434 qui
693 3360 886 3433 septimusest
895 3358 1024 3416 abddam
1036 3355 1176 3433 pchain.
1199 3353 1266 3410 Non

241 3450 338 3499 autem
349 3450 413 3498 eret
425 3461 625 3518 consequens,
645 3451 677 3498 ut
689 3443 879 3522 primogeniti
893 3445 926 3499 in
938 3460 1061 3521 regnum
1073 3437 1268 3519 regnantibus

241 3525 432 3584 succederent
444 3527 584 3599 patribus,
597 3525 648 3581 sed
658 3544 730 3602 quos
740 3527 885 3606 regnandi
896 3528 1033 3584 meritum
1045 3533 1165 3599 propter
1174 3523 1269 3579 virtu·

241 3619 301 3668 tem
313 3617 447 3666 terrenae
456 3611 687 3681 udlemciritati,
700 3611 749 3666 rel
758 3623 824 3666 sors
832 3612 929 3686 alique
938 3611 1089 3686 reperiret,
1102 3608 1270 3678 velillepo-

241 3693 386 3748 tissimum
403 3693 574 3750 succederet
588 3694 667 3768 patri
681 3691 874 3752 haereditario
894 3693 1017 3770 quodam
1033 3693 1099 3748 inre
1110 3685 1270 3769 regnandi,

242 3790 329 3848 quern
340 3793 410 3848 prae
423 3778 546 3833 caeteris
558 3776 627 3833 filiis
642 3775 801 3836 dilexisset.
824 3777 925 3838 Potuit
933 3787 1030 3835 autem
1040 3775 1163 3832 vivente
1175 3769 1271 3830 adbuc

242 3851 368 3912 bamceb
379 3865 464 3932 atque
470 3869 612 3938 regnante
621 3859 686 3917 fieri
695 3862 848 3934 diluvium,
861 3871 895 3918 ut
907 3863 1003 3937 ipsum
1015 3876 1081 3916 cum
1092 3858 1161 3914 anis
1175 3855 1270 3913 orani
