2576 4396
206 212 267 268 310
435 197 1015 272 n1v1AVREL11AVGVST1N1

209 359 352 436 quaedam
372 357 498 412 maxime
518 351 639 410 scienda
660 351 695 406 de
714 358 848 406 creatura
861 349 945 406 nobis
960 352 1089 424 oportuit
1103 351 1240 424 intimari,

210 445 274 518 quis
290 458 353 496 eam
365 438 486 508 lecerit,
511 454 565 510 per
578 434 648 510 quid
661 434 776 504 fecerit,
803 451 894 507 quare
912 433 1032 490 fecerit:
1059 432 1142 490 Deus
1156 435 1240 507 dixit,

208 525 318 599 inquit:
344 519 418 578 Fs‘ot
431 519 493 589 lac,
512 529 542 576 et
551 517 649 590 facto
662 525 708 574 eat
722 516 781 572 lun.
798 514 847 572 Ει
858 516 936 573 vidit
949 514 1033 573 Dens
1048 515 1149 586 lucem,
1175 520 1241 593 qnia

207 607 283 664 dona
303 613 357 662 est.
402 601 437 660 Si
453 620 525 679 ergo
545 601 727 674 quaerimus,
747 599 812 673 quis
831 597 945 670 lecerit,
965 596 1049 656 Deua
1067 609 1122 656 eat.
1150 597 1183 656 Si
1193 617 1241 673 per

207 686 277 762 quid
289 686 403 757 fecerit,
415 683 517 753 Dicit,
531 681 610 752 Fiat,
622 682 754 753 etfacto
769 691 824 738 eet.
839 679 873 738 Si
885 699 975 756 quare
984 681 1098 752 fecerit,
1111 683 1181 757 qnia
1194 682 1240 738 bo-

207 790 247 828 na
260 779 315 827 eat.
338 767 400 823 Nec
413 775 516 822 auctor
529 774 574 820 est
587 765 780 820 excellentior
793 763 874 833 Deo,
898 783 954 820 nec
968 782 1014 820 ars
1029 763 1174 820 efficacior
1187 763 1242 820 Dei

206 851 307 923 verbo,
331 868 388 906 nec
402 867 490 904 causa
502 849 605 904 melior
620 865 707 922 quam
720 855 753 901 ut
764 846 873 902 bonum
887 856 1037 902 crearetur
1049 865 1066 902 a
1080 845 1145 906 Deo
1158 845 1232 903 bono

205 933 292 990 Hanc
307 935 395 988 etiam
408 930 492 986 Plato
508 949 625 986 causam
638 927 783 986 condendi
795 929 898 984 mundi
910 930 1098 984 iustissimam
1112 928 1192 1001 dicit,
1211 940 1242 985 ut

206 1034 224 1071 a
238 1017 316 1071 bono
329 1013 394 1071 Deo
408 1014 485 1070 bona
499 1031 587 1088 opera
600 1011 721 1067 fierent:
736 1012 799 1067 sive
811 1012 870 1068 ista
881 1013 1000 1089 legerit,
1014 1013 1076 1068 sive
1089 1011 1124 1066 ab
1138 1010 1182 1067 his
1195 1014 1243 1086 qui

206 1101 342 1175 legerant
355 1095 431 1151 forte
445 1096 634 1173 cognoverit3
648 1096 710 1150 sive
724 1095 867 1150 acerrimo
881 1095 1002 1172 ingenio
1016 1093 1175 1150 invisibilia
1187 1093 1242 1150 Dci

206 1198 259 1256 per
272 1199 306 1236 ea
319 1196 392 1254 quae
405 1177 483 1234 facta
497 1187 586 1248 sunt,
612 1179 762 1233 intellecta
781 1179 984 1252 conspexerit,
1011 1177 1074 1234 sive
1088 1175 1181 1234 abhis
1195 1179 1242 1252 qui

207 1263 264 1318 ista
278 1271 493 1336 conspexerant
506 1262 611 1334 etipse
625 1260 769 1316 didicerit.

566 1409 690 1470 CAP.
734 1408 875 1466 XXII.

207 1507 250 1561 De
261 1508 303 1560 leis
313 1509 408 1576 quibos
418 1510 446 1562 in
457 1508 635 1560 universitate
645 1523 735 1559 rernm
746 1525 762 1558 o
774 1508 840 1560 borco
852 1505 982 1558 Creatorc
1000 1505 1063 1558 bene
1079 1507 1244 1560 conditorum

266 1579 397 1645 quaedam
409 1577 560 1644 displicent,
571 1585 598 1628 et
605 1584 708 1644 potant
717 1578 872 1628 nonnullam
883 1585 1074 1629 catenatorum
1085 1578 1192 1628 molam.

270 1681 356 1738 Hanc
370 1691 469 1738 tamen
479 1699 608 1754 causam,
623 1681 719 1753 idest,
733 1681 769 1738 ad
780 1683 857 1739 bona
868 1682 993 1738 creanda
1002 1683 1166 1740 bonitatem
1176 1681 1245 1754 Dei;

207 1764 293 1836 hanc,
306 1765 438 1839 inquam,
453 1783 570 1820 causam
584 1773 644 1820 tam
656 1766 763 1821 iustam
776 1774 862 1840 atque
875 1764 1020 1838 idoneam,
1035 1783 1108 1840 quae
1122 1765 1246 1844 diligen-

207 1857 252 1902 ter
267 1846 452 1904 considerata
472 1857 502 1903 et
517 1849 565 1922 pie
587 1849 716 1926 cogitata
739 1866 840 1903 omnes
864 1849 1080 1904 controversias
1102 1866 1245 1922 quaeren-

206 1931 279 1985 tium
291 1930 394 1986 mundi
408 1931 553 2008 originem
567 1933 716 2001 terminat,
739 1930 855 2004 quidam
869 1928 1008 1986 haeretici
1022 1949 1082 1986 non
1094 1929 1245 1988 viderunt:

206 2013 274 2086 quia
288 2031 411 2089 egenam
427 2015 525 2070 carnia
539 2012 627 2070 huius
641 2013 835 2090 fragilemque
845 2015 1064 2085 mortalitatem,
1078 2014 1139 2069 iam
1156 2013 1192 2070 dc
1203 2016 1246 2071 iu-

205 2103 251 2148 sto
267 2097 409 2172 supplicio
422 2097 603 2168 venientem,
619 2095 686 2152 dura
698 2097 726 2150 ei
739 2114 799 2150 non
812 2097 1003 2168 conveniunt,
1018 2097 1143 2170 plurima
1155 2094 1246 2154 offen-

207 2175 297 2248 dunt3
311 2179 389 2234 sicut
401 2180 492 2256 ignis,
508 2188 558 2234 aut
571 2178 677 2255 frigus,
692 2188 742 2234 aut
756 2177 820 2234 fera
833 2177 937 2250 bestia,
951 2188 1002 2235 aut
1015 2179 1084 2254 quid
1096 2177 1247 2237 huiusmo-

204 2258 243 2313 di.
270 2259 333 2316 Nec
347 2258 523 2330 attendunt,
550 2278 636 2335 quam
655 2261 703 2316 vel
723 2262 829 2316 insuia
843 2262 916 2317 locis
931 2263 1102 2336 naturisque
1115 2263 1247 2339 vigeant,

202 2338 384 2416 pulchroque
397 2341 501 2397 ordine
515 2341 723 2416 disponantur3
738 2353 937 2419 quantumque
948 2345 1136 2401 universitati
1147 2363 1248 2403 rerum

202 2440 256 2496 pro
270 2425 333 2479 suis
345 2425 528 2496 portionibus
547 2421 768 2501 [positionibus]
788 2425 903 2482 decoris
917 2437 1056 2502 tanquam
1068 2428 1101 2483 in
1115 2446 1248 2485 commu·

204 2522 272 2562 uem
284 2506 492 2582 rempublicam
506 2507 672 2580 conferant,
686 2511 735 2566 vel
749 2509 832 2566 nobis
846 2510 930 2582 ipsis,
951 2511 977 2565 si
990 2511 1032 2565 eis
1047 2522 1249 2587 congruenter
1273 2577 1274 2582 ἵ

203 2595 291 2664 atque
304 2591 433 2646 scienter
446 2599 573 2661 utamur,
594 2591 810 2650 commoditatis
824 2592 1003 2665 attribuant3
1029 2595 1070 2650 ita
1083 2603 1117 2648 ut
1129 2613 1249 2661 venena

202 2670 266 2745 ipsa
283 2689 357 2746 quoe
375 2691 428 2747 per
446 2674 717 2730 inconvenientiam
736 2677 903 2749 perniciosa
923 2685 1008 2746 sunt,
1035 2679 1249 2734 convenienter

203 2751 332 2810 adhibita
349 2757 382 2811 iu
401 2755 529 2810 salubria
546 2755 758 2812 medicamenta
775 2766 946 2814 vertantur:
974 2776 1119 2833 quamque
1137 2778 1158 2815 a
1177 2780 1248 2818 con-

204 2837 297 2892 trario
311 2839 400 2892 etiam
412 2834 484 2892 haec
498 2837 602 2910 quibus
617 2837 808 2911 delectantur,
823 2841 900 2896 sicut
911 2840 992 2896 cibus
1006 2850 1036 2898 et
1047 2850 1134 2914 potus
1150 2852 1181 2899 et
1192 2845 1250 2899 ista

204 2917 268 2988 lux,
281 2917 471 2974 immoderato
485 2927 515 2974 et
525 2919 722 2994 inopportuno
737 2919 931 3000 [importuno]
944 2942 999 2980 usu
1011 2925 1102 2980 noxia
1112 2928 1249 2982 sentian-

205 3007 263 3054 tur.
289 2997 373 3054 Vnde
386 3017 440 3056 uos
453 2999 592 3058 admonet
604 3001 705 3060 divina
717 3005 919 3079 providentia,
933 3025 994 3063 non
1007 3025 1055 3063 res
1069 3008 1250 3081 insipienter

205 3081 390 3154 vituperare,
416 3081 468 3138 sed
486 3085 643 3140 utilitatem
660 3104 758 3144 rerum
776 3087 933 3164 diligenter
952 3091 1119 3164 inquirere;
1146 3100 1181 3148 et
1200 3093 1248 3148 ubi

207 3169 340 3218 nostrum
352 3165 505 3242 ingenium
518 3169 566 3224 vel
582 3167 736 3225 infirmitas
750 3169 865 3241 delicit,
889 3173 932 3227 ita
950 3171 1069 3228 credere
1089 3175 1249 3244 occultam,

204 3245 282 3299 sicut
294 3256 379 3303 crant
393 3249 545 3322 quaedam,
560 3269 636 3325 quae
649 3253 701 3307 vix
713 3254 863 3326 potuimus
876 3254 1027 3310 invenire:
1054 3257 1123 3329 quia
1138 3266 1173 3312 et
1186 3259 1249 3330 ipsa

203 3327 339 3385 utilitatis
353 3333 521 3404 occultatio,
535 3342 585 3389 aut
597 3332 769 3392 humilitatis
784 3337 957 3392 exercitatio
972 3345 1028 3408 est,
1041 3346 1092 3395 aut
1106 3339 1249 3395 elationis

202 3409 332 3483 attriti03
343 3431 409 3468 cum
419 3417 539 3472 omnino
549 3425 654 3473 natura
667 3418 747 3472 nulla
758 3419 798 3473 sit
807 3420 926 3492 malunt,
937 3436 1101 3493 nomenque
1114 3418 1176 3478 hoc
1188 3439 1249 3476 non

202 3492 241 3546 sit
252 3493 309 3548 nisi
321 3497 495 3569 privationis
504 3499 588 3554 boni:
600 3497 652 3553 sed
663 3501 813 3556 aterrenis
824 3518 916 3575 usquc
927 3502 1121 3574 adcoelestia,
1134 3514 1168 3560 et
1179 3505 1249 3560 avi-

202 3573 336 3632 sililibus
350 3595 442 3652 usque
456 3578 493 3634 ad
507 3580 668 3636 invisibilia
676 3591 746 3638 cunt
758 3584 824 3639 aliis
834 3585 892 3639 alia
903 3583 981 3641 bona
991 3585 1129 3657 meliora,
1141 3587 1182 3642 ad
1194 3585 1249 3642 hoc

201 3654 380 3731 inaequalia,
393 3670 428 3716 ut
441 3670 541 3717 essent
554 3663 661 3718 omnia.
677 3662 758 3721 Deus
772 3674 868 3722 autem
881 3667 923 3722 ita
937 3676 982 3724 est
996 3665 1105 3723 artilex
1117 3685 1250 3746 magnus

203 3731 372 3815 [maximus]
387 3743 419 3796 in
429 3745 595 3819 magnis,'nt
602 3745 698 3800 minor
707 3765 767 3802 non
778 3749 818 3803 sit
829 3749 859 3802 in
870 3753 984 3821 parvis:
996 3767 1071 3824 quae
1080 3767 1178 3822 parva
1189 3767 1251 3806 non

203 3835 255 3872 rua
261 3820 438 3895 granditate,
444 3841 512 3880 nam
518 3826 597 3881 nulla
606 3835 661 3898 est,
668 3828 846 3886 sedartilicis
854 3834 998 3905 sapientia
1005 3832 1156 3889 metienda
1163 3841 1251 3888 sunt:
