2530 4392
187 235 241 294 DE
265 234 485 294 ctvsrnrss
508 233 588 292 DEl
615 234 693 292 LlB.
715 233 793 292 XX.
942 235 1003 292 297

51 391 263 448 trerouoneiue
277 379 427 459 filiisunt,
454 388 503 463 qui
519 387 716 464 ingemiscunt
733 389 866 466 gravati,
891 389 922 445 iu
947 407 1002 463 quo

51 484 98 532 unt
109 475 263 548 exspoliari,
275 472 326 528 sed
336 471 536 547 supervestiri,
549 479 583 526 ut
593 470 782 527 absorbeatur
792 473 913 528 mortale
925 467 1002 545 [hoc]

51 555 101 615 nat
124 557 219 613 Nonne
239 558 296 632 ipsi
312 565 398 625 sunt,
424 556 474 631 qui
490 555 634 630 primitias
648 551 785 611 habentes
800 552 945 628 Spiritus,
973 556 1002 610 in

51 643 150 716 retipsis
163 635 369 720 ingemiscunt,
383 639 566 714 adoptionem
579 646 780 711 exspectantes
795 636 1005 693 redemtionem

51 729 118 802 poris
131 721 187 780 suli
211 724 257 781 An
267 727 331 800 ipse
344 723 497 798 Apostolus
511 720 616 777 Paulus
631 737 689 776 non
703 730 766 778 erat
778 739 920 795 supernus
933 718 1006 777 Hie-

51 812 220 886 olymitanus,
245 811 291 864 vel
319 825 379 864 non
402 807 492 862 multo
514 805 607 882 magis
629 801 785 876 hocerat,
812 803 927 878 quando
952 821 1005 878 pro

51 895 126 949 uelitis
147 891 280 948 inanibus
296 890 460 948 carnalibus
483 891 543 945 suis
557 888 679 944 tristitia
698 889 742 944 illi
755 895 818 944 erat
830 905 952 964 magna,
978 896 1008 942 et

52 979 141 1034 tinuus
164 975 243 1032 dolor
265 974 346 1032 cordi
368 969 450 1030 eiusi
478 972 599 1040 Quando
617 979 713 1026 autem
729 989 807 1028 mors
827 986 885 1026 non
906 972 963 1027 erit
975 972 1007 1025 in

64 1060 191 1130 Civitate,
204 1061 262 1116 nisi
276 1057 392 1136 quando
406 1055 535 1127 dicetur,
561 1053 614 1111 Via·
628 1065 673 1111 est
686 1072 764 1110 mors
777 1055 922 1111 contentio
937 1051 1009 1112 tua?

63 1156 106 1202 est
118 1161 191 1200 more
204 1143 321 1200 aculeus
335 1138 425 1198 tuus?
463 1139 588 1196 Aculeus
609 1148 706 1195 autem
723 1139 826 1194 mortis
841 1147 886 1194 est
898 1156 1008 1216 pecca·

51 1251 61 1283 ι,
106 1225 185 1294 Quod
199 1236 269 1282 tunc
288 1227 387 1300 utique
406 1243 466 1280 non
484 1224 554 1292 erit,
581 1221 696 1296 quando
716 1221 843 1292 dicetur,
877 1217 931 1277 Vbi
948 1217 1010 1278 esti

51 1331 74 1366 re
87 1329 153 1367 vero
166 1327 223 1366 non
237 1309 359 1385 quilibet
370 1307 488 1364 infirnus
502 1307 574 1362 civis
589 1306 667 1360 illius
680 1302 833 1374 Civitatis,
860 1303 911 1360 sed
933 1303 1009 1359 idem

63 1394 180 1452 loannes
193 1397 223 1450 in
238 1393 360 1468 epistola
373 1409 428 1447 sua
442 1379 561 1446 elamat:
583 1385 619 1446 Si
631 1389 807 1456 dixerimus,
823 1389 893 1464 quia
899 1404 1009 1464 pecea-

62 1498 115 1535 aon
129 1477 276 1547 leaenae,
291 1493 345 1534 moe
359 1477 437 1553 ipsos
449 1475 627 1541 seducimus,
646 1481 676 1528 et
688 1473 802 1528 ueritas
816 1473 846 1526 ia
860 1470 941 1526 nobie
954 1487 1009 1526 non

75 1562 113 1618 Et
125 1563 154 1618 in
167 1559 219 1618 hoe
233 1559 348 1636 quidem
361 1559 453 1630 libro,
467 1559 550 1612 cuius
565 1573 670 1612 nomeu
684 1563 728 1609 est
740 1553 945 1628 Apoealypsis,
960 1552 1010 1608 oh-

51 1667 68 1702 e
81 1648 169 1701 multa
181 1645 330 1714 dicuntur,
357 1651 391 1699 ut
401 1650 529 1697 mentem
542 1640 668 1718 legentis
681 1647 851 1706 exerceant,
878 1645 908 1692 et
919 1653 1011 1712 pauca

51 1750 65 1786 o
79 1738 161 1800 sunt,
185 1745 221 1784 ex
235 1745 359 1803 quorum
371 1725 611 1782 manifestatione
624 1720 802 1800 indagentur
815 1729 932 1776 caetera
947 1737 1012 1776 eum

52 1832 97 1869 re:
124 1813 246 1868 maxime
265 1813 334 1887 quia
355 1811 397 1866 sie
411 1809 510 1866 eadem
524 1808 623 1864 multis
641 1805 733 1862 modis
753 1805 876 1880 repetit,
902 1805 1012 1860 utalia

54 1918 69 1953 e
91 1899 147 1952 alia
169 1895 265 1951 dicere
288 1894 439 1966 videatur3
466 1911 530 1948 cum
550 1893 635 1947 aliter
655 1899 741 1964 atque
761 1890 847 1944 aliter
865 1884 937 1943 haec
950 1889 1012 1961 ipsu

51 2001 80 2036 re
104 1969 274 2057 vestigator.
311 1977 419 2033 Verum
443 1978 475 2032 in
498 1975 543 2030 his
562 1974 677 2044 verbis,
703 1971 826 2027 ubiait:
853 1969 1012 2045 Absterget

51 2083 65 2120 e
80 2083 187 2122 omnem
202 2062 361 2138 lacrymam
375 2061 411 2116 ai
425 2059 515 2116 oculis
529 2074 642 2128 eorum,·
663 2063 693 2111 et
706 2070 784 2109 mors
798 2055 859 2108 iam
872 2071 928 2108 aon
943 2053 1012 2119 erit,

51 2168 73 2205 te
88 2148 181 2204 luctus
189 2186 198 2217 ,
212 2165 302 2224 neque
315 2143 439 2212 elamor,
452 2142 506 2198 sed
517 2159 570 2196 nee
582 2138 660 2194 ullae
674 2136 773 2192 dolor:
794 2143 877 2190 tauta
890 2135 955 2189 luce
968 2133 1011 2188 di-

51 2241 118 2287 sunt
138 2230 173 2286 de
193 2231 308 2286 saeculo
330 2227 429 2282 futuro
450 2233 479 2280 et
499 2221 717 2278 immortalitate
737 2226 823 2293 atque
837 2216 1013 2272 aeternitate

52 2325 164 2386 torum,
184 2309 269 2390 (tune
283 2312 361 2368 enim
374 2311 484 2380 solum,
499 2316 585 2382 atquc
599 2303 640 2359 ibi
653 2304 745 2358 solum
758 2302 815 2356 ista
827 2319 888 2358 non
903 2293 1012 2376 enine)

51 2402 112 2455 ulla
133 2398 287 2454 debeamus
307 2397 340 2450 in
357 2393 451 2449 literis
471 2391 562 2447 sacris
583 2404 722 2464 quaerere
741 2386 789 2443 vel
806 2386 906 2463 legere
918 2382 1013 2440 mani·

51 2494 103 2554 ta,
132 2483 158 2538 si
170 2479 243 2538 llaec
256 2478 453 2554 putaverimus
467 2474 599 2530 obseura.

339 2627 361 2686 C
382 2628 407 2684 A
428 2625 460 2682 P.
503 2623 536 2680 X
549 2622 574 2678 V
588 2622 602 2678 l
614 2621 628 2678 Ι
641 2620 662 2676 l.

52 2732 105 2784 uid
114 2729 261 2798 Apostolus
271 2726 374 2779 Petrus
385 2726 416 2776 de
426 2720 566 2776 nouissimo
576 2717 631 2771 Dei
642 2717 741 2770 iudicio
753 2714 962 2787 praedicaverit.

51 2821 126 2878 lune
145 2823 207 2878 iam
227 2817 395 2888 videamus,
421 2812 490 2890 quid
511 2811 599 2868 etiam
614 2809 769 2884 Apostolus
782 2807 886 2864 Petrus
907 2803 942 2861 de
959 2803 1014 2862 hoe

51 2909 82 2961 io
97 2904 272 2980 scripserit:
303 2899 437 2968 Venient,
462 2897 575 2972 inquit,
602 2897 633 2951 in
652 2893 805 2950 novissimo
820 2891 933 2947 dieram
946 2887 1014 2946 illu-

67 2988 249 3058 illudeatee,
269 2984 424 3042 seeundum
431 2981 578 3060 propriae
592 2977 844 3054 concupiscentias
860 2990 931 3031 saue
945 2992 1015 3031 eun·
1078 2963 1080 2969 ⁸

57 3083 90 3129 et
105 3071 259 3140 dicentes,
289 3067 341 3126 Vbi
359 3077 403 3126 est
419 3065 598 3144 promissum
617 3062 809 3140 praesentiae
827 3053 942 3135 ipsias?
967 3054 1016 3112 Ea·

51 3158 120 3211 mim
128 3165 246 3232 patres
260 3153 459 3218 dormierunt,
486 3148 529 3201 etc
545 3147 642 3202 omnia
656 3151 854 3220 perseverunt
873 3140 909 3197 ab
929 3139 1015 3194 initio

51 3251 148 3295 ‘urae
179 3235 272 3293 Latet
286 3236 361 3292 enim
374 3231 439 3286 illos
451 3227 661 3295 decantantes,
679 3228 748 3300 quia
762 3224 836 3281 coeli
847 3231 935 3278 eruat
949 3221 1016 3274 olim

51 3342 99 3378 ra
115 3322 154 3378 de
169 3337 263 3397 aqua,
278 3327 307 3373 et
313 3333 373 3394 per
386 3329 491 3389 aquam
502 3312 666 3366 constituta
673 3305 734 3362 Dei
744 3304 849 3378 verlo3
862 3298 923 3379 pir
933 3318 1016 3378 quae,

51 3425 113 3462 unc
136 3413 213 3462 erat
229 3400 366 3465 mundas,
393 3413 472 3471 aqua
489 3392 649 3448 inundatus
665 3388 802 3464 deperiit.
847 3381 908 3453 Qui
919 3391 1017 3438 autem

56 3498 136 3544 caat
152 3485 233 3544 coeli
246 3495 276 3541 et
290 3494 390 3548 terra,
405 3477 502 3534 ecdem
513 3473 599 3533 verbe
613 3472 829 3549 nuperimunt,
843 3466 908 3542 igni
919 3479 1017 3520 reser-

51 3574 108 3629 iin
125 3571 211 3629 diem
229 3566 350 3635 iudicii,
376 3571 405 3618 et
409 3558 591 3638 perditionis
603 3553 748 3612 dominam
762 3551 926 3626 impiorum.
953 3543 1017 3602 Hoc

51 3681 53 3707 ι
68 3639 149 3712 eer'o
166 3673 228 3710 non
242 3651 338 3708 lateat
350 3661 417 3714 ecs,
431 3639 592 3709 carecini,
613 3638 683 3715 qaia
697 3651 771 3692 unua
785 3633 848 3690 diae
861 3629 943 3708 apud
954 3627 1016 3688 Do·

51 3759 96 3808 m,
128 3739 218 3794 sicut
230 3733 308 3792 mille
321 3729 409 3802 anai,·
435 3736 465 3783 et
477 3723 556 3782 mille
569 3722 655 3791 anni,
669 3721 746 3776 sieut
760 3717 822 3774 dice
835 3730 916 3772 anus.
954 3711 1017 3770 Non

51 3833 80 3880 at
94 3819 255 3879 Dominus
269 3813 463 3897 promissam,
490 3811 567 3865 sicat
585 3804 703 3883 quidam
721 3800 896 3859 tarditatem
915 3797 1019 3854 eeieti·

54 3926 66 3961 .·
100 3905 164 3962 sed
176 3904 337 3982 patienter
348 3895 421 3970 fert
427 3903 555 3974 propter
567 3904 634 3960 ees,
659 3884 758 3945 nolens
773 3882 898 3962 aliquem
904 3881 1019 3960 perire,
