2586 4396
244 181 305 241 DE
328 181 543 242 CIVITATE
569 184 648 242 DEl
672 185 751 244 hlB.
773 186 862 246 XVI.
1013 195 1072 252 113

46 335 173 394 cadaver
191 344 237 390 est
254 337 371 392 mortui.
416 337 553 402 Quemvis
566 338 652 393 etiam
666 339 708 394 sic
723 341 797 396 solvi
809 342 902 398 soleat
914 344 970 398 ista
983 362 1071 419 quae-

45 422 121 491 stio,
137 418 215 494 quod
230 417 265 473 de
278 417 403 476 Cethura
414 429 516 493 portes
528 422 633 498 genuit
646 420 806 494 Abraham,
826 426 893 498 quis
907 425 1012 482 donum
1025 430 1071 505 gi-

44 503 174 584 gnendi,
189 501 267 578 quod
279 500 432 558 aDomino
445 507 567 578 accepit,
583 505 671 560 etiam
681 516 748 579 port
759 507 868 562 obitum
880 509 987 565 mansit
997 528 1070 566 uxo-

43 591 97 644 ris.
123 585 184 643 Sed
194 595 346 659 propterea
358 584 430 642 mihi
441 587 556 643 videtur
568 589 635 659 ills,
655 607 741 664 quarn
752 592 844 646 secuti
857 609 972 662 sumus,
986 590 1071 648 huius

44 671 228 749 quaestionis
251 671 357 725 solutio
381 669 587 744 praeferenda,
613 673 681 746 quin
700 675 884 730 centenarius
899 673 1014 749 quidem
1026 694 1072 730 se-

45 773 124 825 nex,
138 752 190 812 sed
201 754 339 828 temporis
352 756 462 825 nostri,
479 754 514 810 de
527 757 606 812 nulla
615 764 712 829 potest
724 755 833 813 femina
846 759 987 836 gignere3
1013 777 1073 814 non

44 849 118 894 tunc
131 835 263 912 quidem,
287 837 399 911 quando
413 836 505 894 adhuc
518 839 639 895 tamdiu
652 840 803 912 vivebant,
827 851 862 897 ut
874 851 991 898 centum
1003 843 1073 898 anni

46 921 175 978 nondum
189 921 320 976 facerent
333 917 478 978 hominem
491 921 655 997 decrepitae
667 926 836 981 senectutis.

400 1073 523 1130 CAP.
565 1071 722 1130 XXIX.

41 1167 87 1220 De
103 1167 192 1219 tribus
207 1166 272 1219 eiris
287 1171 328 1221 eei
341 1167 466 1240 Angelis,
486 1169 515 1222 in
528 1169 623 1290 ggsibus
642 1171 679 1220 ed
692 1187 817 1237 quercum
831 1171 971 1226 Mambrae
991 1190 1073 1242 uppa-

299 1237 518 1291 ruiueAbraboe
559 1237 816 1292 ominnsindicatur.

108 1343 180 1400 Item
191 1342 272 1401 Deus
286 1347 421 1420 apparuit
432 1345 566 1403 Abrahae
577 1347 614 1402 ad
624 1364 763 1422 quercum
774 1346 920 1404 Mambrae
933 1351 965 1405 in
978 1350 1072 1405 tribus

43 1429 138 1499 viris,
157 1446 228 1503 quos
242 1429 432 1486 dubitandum
445 1448 506 1486 non
520 1439 579 1501 est,
598 1429 724 1507 Angelos
737 1430 840 1487 fluisse:
866 1434 996 1508 quamvis
1009 1433 1071 1507 qui-

43 1514 111 1569 dam
126 1512 310 1584 existiment,
335 1531 425 1570 unum
437 1516 468 1569 in
484 1515 525 1570 eir
539 1513 631 1570 fuisse
644 1513 803 1570 Dominum
816 1514 978 1586 Christum,
993 1533 1072 1570 asse-

41 1605 161 1666 rentes,
189 1614 258 1674 eum·
273 1597 361 1652 etiam
383 1607 451 1654 ante
468 1597 669 1653 indumentum
690 1599 786 1654 earnis
807 1598 898 1655 brisso
919 1599 1073 1656 visibilem.

41 1681 101 1737 Est
113 1677 228 1754 quidem
241 1678 357 1735 divinae
368 1683 539 1754 potestatis,
565 1690 595 1736 et
609 1681 781 1753 invisibilis,
805 1683 1013 1756 incorporalis,
1027 1683 1073 1738 in-

43 1763 315 1836 commutabilisque
327 1774 464 1836 naturae,
478 1766 542 1821 sine
556 1767 616 1821 ulla
629 1766 676 1821 sui
688 1767 851 1822 mutatione
865 1768 952 1822 etiam
964 1776 1073 1822 morta-

40 1848 119 1903 libus
133 1844 316 1920 adspectibus
328 1865 483 1921 apparere,
494 1867 554 1906 non
566 1868 617 1924 per
629 1848 658 1902 id
673 1848 749 1924 quod
763 1859 825 1921 est,
839 1849 889 1904 sed
900 1869 952 1924 per
965 1849 1074 1924 aliquid

40 1929 121 2007 quod
145 1929 201 1984 sibi
226 1928 370 1986 subditum
396 1941 448 1986 est.
491 1931 565 1998 Quid
585 1941 679 1988 autem
697 1933 741 1986 illi
758 1933 905 1988 subditum
926 1953 985 1989 non
1010 1929 1073 1988 estl

39 2014 252 2070 Verumtamen
275 2015 301 2068 si
321 2025 476 2088 propterea
495 2014 685 2085 confirmant,
711 2013 813 2070 horum
835 2018 924 2071 trium
948 2018 1074 2090 aliquem

40 2099 136 2154 fuisse
150 2094 312 2168 Christum,
335 2100 402 2170 quia
414 2117 478 2153 cum
492 2106 552 2152 tres
566 2097 703 2167 vidisset,
722 2096 758 2151 ad
770 2096 929 2153 Dominum
942 2099 1082 2174 singule,

39 2184 118 2239 riter
133 2188 177 2234 est
189 2181 317 2236 loeutus:
330 2181 661 2254 sicenimseriptumert,
674 2179 716 2236 Et
730 2199 795 2236 ecce
803 2189 865 2237 tres
878 2183 939 2237 viri
952 2180 1075 2236 student

40 2281 139 2341 super
152 2282 227 2333 eum,
243 2273 271 2320 et
283 2263 386 2320 sidens
392 2265 587 2341 procucurrit
598 2263 709 2320 obuium
722 2262 783 2318 illis
796 2263 832 2319 eb
846 2265 921 2320 ostio
936 2263 1074 2320 tuberna-

40 2346 107 2404 culi
119 2347 180 2416 sui,
196 2358 226 2403 et
239 2347 379 2404 odoravit
393 2364 482 2425 saper
498 2357 625 2416 terrem,
638 2357 668 2404 et
681 2348 775 2416 dicit,
789 2345 922 2416 Domine,
936 2349 965 2403 si
977 2348 1074 2404 invene

38 2431 179 2508 gretiam
193 2441 263 2487 ente
277 2440 320 2500 te,
339 2439 393 2486 etc.
405 2449 457 2486 cur
470 2449 530 2486 non
545 2431 631 2486 etiam
644 2431 717 2486 illud
730 2430 902 2500 advertunt,
916 2429 973 2486 duo
987 2431 1073 2484 exiis

37 2515 172 2584 venisse,
186 2512 392 2570 utSodomitae
406 2513 584 2584 delerentur,
599 2531 665 2568 eum
677 2511 921 2569 adhucAbreham
934 2513 970 2568 ed
983 2531 1074 2568 unum

38 2601 221 2670 loqueretur,
235 2596 395 2654 Dominum
407 2598 565 2670 appellens,
579 2604 608 2650 et
620 2595 802 2651 intercedens
817 2614 854 2650 ne
868 2597 953 2650 simul
966 2597 1074 2650 iustum

40 2698 111 2735 cum
123 2681 211 2754 impio
224 2682 255 2736 in
269 2678 404 2736 Sodomis
415 2675 570 2754 perdereti
607 2677 676 2734 lllos
696 2688 792 2734 autem
806 2678 877 2734 duos
891 2679 932 2732 sic
946 2679 1074 2752 suscepit

38 2759 139 2832 Loth,
162 2773 196 2818 ut
209 2765 296 2818 etiam
310 2765 372 2838 ipsc
386 2765 418 2819 in
432 2764 575 2838 colloquio
590 2781 643 2819 suo
658 2764 793 2818 cumillis
807 2763 996 2840 singulariter
1010 2759 1072 2816 Do-

38 2848 156 2902 minum
170 2849 337 2919 appellaret.
382 2846 456 2904 Nam
470 2865 533 2902 cum
548 2848 590 2902 eis
603 2848 753 2921 pluraliter
766 2847 904 2917 dixisset,
917 2844 994 2902 Ecce
1008 2843 1072 2901 Do-

37 2930 119 2986 mini
131 2929 278 2986 declinate
291 2931 321 2987 in
335 2931 446 2988 domurn
453 2932 546 3008 pueri
557 2932 652 2988 nestri
661 2969 670 3000 ,
693 2939 722 2986 et
741 2939 855 2988 caetera
875 2949 949 3005 quae
968 2929 1009 2984 ibi
1029 2929 1072 2985 di-

37 3022 169 3070 cuntur:
190 3023 290 3086 postea
302 3023 398 3071 tamen
413 3016 453 3070 ita
467 3016 588 3092 legitur,
613 3013 654 3071 lit
668 3025 825 3072 tenuerunt
838 3012 946 3090 Angeli
957 3033 1072 3070 menum

36 3099 122 3166 eius,
152 3105 181 3152 et
199 3115 315 3152 menum
332 3100 435 3154 neoris
449 3100 529 3167 eius,
556 3109 585 3155 et
598 3115 701 3153 munus
716 3097 985 3168 ducrumfiliurum
999 3099 1072 3165 eius,

35 3183 68 3235 in
86 3198 120 3236 ee
136 3181 215 3256 quod
224 3177 367 3236 Dominus
373 3191 520 3258 parceret
533 3181 600 3257 ipsi.
623 3179 664 3236 Et
670 3181 793 3251 fectum
805 3191 862 3250 est,
876 3199 942 3236 mou
955 3191 988 3236 ut
1002 3181 1072 3237 edu·

33 3271 154 3318 xerunt
174 3261 255 3318 illum
266 3263 378 3333 foras,
405 3273 434 3319 et
451 3263 606 3332 dixerunt,
634 3261 753 3320 Salvum
764 3263 827 3332 fec
840 3264 968 3318 enimam
982 3273 1073 3330 tuum,

32 3365 72 3402 ne
87 3346 262 3422 respexeris
276 3355 375 3416 retro,
389 3365 441 3402 nee
454 3347 576 3402 steteris
590 3347 619 3400 in
634 3356 698 3401 tote
711 3346 848 3419 regione:
862 3347 892 3399 in
905 3355 1000 3400 monte
1013 3342 1074 3398 sul-

30 3448 104 3485 vum
120 3438 153 3484 te
160 3428 237 3499 fec,
257 3429 408 3504 nequando
422 3425 687 3504 comprehenderis.
731 3425 822 3482 Dicit
835 3436 933 3482 eutem
945 3423 1021 3480 Loth
1035 3425 1076 3480 ud

30 3512 124 3581 illos,
144 3507 217 3580 Oro,
232 3509 372 3581 Domine,
387 3512 456 3588 quie
469 3511 580 3566 inuenit
587 3529 666 3587 puer
677 3521 744 3566 tuus
757 3507 991 3565 misericordium
1006 3515 1075 3562 unte

30 3606 81 3665 te,
98 3603 131 3649 et
146 3612 222 3668 quae
236 3604 406 3668 sequuntur.
442 3590 556 3648 Deinde
567 3603 633 3667 post
645 3591 716 3648 haec
729 3593 816 3648 verbo
829 3591 1019 3667 singulariter
1032 3589 1074 3644 illi

29 3676 197 3752 respondit
211 3686 240 3732 et
252 3675 411 3748 Dominus,
438 3694 503 3731 cum
525 3676 557 3730 in
576 3676 688 3733 duobus
705 3675 825 3752 Angelis
845 3681 937 3745 esset,
963 3671 1074 3740 dicens,

29 3760 121 3818 Ecce
136 3762 268 3816 miratus
283 3777 345 3815 sum
358 3761 476 3830 faeiem
491 3768 586 3830 tunm,
601 3769 655 3816 etc.
698 3758 781 3815 Vnde
791 3758 881 3813 multo
895 3766 939 3812 est
952 3756 1077 3812 credibi-

26 3844 118 3912 lius,
152 3841 229 3919 quod
243 3851 272 3897 et
284 3842 427 3900 Abraham
441 3844 472 3898 in
486 3843 577 3898 tribus
590 3852 619 3899 et
632 3842 705 3899 Loth
719 3845 749 3899 in
764 3841 873 3898 duobus
888 3841 959 3897 viris
972 3840 1074 3898 Domi-

75 3923 273 4004 ιι.Ι
800 3925 829 3981 u
