2510 4404
217 169 278 238 DE
301 169 519 228 ctvtTATE
547 172 626 240 DEI
651 173 729 230 LIB.
751 173 867 248 XXII.
994 183 1052 234 407

20 319 53 376 td
80 319 204 376 luendas
227 322 408 378 miscrIarum
430 342 537 397 poenas
562 342 627 380 esse
650 323 824 382 damnatum.
860 324 944 384 Sicut
956 337 1052 384 autem

20 423 88 474 roc,
104 412 137 460 ut
151 404 291 476 latentur,
306 408 419 462 nullum
433 406 563 464 divinum
575 410 668 464 maius
683 407 862 482 sectionum,
887 411 929 466 sic
942 429 959 466 a
972 414 1052 468 nullo

20 487 85 544 Jeo
101 486 166 544 dari
179 487 353 546 credendum
366 499 421 563 est,
436 492 496 547 nisi
509 491 544 547 ab
557 493 618 563 illc,
632 511 689 568 quo
700 501 729 549 et
738 494 794 567 Ipsi
806 493 857 569 qui
867 494 973 550 multos
985 494 1051 552 deos

20 573 132 644 colunt,
147 574 260 646 nullum
276 572 377 630 dicunt
391 593 455 630 esse
471 577 619 632 malorem.

375 723 499 782 cAP,
540 723 701 782 XXIII.
768 782 771 785 .

20 819 59 870 De
72 818 115 870 bie
124 835 201 887 quae,
213 821 383 889 praeteritio
393 823 465 874 mala
475 838 542 890 quae
554 822 628 892 berrii
638 823 767 890 malitque
777 825 925 879 commonia
936 824 1009 888 tint,
1019 827 1054 876 orl

244 891 377 944 iustorum
387 891 503 944 laborem
513 893 666 959 specialiter
678 893 828 960 pertinent.

82 995 205 1053 Praeter
225 997 295 1054 haec
310 1008 407 1056 autem
422 1001 497 1054 mala
515 998 601 1056 huius
619 1001 697 1056 vitae
715 1000 799 1058 bonis
819 1005 1051 1078 malisquecom-

20 1081 133 1152 nunia,
147 1079 255 1138 habent
267 1085 299 1138 io
313 1101 348 1138 ea
360 1083 431 1138 iusti
444 1085 532 1140 etiam
544 1085 678 1158 proprios
693 1083 832 1158 quosdam
844 1087 958 1148 labores
971 1083 1050 1158 suos,

20 1167 124 1242 [uibus
137 1165 277 1222 adversus
292 1167 364 1224 vitia
377 1167 514 1238 militant,
529 1168 603 1224 etin
616 1167 716 1224 talium
726 1170 901 1242 praeflorum
911 1173 1049 1228 tentatio-

20 1251 108 1308 ribus
121 1250 318 1325 periculisque
330 1259 495 1306 versantur.
529 1250 692 1326 Aliquando
707 1253 785 1308 enim
798 1254 983 1324 concitatius,
997 1257 1050 1312 oli-

20 1331 135 1411 [uando
148 1335 311 1406 remissius,
337 1351 396 1392 non
411 1342 509 1392 tamen
524 1333 633 1390 desinit
647 1353 715 1392 caro
729 1338 934 1410 concupiscere
947 1338 1050 1400 adver-

20 1437 66 1475 us
82 1419 230 1491 spiritum,
245 1426 274 1474 et
286 1418 407 1492 spiritus
422 1417 561 1476 adversus
576 1437 703 1488 carnem,
716 1428 822 1476 utnon
835 1439 869 1477 ea
881 1439 955 1496 quae
967 1425 1050 1479 volu-

20 1523 80 1560 uus
95 1501 246 1571 faciamus,
262 1521 376 1558 omnem
386 1505 490 1560 malam
502 1503 769 1576 concupiscentiam
777 1505 987 1578 consumend03
1002 1506 1050 1562 sed

20 1585 189 1656 tam-nobis,
216 1595 356 1661 quantum
368 1585 509 1644 divinitus
523 1585 615 1643 adiuti
627 1604 793 1660 possumus,
811 1606 870 1645 non
884 1589 912 1644 ei
925 1608 1049 1646 consen·

23 1669 117 1726 iendo
131 1669 301 1741 subdamus,
319 1671 432 1749 vigilus
446 1673 592 1728 continuis
607 1670 800 1742 excubantes,
823 1690 861 1728 ne
875 1673 973 1746 opinio
987 1675 1049 1730 veri

20 1755 120 1810 rimilis
135 1752 227 1824 sallat,
242 1773 279 1810 ne
293 1753 420 1828 deprIat
433 1773 528 1812 sermo
541 1763 689 1825 versutus,
711 1773 748 1810 ne
762 1773 793 1810 se
807 1756 944 1812 tenebrae
957 1759 1048 1814 alicu-

22 1858 62 1895 us
78 1838 186 1918 erroris
202 1835 362 1911 offundant,
377 1859 415 1896 ne
429 1838 506 1915 quod
518 1839 627 1896 bonum
640 1847 686 1894 est
696 1839 818 1910 rualum,
832 1849 884 1896 aut
898 1839 975 1914 quod
987 1859 1048 1896 ma-

22 1943 77 1978 um
92 1931 137 1978 cst
150 1921 258 1977 bonum
272 1942 336 1978 esse
351 1923 502 1993 credatur,
529 1943 566 1980 ne
580 1922 614 1978 ab
628 1920 672 1978 his
687 1941 761 1996 quae
777 1923 890 2000 agenda
903 1933 974 1979 sunt
986 1944 1046 1980 mc·

20 2025 64 2062 ors
77 2014 210 2076 revocet,
234 2025 271 2060 ne
285 2009 317 2062 ἰιι
331 2024 365 2060 ea
383 2025 457 2081 quae
471 2007 584 2084 agenda
597 2021 656 2059 non
669 2013 739 2060 sunt
752 2005 854 2078 cupido
867 2007 1049 2080 praecipitet,

20 2110 55 2148 re
73 2107 158 2165 super
176 2088 357 2146 iracund1am
376 2091 421 2144 tol
440 2089 567 2158 occidat,
593 2105 632 2142 ne
651 2085 823 2142 inimicitiae
840 2099 1000 2160 provocent
1014 2089 1048 2144 ad

20 2173 241 2231 retributionem
252 2173 322 2228 mali
334 2174 486 2246 promulo,
501 2190 538 2227 ne
552 2169 704 2225 absorbeat
716 2166 872 2226 inhonesta
886 2171 932 2225 vel
945 2168 1048 2227 immo-

20 2260 116 2314 Ierata
129 2257 266 2328 tristitia,
290 2273 328 2312 ne
341 2255 600 2330 impertiendorum
615 2250 821 2310 beneficIorum
834 2253 953 2330 ingerat
964 2273 1047 2312 meur

20 2350 134 2421 ¹ngrata
148 2349 306 2414 torporem,
329 2357 369 2396 ne
383 2338 529 2396 nraledicis
543 2335 708 2392 rumoribus
722 2335 799 2392 bona
812 2339 993 2394 couscientia
1005 2338 1048 2394 Ia-

20 2430 138 2504 :igetur,
152 2442 190 2478 ne
203 2423 358 2480 temeraria
371 2422 407 2480 de
420 2423 477 2478 alio
491 2420 617 2494 suspicIo
633 2425 734 2476 nostra
748 2419 884 2494 decipiat,
899 2441 937 2478 nc
949 2425 1045 2480 aliena

20 2512 51 2566 Ic
67 2509 150 2564 nobis
165 2506 239 2564 falsa
249 2525 305 2577 ¹nos
318 2505 450 2584 frangat,
476 2523 514 2560 ne
525 2511 632 2580 regnet
643 2512 795 2577 peccatum
808 2503 841 2560 iu
854 2513 955 2562 nostro
968 2524 1046 2562 mor-

20 2595 68 2651 :ali
82 2608 205 2666 corporo
219 2588 255 2644 ad
272 2587 464 2644 obediendum
477 2585 629 2643 desideriis
644 2587 724 2656 eius,
745 2605 783 2644 ne
797 2587 925 2644 membra
945 2598 1045 2646 nostra

20 2673 212 2735 exhibeantur
225 2673 387 2748 iniquitatis
409 2689 489 2727 arma
502 2678 633 2746 peccato,
652 2688 690 2726 nc
711 2672 811 2728 oculus
825 2681 964 2746 sequatur
977 2693 1046 2730 con.

20 2755 245 2832 cupiscentiam,
269 2773 308 2812 nc
327 2753 494 2813 vindicandi
511 2751 654 2828 cupiditas
671 2755 789 2826 vincat,
812 2773 850 2810 ne
869 2756 901 2812 In
916 2774 950 2812 ec
968 2756 1044 2832 quod

20 2843 94 2899 male
108 2837 249 2910 delectat,
273 2839 321 2898 vel
333 2840 407 2897 visit>
419 2839 466 2896 rel
479 2838 617 2916 cogitatio
631 2847 810 2909 remoretur,
833 2857 871 2896 ne
883 2839 1044 2914 improbum

20 2934 70 2982 aut
82 2920 222 2980 indecem
235 2923 355 2982 verbum
372 2921 499 2980 libenter
517 2920 667 2996 audiatur,
687 2941 725 2980 ne
737 2921 789 2980 fiat
801 2922 877 2998 quod
891 2941 950 2980 non
964 2926 1043 2995 licet,

20 3008 132 3066 ofianrsi
144 3006 231 3080 libet,
252 3027 307 3065 nec
319 3009 350 3064 iu
363 3005 419 3066 boc
431 3007 507 3064 bello
519 3006 649 3064 laborum
669 3008 924 3084 periculorumque
935 3010 1044 3082 plenis-

20 3095 89 3150 simo
103 3094 150 3150 vel
163 3091 199 3148 de
212 3092 323 3149 viribus
337 3093 445 3148 nostris
460 3087 591 3165 operetur
603 3089 735 3147 facienda
748 3093 888 3163 victoria,
912 3094 959 3148 vel
971 3095 1042 3148 riri-

20 3179 69 3234 bus
84 3177 191 3234 nostris
206 3175 283 3232 facta
296 3175 453 3244 tribuatur,
468 3172 519 3226 sed
533 3173 594 3227 eius
607 3176 730 3250 gratiae,
747 3174 782 3228 de
796 3192 852 3248 quo
865 3169 908 3230 ait
919 3175 1042 3248 Aposto-

20 3265 76 3317 lus:
94 3257 221 3316 Gratiae
235 3268 332 3314 cutem
343 3255 418 3326 Deo,
431 3255 482 3332 qui
495 3253 549 3311 dat
561 3254 641 3311 nobis
653 3258 875 3331 victoriamper
889 3255 1043 3312 Dumium

20 3353 151 3401 nostrum
164 3337 259 3396 Ictum
272 3337 430 3396 Uiriatum.
452 3337 509 3405 Qui
522 3345 551 3392 ct
564 3337 620 3391 alio
633 3339 706 3407 Ioco,
719 3333 754 3392 In
768 3337 826 3406 bis,
839 3339 943 3411 inquit,
953 3342 1043 3394 omui-

20 3427 70 3482 bus
90 3409 322 3502 supervincimus
332 3439 391 3498 per
409 3441 472 3478 eum
490 3421 541 3498 qui
558 3409 666 3476 dilexit
683 3437 743 3476 noo.
783 3417 916 3476 Sciamus
932 3411 1041 3490 'tamem

21 3507 201 3582 quantalibet
214 3507 321 3566 vIrtute
333 3503 583 3580 proeliandivitiIc
597 3519 800 3581 repugnemus,
814 3503 861 3558 rel
875 3503 961 3558 etiam
972 3505 1043 3560 vitia

20 3608 188 3665 superemus
205 3599 234 3645 et
247 3589 442 3667 subiugemus,
469 3585 606 3663 quamdiu
619 3605 717 3642 sumus
731 3587 763 3640 in
776 3583 831 3642 hoc
846 3604 974 3660 corpore,
988 3606 1041 3642 no-

20 3675 65 3732 bis
80 3673 180 3730 deesse
194 3691 253 3728 non
265 3691 349 3747 posse
363 3670 439 3728 unde
451 3670 579 3728 dicamus
593 3669 657 3727 Dco
671 3711 680 3740 ,
707 3667 833 3727 Dimitte
851 3669 932 3734 nobis
945 3669 1044 3728 debinc

21 3767 135 3816 nostru.
156 3755 191 3813 In
204 3758 254 3812 illo
269 3765 364 3814 autem
377 3774 468 3833 regno
481 3755 531 3812 ubi
546 3772 659 3829 semper
673 3772 737 3810 cum
750 3753 913 3828 corporibus
927 3755 1043 3810 immor-

22 3843 128 3899 talibus
143 3843 266 3914 erimus,
292 3859 347 3898 nec
359 3841 468 3914 proclia
482 3839 564 3895 nobis
579 3847 665 3894 erunt
682 3838 751 3908 ulla,
771 3857 824 3892 nec
839 3835 947 3910 debita3
970 3855 1044 3912 quae
