2586 4396
213 173 271 228 178
439 165 747 251 DlVlAVRELll
768 163 1023 224 AVGVSTlNl

209 324 276 380 sine
290 325 349 378 ulla
363 323 544 379 dubitatione
559 321 760 395 doctissimus,
775 317 826 374 sed
838 327 937 377 tamen
949 316 1052 388 homo,
1075 337 1136 378 non
1150 318 1251 390 Deus,

211 426 267 474 nec
282 405 394 481 Spiritu
409 405 467 462 Dei
479 405 516 463 ad
529 403 654 463 ridenda
668 412 698 458 et
715 401 919 460 annuntianda
932 402 1032 460 divina
1044 403 1076 460 iu
1088 405 1253 460 ceritatem

211 492 433 566 libertatemque
454 491 626 558 subvectus,
654 489 750 544 cernis
765 485 880 562 quidem
893 504 981 560 quam
992 487 1053 542 sint
1065 505 1112 542 res
1126 487 1255 544 divinae

212 575 246 630 ab
259 572 393 632 humanis
407 575 495 651 nugis
514 582 603 648 atque
616 570 775 628 mendaciis
789 569 982 628 dirimendae:
1008 570 1060 628 scd
1083 571 1255 628 vitiosissi-

210 676 273 714 mas
286 659 461 734 populorum
488 657 642 728 opiniones
656 665 686 710 et
699 653 928 716 consuetudines
942 655 974 710 in
987 655 1254 729 superstitionibus

211 743 338 816 publicis
348 742 461 798 vereris
475 737 641 810 offendere,
656 755 729 813 quas
742 756 759 793 a
773 737 895 794 deorum
907 739 1014 796 natura
1025 736 1186 796 abhorrere
1200 740 1256 794 vel

211 827 315 882 talium
329 827 430 900 quales
442 826 473 880 in
486 822 574 880 huius
587 822 690 880 mundi
704 823 855 882 elementis
867 820 988 880 humani
1002 823 1095 880 animi
1112 824 1253 896 suspica-

211 919 261 964 tur
274 907 445 979 infirmitas,
459 917 488 963 et
502 909 594 962 sentis
608 908 685 979 ipse,
701 925 767 962 cum
781 923 830 962 eas
843 924 1050 982 usquequaque
1064 905 1255 977 consideras,

211 1001 241 1046 et
256 993 351 1059 omnis
365 1001 465 1048 restra
479 993 633 1048 literatura
647 992 854 1050 circumsonat.
898 989 975 1058 uuio
987 988 1036 1046 hie
1059 991 1122 1068 agit
1142 988 1254 1046 huma-

210 1077 280 1130 num
294 1077 426 1152 quamvis
441 1075 721 1130 excellentissimum
734 1069 907 1152 ingeniuml
943 1073 1019 1142 Quid
1045 1073 1099 1130 tibi
1118 1071 1258 1130 humana

209 1161 280 1214 licet
292 1161 447 1234 multiplex
461 1161 625 1237 ingensque
636 1157 771 1214 doctrina
784 1159 817 1214 in
830 1156 876 1214 bis
890 1158 1035 1236 angustiis
1050 1153 1257 1235 suffragatur?

209 1240 367 1300 Naturales
382 1242 452 1299 deos
468 1245 566 1301 colere
584 1243 683 1316 cupis,
709 1243 811 1298 civiles
835 1243 959 1320 cogeris.
1002 1240 1149 1299 Invenisti
1172 1242 1258 1297 alios

210 1325 377 1397 fabulosos,
405 1329 437 1384 in
452 1345 526 1402 quos
540 1327 678 1397 liberius,
693 1324 772 1400 quod
785 1327 878 1384 sentis
893 1343 1026 1396 evomas,
1039 1323 1118 1382 unde
1132 1333 1162 1380 et
1175 1325 1258 1380 istos

205 1407 313 1466 'civiles
327 1413 400 1466 velia
414 1413 530 1482 nolisve
543 1408 710 1484 perfundas.
755 1409 840 1469 Dicis
851 1411 956 1484 quippe
969 1409 1118 1466 fabulosos
1132 1425 1257 1466 aenom-

210 1492 343 1550 medates
357 1512 422 1552 csse
436 1494 472 1550 ad
486 1493 650 1564 theatrum,
676 1494 826 1562 naturales
851 1492 888 1550 ad
904 1491 1059 1562 mundum,
1086 1492 1191 1548 civiles
1218 1490 1260 1545 ad

211 1577 327 1638 urbem:
355 1596 422 1634 eum
434 1576 562 1634 mundus
577 1595 650 1652 opus
664 1577 704 1632 sit
730 1575 878 1648 divinum,
905 1576 992 1638 urbes
1006 1593 1076 1631 rcro
1090 1582 1120 1630 et
1133 1571 1259 1632 theatra

212 1677 301 1734 opera
327 1661 388 1716 sint
409 1659 575 1733 hominum,
602 1679 657 1716 nec
671 1661 722 1716 alii
736 1659 777 1716 dii
790 1659 944 1716 rideantur
954 1661 987 1728 in
999 1655 1137 1728 theatris,
1163 1676 1260 1733 quarn

212 1745 263 1818 qui
277 1743 438 1800 adorantur
451 1747 482 1800 in
495 1745 626 1820 templis;
641 1762 696 1800 nec
711 1745 776 1800 aliis
790 1741 876 1801 ludos
890 1741 1068 1814 exhibeatis,
1082 1760 1169 1816 quam
1183 1743 1258 1817 qui-

211 1827 265 1890 bus
288 1828 425 1884 victimae
449 1829 615 1884 immolatis.
659 1829 775 1894 Quanto
789 1828 910 1886 liberius
924 1827 1119 1902 subtiliusque
1132 1827 1192 1882 ista
1207 1825 1259 1882 di-

212 1910 344 1982 videres,
375 1909 491 1982 dicens,
517 1913 591 1967 alios
606 1929 670 1968 esse
683 1910 753 1968 deos
767 1913 934 1994 naturales,
946 1912 1021 1975 alius
1035 1911 1070 1968 ab
1082 1909 1259 1966 hominibus

212 1995 448 2068 iristitutcs31cd
462 1996 498 2052 de
512 1996 658 2052 institutis
672 1996 753 2055 aliud
762 1994 869 2054 habere
880 1997 982 2058 literas
994 2003 1158 2070 poetarum,
1173 1994 1258 2050 aliud

212 2077 414 2150 sacerdotum,
436 2088 578 2154 utrasque
594 2088 692 2136 tamen
705 2081 747 2136 ita
761 2098 826 2136 esse
839 2081 919 2142 inter
932 2097 964 2135 se
976 2081 1085 2137 amicas
1097 2078 1260 2134 consortio

212 2161 366 2233 falsitatis,
394 2171 429 2220 ut
440 2172 544 2240 gratae
556 2164 618 2219 sint
630 2173 773 2239 utraeque
787 2162 992 2233 daemonibus,
1011 2162 1115 2238 quibus
1129 2161 1262 2218 inimica

213 2259 259 2303 est
273 2247 407 2305 doctrina
419 2242 576 2304 veritatisl
604 2245 796 2323 Sequestrata
810 2248 904 2325 igitur
917 2248 1068 2320 paululum
1089 2243 1261 2322 theologia,

212 2348 302 2404 quam
315 2331 482 2388 naturalem
494 2339 619 2400 vocant,
646 2329 682 2386 de
696 2348 755 2408 qua
767 2340 869 2405 postea
882 2328 1087 2388 disserendum
1101 2337 1163 2398 ιιι,
1189 2331 1260 2402 pla-

212 2423 299 2470 eetne
322 2411 441 2473 tandem
464 2415 556 2470 vitam
568 2422 720 2472 aeternam
735 2415 798 2489 peti
811 2422 863 2470 aut
885 2414 998 2488 sperari
1012 2431 1030 2468 a
1043 2412 1099 2468 diis
1112 2413 1261 2486 poeticiS,

211 2495 378 2568 theatricis,
405 2497 545 2569 ludicris,
571 2493 719 2556 scenicis?
757 2497 842 2557 Absit
854 2497 913 2556 imo
936 2495 1147 2558 avertatDeus
1161 2515 1261 2554 verus

211 2589 272 2638 tam
297 2583 454 2640 immanem
480 2583 714 2660 sacrilegamque
739 2579 925 2646 dementiam.
969 2579 1057 2652 Quid,
1083 2580 1118 2639 ab
1138 2581 1181 2640 eis
1196 2580 1261 2638 diis

140 2677 141 2680 ’
212 2667 317 2740 quibus
329 2663 402 2724 haee
414 2667 549 2740 placent,
564 2675 594 2724 et
606 2683 680 2741 quos
694 2663 767 2724 hacc
780 2667 907 2742 placant,
922 2683 989 2720 cum
1003 2683 1103 2722 eorum
1115 2664 1178 2720 illic
1193 2666 1262 2720 cri-

156 2761 159 2770 ‘
210 2751 292 2806 mina
305 2749 548 2824 frequententur,
570 2751 633 2806 rita
646 2757 768 2809 aeterna
780 2749 928 2823 poscenda
941 2745 1005 2804 esti
1031 2745 1140 2817 Nemo,
1154 2755 1190 2804 ut
1203 2765 1262 2804 ar-

212 2833 323 2904 bitror,
350 2849 443 2907 usque
458 2831 495 2888 ad
507 2841 624 2890 tantum
635 2834 839 2908 praecipitium
853 2832 1064 2891 furiosissimae
1089 2831 1263 2906 impictatis

214 2915 334 2976 insanit.
370 2913 433 2970 Nec
446 2915 580 2974 fabulosa
592 2916 703 2995 igitur,
717 2935 772 2974 nec
787 2917 869 2974 civili
880 2914 1030 2994 tlreologia
1043 2915 1262 2990 sauspiternam

215 3003 370 3074 quisquam
395 2998 569 3074 adipiscitur
594 3003 695 3058 vitam.
738 2998 792 3056 Illa
805 3001 884 3058 enim
897 2999 934 3058 de
946 3001 983 3056 iis
998 3001 1097 3079 turpia
1110 2997 1264 3076 fingendo

214 3083 355 3153 seminat,
380 3081 452 3140 haee
476 3084 604 3142 favendo
631 3085 724 3140 metit.
768 3083 821 3140 llla
845 3083 1000 3142 ruendacia
1024 3083 1152 3160 spargit,
1179 3081 1265 3140 haee

216 3167 337 3245 colligit.
380 3166 434 3226 Illa
460 3187 508 3224 ιιι
535 3167 650 3224 divinas
677 3166 760 3224 falsis
786 3167 960 3226 criminibus
973 3170 1150 3233 insectatur,
1178 3162 1265 3225 baec

215 3253 485 3311 eorumoriminum
498 3250 584 3308 ludos
608 3251 640 3306 in
664 3249 774 3307 divinis
796 3252 884 3308 rebus
909 3251 1103 3326 amplectitur.
1144 3245 1204 3304 llla
1223 3252 1267 3310 de

215 3332 271 3390 diis
285 3335 413 3393 nefanda
425 3335 567 3414 figmenta
580 3331 731 3392 hominum
745 3335 924 3392 carminibus
949 3341 1105 3409 personat,
1130 3330 1209 3388 bace
1225 3355 1268 3394 ea

216 3417 337 3476 deorum
348 3421 479 3496 ipsorum
492 3417 704 3474 festivitatibus
727 3427 891 3476 consecrat.
932 3417 1078 3476 Facinora
1093 3425 1123 3474 et
1138 3414 1270 3494 flagitia

214 3504 371 3560 numinum
384 3505 435 3558 illa
449 3510 565 3574 cantat,
580 3499 653 3558 haec
667 3513 754 3562 amat.
797 3502 851 3560 Illa
863 3502 978 3577 prodit,
992 3511 1043 3558 aut
1053 3500 1154 3578 fingit:
1182 3499 1269 3562 haec

217 3594 315 3640 autern
341 3595 394 3642 aut
419 3581 576 3640 attestatur
602 3587 696 3655 reris,
723 3596 774 3643 aut
791 3588 956 3644 oblectatur
968 3594 998 3641 et
1011 3585 1102 3641 falsis.
1144 3583 1269 3644 Ambae

217 3675 334 3739 turpes,
359 3667 517 3737 ambaeque
530 3667 724 3727 damnabiles:
752 3671 867 3728 sedilia
880 3687 955 3746 quae
967 3667 1111 3726 theatrica
1124 3675 1190 3738 cst,
1205 3687 1269 3744 pu.

216 3749 323 3806 blicam
336 3746 549 3820 turpitudinem
557 3752 727 3822 probitatum
740 3757 799 3806 ista
809 3767 884 3826 quae
896 3751 1008 3808 urbana
1022 3758 1081 3820 est,
1099 3749 1181 3806 illiue
1194 3761 1269 3812 tur.

217 3831 348 3908 pitudine
362 3837 493 3886 ornatur.
538 3830 685 3890 Hinccine
699 3836 761 3891 vita
775 3843 896 3892 aeterna
909 3833 1087 3911 sperabitur,
1105 3833 1187 3890 uude
1203 3839 1269 3898 ista
1283 3845 1284 3854 ’
