2530 4392
191 230 247 288 DE
269 229 492 292 CiVITATE
513 233 595 292 DEI
617 234 698 292 ΗΒ.
721 233 819 294 ΧΙΧ.
959 245 1021 304 249

54 393 100 454 ret,
122 380 192 438 seda
206 401 261 458 quo
279 394 380 458 posset
399 385 535 461 quicquid
548 387 652 456 vellet,
677 395 707 442 et
720 387 835 462 qnando
850 401 965 464 posset,
990 404 1020 452 et

54 476 137 522 tntum
148 466 229 522 vellet
241 467 383 524 auferret:
410 477 510 524 tamen
528 471 558 524 in
578 470 641 544 ipsa
658 487 711 525 sna
724 472 862 544 spelunca
875 475 1017 548 solitaria,

54 568 95 620 us,
107 559 136 605 ιιι
146 547 320 621 describitur,
336 569 450 625 semper
459 553 571 608 recenti
582 551 670 608 ccede
683 553 801 627 tepebat
813 552 931 611 humus:
945 557 1016 614 nihil

53 632 80 688 rd
93 650 169 706 quam
180 649 276 706 pacem
290 633 421 706 volebat,
437 635 468 690 in
482 652 540 709 qua
554 653 639 692 nemo
653 637 697 690 illi
708 638 847 692 molestus
861 650 950 712 esset,
964 657 1018 696 nec

53 735 63 770 s
76 716 189 790 quietem
202 716 247 770 vis
260 717 349 772 ullius
363 726 497 774 terrorve
509 717 651 775 turbaret.
678 717 752 776 Cum
766 738 888 794 corpore
901 740 955 778 sno
969 721 1018 778 de-

53 817 86 853 ne
97 816 188 872 pacem
199 797 305 854 habere
317 798 466 873 cupiebat:
488 808 518 856 et
529 810 670 876 qnantum
684 799 822 874 habehat,
846 813 961 862 tantum
974 807 1019 861 illi

52 900 72 937 ,ι
85 891 150 937 erat.
182 881 302 948 Quando
321 881 437 957 quidcm
455 884 592 940 membris
613 883 879 957 obtemperantibus
894 889 1018 962 impera-

52 983 58 1020 :
84 973 111 1020 et
125 974 156 1019 nt
172 981 250 1020 suam
262 967 471 1023 mortalitatem
483 966 636 1026 adversum
649 986 680 1023 se
695 985 732 1022 ex
745 967 910 1047 indigentia
923 971 1017 1026 rebcl·

52 1057 116 1118 tem,
138 1065 169 1103 ae
187 1046 360 1104 seditionem
377 1048 464 1106 famis
482 1049 519 1106 ad
532 1049 747 1106 dissociandam
759 1060 846 1126 atque
859 1052 1017 1110 excluden-

52 1130 105 1186 1dc
118 1148 231 1204 corpore
244 1132 372 1188 animam
384 1134 597 1205 concitantem,
618 1142 725 1208 quanta
738 1144 840 1208 posset
851 1135 1016 1192 festirmtio-

51 1221 166 1286 pacaret,
178 1213 318 1288 rapiebat,
331 1215 466 1287 necabat,
479 1215 618 1288 vorabat;
645 1225 675 1271 et
688 1217 820 1292 quamvis
834 1219 969 1274 immams
984 1236 1017 1274 ac

51 1315 89 1368 rs,
111 1298 173 1370 pcci
189 1305 286 1353 tamon
309 1315 379 1353 suae
396 1299 475 1354 vitae
488 1316 523 1355 oc
536 1299 638 1354 salutis
657 1300 825 1356 immaniter
838 1310 868 1356 et
880 1301 1018 1357 ferociter

51 1379 173 1437 solebat:
198 1398 232 1436 ac
244 1397 299 1454 per
311 1378 367 1436 hoc
378 1381 405 1436 ai
416 1399 534 1455 pacem,
561 1399 649 1457 quam
662 1383 694 1438 in
708 1400 762 1440 sua
775 1384 915 1456 spelunca
928 1392 1017 1457 atque

51 1481 72 1518 ιι
89 1464 151 1535 ipso
169 1461 274 1519 hahere
294 1465 365 1519 satis
384 1464 506 1541 agebat,
531 1483 596 1522 cum
615 1466 682 1520 aliis
696 1467 784 1522 ctiam
797 1463 905 1522 hahere
917 1467 1018 1537 vellet,

56 1546 156 1617 malus,
168 1564 222 1602 neo
235 1554 409 1618 monstrum,
423 1565 479 1603 nec
492 1546 652 1604 semihomo
666 1556 829 1606 vocaretur.
865 1548 903 1604 At
915 1550 942 1604 si
955 1549 1016 1604 eius

50 1629 117 1684 coris
130 1628 230 1701 forma,
244 1637 275 1684 et
284 1637 414 1686 atrorum
426 1631 540 1708 ignium
549 1631 677 1687 vomitur
690 1631 726 1688 ab
741 1650 775 1688 eo
788 1630 953 1688 deterrebat
964 1629 1017 1686 ho-

50 1730 96 1768 um
109 1713 292 1784 societatem3
318 1713 396 1768 forte
409 1731 470 1770 non
488 1713 613 1770 nocendi
634 1713 811 1787 cupiditate,
835 1714 886 1770 sed
898 1712 1018 1770 vivendi

49 1797 158 1851 caritate
171 1795 326 1852 saeviebat.
339 1794 448 1852 Verum
457 1797 514 1854 iste
525 1815 585 1854 non
599 1797 700 1869 fuerit,
713 1795 946 1875 velquodmcgis
954 1815 1017 1852 cre-

49 1879 111 1934 ium
125 1887 183 1949 est,
207 1880 274 1935 talis
288 1897 348 1936 non
362 1879 471 1952 suerit,
495 1881 590 1954 qualis
605 1882 736 1938 sanitate
747 1882 864 1954 poetica
877 1880 1018 1936 describi-

59 1960 125 2018 Nisi
138 1961 214 2018 enim
227 1963 315 2018 nimis
327 1972 515 2020 accusaretur
526 1962 631 2034 Cacus,
643 1981 748 2037 parum
761 1961 905 2018 Hercules
918 1962 1018 2018 lauda-

49 2064 73 2100 ι.
98 2042 178 2100 ΤιΙίι
190 2063 260 2123 ergo
273 2043 371 2116 homo,
384 2047 449 2102 sire
463 2044 637 2112 semihomo,
658 2047 774 2114 malins,
788 2053 821 2100 ιιι
834 2045 908 2115 dixi,
922 2043 1018 2100 credi-

48 2146 102 2184 ron
116 2127 224 2184 fnisse:
238 2129 315 2184 sicut
326 2129 418 2184 multa
431 2128 573 2206 figmenta
584 2131 745 2202 poetarum.
766 2125 849 2201 Ipsae
863 2128 941 2182 enim
955 2143 1019 2181 sae-

48 2229 117 2268 mae
130 2211 222 2283 ierac,
236 2210 314 2267 unde
327 2212 377 2267 ille
390 2221 503 2284 partem
516 2208 619 2266 habuit
631 2209 775 2280 feritatis,
790 2203 873 2288 (nam
886 2217 916 2265 et
930 2209 1017 2264 semi·

48 2314 57 2350 s
74 2295 169 2351 dictus
182 2289 251 2372 est,)
266 2311 360 2372 genus
372 2295 523 2369 proprium
538 2293 660 2368 quadam
671 2309 744 2367 paco
756 2289 936 2362 custodiunt,
951 2295 1016 2348 coi-

48 2400 70 2449 ι,
95 2378 266 2456 gignendo,
288 2376 446 2452 pariendo,
470 2377 567 2432 foetus
590 2375 717 2432 fovendo
741 2383 828 2450 atque
848 2373 1017 2448 nutriendo,

61 2463 125 2517 sint
141 2463 300 2536 pleraeque
318 2460 507 2516 insociabiles
527 2468 558 2514 et
578 2460 741 2536 solivagae:
765 2476 825 2514 non
848 2459 962 2514 scilieet
985 2469 1018 2514 ιιι

48 2586 55 2616 ,
74 2545 169 2615 cervi,
181 2543 343 2615 columbae,
357 2543 465 2614 sturni,
480 2559 561 2615 apes,
576 2541 628 2596 sed
640 2551 673 2597 ut
685 2544 797 2612 leones,
806 2541 920 2614 vulpes,
934 2543 1016 2616 aqui-

48 2635 186 2685 noctuae.
222 2628 306 2694 Quae
320 2627 399 2682 enim
412 2626 500 2703 tigris
513 2642 573 2682 non
586 2623 657 2680 filiis
671 2625 732 2680 suis
746 2625 964 2694 immurmurat,
989 2633 1019 2680 ct

48 2721 78 2768 ta
91 2711 215 2768 feritate
227 2704 396 2767 blandituri
419 2709 490 2776 Quis
504 2709 623 2779 milvus,
642 2706 855 2783 quantumlibet
867 2706 1017 2764 solitarius

48 2797 83 2850 ris
100 2795 311 2864 circumvolet,
335 2810 395 2849 non
414 2792 584 2870 coniugium
598 2791 733 2866 copulat,
756 2790 858 2874 nidum
871 2790 1017 2867 congerit,

48 2878 198 2948 mutaret,
220 2878 315 2953 pullos
328 2877 392 2948 alit,
407 2885 437 2932 et
450 2876 534 2952 quasi
546 2893 613 2932 cum
625 2893 678 2932 sua
690 2872 908 2932 matrefamilias
922 2875 1017 2930 socie-

48 2983 59 3017 1
74 2961 271 3018 domesticam
286 2968 395 3036 quanta
407 2968 506 3035 potest
517 2977 591 3034 pace
605 2953 779 3016 conservati
794 2957 910 3024 Quanto
923 2957 1017 3036 magis

48 3067 53 3098 ι
74 3044 177 3101 fertur
197 3044 322 3121 quodam
341 3043 427 3102 modo
446 3053 569 3102 naturae
588 3061 660 3100 suae
676 3042 789 3122 legibus
809 3039 846 3098 ad
859 3040 1018 3098 ineundam

48 3138 146 3184 tatem
169 3145 331 3203 pacemque
351 3145 418 3184 cum
442 3126 623 3199 hominihus,
651 3135 790 3201 quantum
817 3126 849 3182 in
872 3126 936 3200 ipso
963 3133 1018 3196 est,

48 3212 104 3268 hus
120 3211 332 3282 obtinendam
352 3227 418 3266 cum
431 3211 519 3265 etiam
532 3210 603 3264 mali
615 3227 668 3282 pro
680 3227 753 3282 pace
765 3225 884 3263 suorum
896 3207 1018 3283 bellige-

57 3313 243 3370 omnesque,
257 3294 283 3349 si
296 3293 428 3366 possint,
442 3309 511 3347 suos
524 3290 624 3347 facere
636 3291 744 3360 velint,
766 3297 800 3344 ut
812 3289 865 3344 nni
878 3289 976 3344 cuncti
990 3297 1020 3342 et

48 3391 74 3434 ’τι
90 3377 285 3448 deserviant3
308 3393 367 3451 qno
380 3383 477 3448 pacto,
493 3375 563 3442 nisi,
577 3374 609 3428 in
623 3373 685 3427 eius
698 3388 810 3445 pacem,
824 3371 871 3424 vel
885 3369 1019 3436 amando,

48 3461 170 3517 mendo
187 3453 396 3518 consentienti
433 3455 485 3514 Sic
497 3457 576 3514 enim
590 3454 724 3528 superbia
736 3469 874 3529 perverse
888 3452 1020 3508 imitatur

48 3565 68 3601 ι.
111 3543 193 3601 Odit
204 3560 329 3618 namque
343 3559 410 3597 cum
423 3541 511 3596 sociis
525 3539 732 3614 aequalitatem
744 3535 797 3592 snb
811 3535 878 3590 illo:
901 3533 953 3589 sed
966 3535 1020 3588 im-

48 3647 74 3684 re
96 3628 171 3686 vult
193 3627 282 3684 sociis
296 3624 526 3682 dominationem
541 3639 624 3678 snam
637 3638 691 3695 pro
705 3621 765 3676 illo.
801 3615 873 3675 Odit
886 3635 958 3695 ergo
971 3617 1019 3673 iu·

48 3729 167 3787 pacem
182 3708 260 3782 Dei,
280 3717 310 3765 et
322 3715 401 3764 amat
414 3707 544 3781 iniquam
555 3723 656 3782 pacem
670 3721 761 3762 suam.
784 3700 851 3758 Non
864 3718 962 3758 amare
974 3709 1019 3756 to·

48 3797 294 3870 rualemcunque
307 3809 408 3866 pacem
422 3791 501 3846 nullo
511 3789 596 3846 modo
607 3796 714 3863 potest.
728 3785 965 3860 Nullum'quippc
975 3784 1020 3841 ri·
1066 3863 1072 3868 ι
