2530 4392
203 205 265 262 271
434 199 534 258 mvl
556 195 1025 257 At⁷nn1211svovsr11sl

206 360 257 416 ills
271 366 373 414 vetera
385 353 542 430 praeconia
557 362 627 409 sunt
639 369 793 410 novorum.
821 347 907 408 Nora
920 350 1015 430 igitur
1026 351 1169 427 ponende
1182 365 1239 411 sunt

205 444 296 519 prius,
310 459 384 516 quae
397 447 431 494 ut
443 438 555 494 firmius
568 437 736 512 probemus,
757 444 943 492 assumentur
955 445 985 493 et
998 444 1117 495 vetera.
1153 437 1188 495 ln
1201 458 1239 496 re

204 526 315 584 teribus
329 522 474 580 hahentur
486 521 550 580 Lex
560 529 589 576 et
600 519 774 596 Prophetae,
786 520 819 576 in
828 521 914 576 novis
924 517 1130 599 Evangelium
1141 523 1238 597 etApo

205 611 326 667 stolieae
340 609 453 664 literae.
475 606 525 663 Ait
538 613 635 661 autem
650 604 819 680 Apostolus:
846 600 904 660 Per
918 603 1011 681 legem
1025 606 1109 662 euius
1121 606 1238 684 cognitio

199 695 329 772 peeouts'.
350 689 435 748 Nune
447 700 546 748 autem
558 689 622 746 sine
636 688 700 765 lege
714 688 834 745 iustitio
844 685 905 744 Dei
916 687 1127 760 manifestato
1141 699 1196 760 est,
1207 701 1238 746 te

204 777 343 850 stfiooto
355 794 416 854 per
433 772 541 850 Legem
565 782 596 829 et
618 770 799 850 Prophetas:
826 772 946 828 iustitio
970 781 1077 828 autent
1103 771 1175 844 Dei,
1193 790 1238 849 pe

198 861 293 934 fidene
306 855 376 918 Iesu
392 856 509 914 Christi
523 858 554 912 s'n
568 873 665 912 onnes
679 857 730 932 qui
742 855 868 913 eredunt
883 851 927 930 [in
940 852 1030 930 eumJ.
1068 854 1157 914 Hsee
1169 857 1237 912 insti-

205 946 247 1001 tia
259 943 318 1000 Dei
331 942 369 999 ud
382 959 490 998 novum
503 941 632 1014 pertinet
645 937 879 1011 Testamentum,
902 947 932 993 et
944 940 1155 997 testimonium
1167 939 1238 996 halet

205 1047 223 1084 o
238 1027 385 1085 veteribus
398 1025 493 1096 libris,
507 1022 563 1081 hoe
577 1031 631 1094 est,
646 1041 663 1078 a
676 1021 756 1100 Lege
768 1032 798 1078 et
813 1019 972 1097 Prophetis.
996 1021 1091 1080 Prius
1106 1043 1176 1105 ergo
1186 1025 1239 1097 ipss

206 1129 293 1168 eausa
305 1108 441 1186 ponenda
455 1117 511 1180 est,
527 1117 556 1164 et
568 1116 670 1182 postea
685 1114 776 1162 testes
791 1106 1002 1164 introducenti
1038 1105 1136 1166 Hune
1149 1109 1240 1180 etipse

205 1194 286 1252 lesus
301 1193 435 1253 Christus
454 1191 586 1250 ordinem
609 1188 784 1247 servendum
798 1209 862 1246 esse
882 1189 1110 1262 demonstrans,
1135 1190 1239 1255 Sotiis,

205 1281 318 1356 inquit,
342 1278 524 1337 eruditoria
537 1293 630 1352 regno
644 1271 719 1344 Des',
742 1274 848 1330 similis
866 1282 913 1332 est
924 1274 990 1331 viro
1002 1275 1238 1352 patrifamilias

199 1363 377 1442 proferenti
391 1363 427 1420 de
440 1359 581 1419 tlseeuuro
594 1375 647 1415 suo
660 1377 736 1416 novo
750 1368 780 1415 et
792 1368 906 1415 veteru.
939 1355 1009 1414 Non
1029 1356 1129 1431 dixit,
1153 1367 1237 1416 reten

206 1457 235 1502 et
248 1465 339 1505 nova:
363 1445 440 1522 quod
454 1446 554 1520 utique
569 1441 710 1514 dixisset,
735 1442 792 1508 nisi
811 1442 961 1496 maluisset
978 1443 1160 1499 meritorum
1175 1439 1236 1496 ordi

206 1549 273 1586 nem
287 1547 405 1587 servare
418 1547 504 1603 quam
518 1538 692 1602 temporum.

625 1675 750 1734 CAP.
793 1673 826 1732 V.

207 1773 309 1838 Quibus
326 1773 467 1826 sententiis
482 1771 596 1824 Domini
613 1772 766 1826 Saloutaria
785 1771 902 1826 divinum
922 1771 1054 1824 iudicium
1070 1773 1237 1845 summis

547 1842 608 1912 stne
622 1843 724 1895 soeculi
733 1843 895 1894 declaretur.

269 1950 350 2029 Ergo
364 1952 426 2025 ipse
441 1948 578 2007 Salvator
592 1969 658 2006 eum
672 1950 844 2028 obiurgaret
860 1950 1007 2021 civitates,
1022 1951 1054 2008 iu
1070 1949 1180 2025 quibus
1192 1952 1238 2006 rir-

205 2045 285 2093 tutes
299 2043 422 2112 magnas
436 2035 558 2106 fenerat,
572 2053 668 2112 neque
682 2034 878 2106 erediderunt,
897 2043 928 2090 et
940 2035 983 2089 eis
997 2035 1189 2112 alienigenas
1200 2053 1238 2090 sr-

206 2129 372 2195 teponeret:
403 2116 618 2190 Verumtamen,
636 2120 742 2195 inquit,
763 2119 827 2176 dieo
839 2118 930 2189 vobis,
947 2115 1027 2194 llere
1040 2128 1072 2176 et
1086 2116 1236 2176 Sidoss're
1254 2149 1255 2171 ι

204 2206 324 2260 missine
339 2204 400 2261 srs‘t
412 2205 444 2260 in
458 2203 506 2261 dte
519 2204 625 2261 iudies'i
637 2221 724 2280 quone
736 2201 827 2261 uobis.
841 2199 881 2258 Et
892 2203 979 2276 paulo
992 2211 1063 2277 post
1076 2205 1170 2259 ulter-i
1182 2203 1237 2259 elsi

205 2289 272 2343 toti:
298 2285 406 2356 Amen,
427 2287 534 2362 inquit,
557 2287 622 2344 dieo
635 2287 726 2364 potis,
740 2288 811 2364 quio
825 2283 928 2344 tertios
941 2281 1137 2344 Sodomorum
1151 2287 1237 2344 reste
1253 2309 1254 2355 l

203 2372 266 2425 siue
281 2372 340 2426 erit
353 2371 384 2425 in
398 2369 446 2427 ds'e
460 2370 566 2428 iudicii
584 2387 671 2448 quom
689 2371 753 2428 tibi.
787 2368 846 2426 llio
860 2369 1082 2427 evidentissime
1100 2367 1237 2446 praestes

203 2452 282 2508 diem
296 2452 400 2510 iudicii
413 2471 478 2510 esse
491 2462 657 2512 venturum.
691 2453 731 2510 Et
749 2455 808 2511 olio
826 2455 909 2511 loeo:
941 2452 1008 2512 Vtra·
1019 2450 1192 2526 Nimim,
1204 2457 1237 2509 in
1252 2487 1253 2537 ,

203 2539 276 2612 quit,
290 2549 417 2614 surgent
430 2538 461 2596 s'n
477 2539 588 2596 iudicio
602 2556 666 2596 eum
678 2538 873 2615 generatione
885 2541 958 2609 isto,
972 2547 1003 2596 et
1015 2537 1238 2596 oondessssoissl

203 2639 286 2694 eom,·
299 2623 369 2699 puio
376 2623 596 2700 poenitentium
608 2632 735 2700 egerunt
744 2623 776 2678 s'n
783 2623 1014 2700 praedieatione
1025 2618 1132 2694 Ionae,
1147 2632 1179 2680 et
1187 2639 1237 2679 een

198 2703 270 2779 plus
288 2721 375 2780 quum
388 2702 463 2763 Iona
482 2704 539 2762 lu'e.
578 2701 698 2782 Regino
710 2703 819 2763 Austri
830 2716 936 2784 surget
949 2707 980 2762 in
993 2706 1110 2764 iudicio
1123 2723 1188 2762 ereas
1198 2721 1236 2779 ge

203 2789 358 2844 nerotioue
369 2789 441 2857 isto,
455 2798 486 2845 et
499 2787 704 2847 condemnabit
717 2807 797 2864 eom,·
809 2791 880 2866 quio
891 2790 974 2847 uenit
986 2809 1006 2846 u
1012 2788 1135 2860 finibus
1150 2798 1235 2845 serm

204 2871 311 2926 audire
323 2871 505 2948 sapientiam
519 2869 699 2943 Solomonis,
727 2883 757 2931 et
774 2891 839 2930 eoee
852 2873 924 2951 plus
938 2889 1025 2950 quom
1039 2868 1182 2930 Sulossoss
1194 2869 1235 2927 tie
1250 2881 1251 2905 ¹

203 2950 287 3006 Duas
301 2949 356 3008 hoe
369 2955 435 3010 loeo
448 2971 496 3010 res
510 2953 666 3027 diseimus,
681 2965 711 3012 et
724 2965 880 3013 ventunun
893 2973 957 3011 esse
970 2954 1129 3030 iudicium,
1143 2965 1175 3012 et
1186 2971 1235 3010 eu

202 3041 384 3092 mortuorum
398 3039 615 3094 resurreetione
627 3049 793 3097 venturum.
817 3039 863 3097 De
873 3039 1015 3097 Ninivitis
1030 3041 1115 3096 enisu
1127 3050 1160 3098 et
1171 3039 1235 3115 regi
1249 3045 1250 3087 l

151 3159 155 3167 .
203 3134 242 3174 na
254 3115 356 3174 Austri
370 3120 486 3194 quando
500 3121 558 3178 ista
571 3121 700 3196 dicebat,
726 3123 762 3180 de
780 3125 904 3181 mortuis
925 3124 991 3180 sine
1004 3122 1096 3180 dubio
1111 3123 1235 3200 loquele·

203 3211 262 3272 tur,
276 3219 348 3277 quos
362 3206 508 3263 tamenin
522 3205 569 3263 die
581 3206 684 3264 iudicii
696 3217 915 3264 resurrecturos
929 3225 994 3263 esse
1007 3207 1172 3282 praedixit.
1188 3204 1235 3261 liet

201 3284 269 3342 ideo
283 3285 377 3360 dixit,
401 3289 656 3361 condemnabunt,
674 3291 744 3366 quia
762 3293 819 3367 ipsi
840 3290 1025 3348 iudicabunt:
1053 3291 1108 3345 sed
1126 3291 1194 3366 quis
1209 3301 1235 3340 21

203 3372 333 3445 ipsorum
347 3375 565 3446 comparatione
578 3375 629 3430 isti
642 3375 747 3430 merito
761 3374 982 3431 damnabuntur.

265 3453 381 3511 Rursus
401 3457 460 3512 slio
478 3458 558 3528 loeo,
582 3475 649 3513 eum
668 3456 703 3514 de
724 3456 876 3514 honrinum
892 3456 1035 3513 bonorum
1056 3465 1089 3512 et
1109 3445 1248 3514 mslom'

203 3557 281 3594 nune
294 3539 510 3612 permixtione,
536 3550 640 3614 postea
652 3543 854 3616 separatione,
878 3557 952 3616 quoe
965 3540 1070 3614 utique
1085 3540 1137 3598 die
1150 3535 1247 3637 inditi,

202 3619 300 3674 lotura
315 3631 369 3691 est,
382 3625 563 3699 loqueretur,
575 3622 708 3682 adhibuit
718 3625 940 3682 similitudinem
953 3620 988 3679 de
1001 3624 1107 3680 tritico
1122 3625 1234 3680 semine·

202 3707 233 3752 to
247 3708 277 3753 et
290 3709 533 3774 superseminatis
547 3709 682 3776 emenda,
702 3727 823 3782 mmque
836 3709 898 3765 suis
913 3723 1065 3779 exponens
1079 3705 1235 3783 discipulis:

205 3777 266 3846 Qut
278 3784 421 3853 seminat,
447 3789 558 3862 inquit,
576 3787 678 3844 honum
693 3805 805 3860 semen,
829 3799 873 3847 est
890 3786 987 3846 litim
999 3786 1151 3848 hominis:
1176 3805 1234 3866 sgr

200 3869 300 3915 uatem
314 3873 358 3916 eet
377 3862 455 3940 [lete]
470 3870 613 3927 mundus:
641 3870 743 3928 tonum
754 3892 824 3931 vero
838 3890 934 3930 seneen
947 3871 980 3930 li
989 3872 1138 3946 msrfile's'
1147 3871 1235 3950 rtt'l'
