2510 4404
113 313 114 320 Ν
202 233 261 290 372
427 227 522 284 nrvr
544 221 726 282 svaran
750 218 1000 280 avcvsrmu

202 381 317 452 habuit,
341 391 411 437 tune
425 377 554 449 habebit3
582 377 633 434 sed
647 376 713 452 quia
726 375 756 431 id
770 373 847 448 quod
866 391 902 430 ex
921 373 1104 430 aeternitate
1123 373 1154 430 in
1174 374 1228 427 eim
1252 343 1254 360 l

202 463 377 522 immutabili
393 471 590 540 praeparatum
605 469 650 515 est
664 461 823 528 voluntate,
837 466 907 514 tune
922 457 986 512 erit.

930 535 958 616 (r
974 538 1013 595 a.
1034 535 1127 594 aar.
1141 535 1197 617 u.)

588 623 609 682 c
637 623 662 680 A
687 624 720 682 r.
762 620 837 679 111.

207 725 247 778 De
252 725 428 793 promissione
435 731 558 818 aeternae
569 720 738 801 leatitupiaie
747 728 912 782 sanctorum,
932 727 959 770 et
972 718 1124 786 perpetuis
1142 719 1230 786 suppli·

611 804 818 856 eaeempeorum.

266 881 457 954 Quapropter,
484 887 516 934 ut
530 885 645 933 caetera
658 887 718 932 tam
731 878 820 934 multa
833 885 1030 952 praeteream,
1060 877 1146 932 sicut
1164 894 1232 931 nune

203 966 233 1020 in
248 959 362 1018 Christo
377 960 507 1018 videmus
521 961 634 1034 impleri
648 957 725 1034 quod
746 961 877 1035 promitit
890 957 1023 1016 Abrahae
1058 957 1181 1016 tlieens:
1202 957 1231 1012 Ia

203 1048 310 1103 semine
324 1054 373 1100 tao
390 1045 596 1102 benedicentur
609 1060 703 1100 omnes
716 1051 836 1122 gentes:
863 1044 919 1113 ita,
944 1041 1020 1117 qnod
1035 1041 1123 1098 idem
1137 1044 1231 1098 semini

204 1131 264 1186 eius
276 1129 425 1202 promisit,
449 1126 628 1201 implebitur,
646 1127 695 1182 ubi
714 1127 755 1182 ait
781 1145 831 1200 per
848 1123 1035 1200 Prophetam:
1063 1123 1231 1204 Resurgent

204 1214 254 1290 qai
267 1218 355 1268 erant
368 1213 399 1267 in
412 1211 611 1268 monumentis.
654 1208 694 1266 Et
707 1207 782 1284 quod
795 1211 852 1266 ait:
878 1207 948 1266 Erit
959 1207 1075 1266 coelam
1091 1227 1196 1266 moram
1207 1216 1230 1262 et

206 1304 290 1352 terra
303 1313 392 1364 noea,
412 1302 442 1352 et
456 1312 510 1350 aaa
524 1301 611 1350 eruat
623 1309 761 1350 memores
768 1293 919 1371 priorum,
937 1309 991 1348 aec
1005 1291 1230 1350 adscendentis

206 1398 256 1434 cor
270 1379 414 1456 meorum
440 1378 493 1434 sed
505 1375 653 1432 laetitiam
663 1382 692 1432 et
710 1373 933 1432 exsultationem
959 1375 1120 1434 invenient
1146 1377 1177 1432 ia
1194 1394 1228 1430 ea.

207 1459 271 1540 [Et]
287 1457 364 1516 Ecce
383 1459 562 1538 egofaciom
575 1455 764 1516 Hierusalem
790 1457 1013 1516 exsultationem
1042 1464 1075 1513 et
1096 1457 1229 1536 populas

205 1561 297 1599 meam
312 1542 459 1599 laetitiam
466 1559 477 1614 ;
503 1551 532 1598 et
545 1541 696 1598 exsultabo
715 1542 745 1598 ia
759 1539 962 1610 Hierusalem,
990 1550 1020 1598 et
1039 1538 1182 1598 laetabor
1207 1543 1229 1594 ia

200 1624 397 1704 populomeo,·
426 1633 455 1681 et
469 1621 551 1680 altra
565 1642 620 1680 aon
635 1625 773 1683 audietur
795 1626 825 1680 in
842 1643 877 1682 ea
903 1643 959 1682 voa
976 1622 1083 1698 fletus.
1132 1623 1170 1680 Et
1187 1641 1229 1698 per

204 1711 291 1764 alium
305 1705 491 1782 Prophetam,
510 1705 586 1782 quod
598 1708 815 1781 praenuntiavit
829 1707 927 1764 dicens
946 1705 1041 1762 cidem
1056 1704 1226 1780 Prophetae:

204 1789 240 1846 Ia
255 1797 380 1868 tempore
406 1788 456 1846 illo
469 1789 634 1846 salvabitur
651 1788 779 1868 populas
807 1798 872 1847 tuas
897 1791 988 1847 omnis
1015 1791 1082 1865 qai·
1101 1791 1226 1846 investes

200 1874 301 1950 faerit
314 1874 444 1952 scriptus
459 1875 489 1928 ia
503 1871 591 1944 libro,·
616 1880 646 1928 et
658 1871 745 1929 malti
753 1875 956 1932 dormientium
970 1874 1003 1928 iu
1016 1878 1128 1928 terrae
1134 1871 1226 1950 pelae-

205 1976 248 2026 re,
263 1957 335 2026 sive,
349 1965 382 2011 ut
394 1954 509 2032 quidam
523 1955 706 2029 interpretati
720 1965 799 2027 sunt,
814 1975 941 2035 aggere,
953 1963 1139 2034 exsurgerem
1160 1953 1191 2010 li
1203 1956 1226 2010 ia

205 2042 298 2096 uitam
314 2047 477 2110 aeternam,
485 2046 514 2096 et
526 2035 560 2094 lei
568 2040 599 2094 ia
612 2039 797 2117 opprobriam
812 2047 842 2096 et
854 2039 1056 2113 confasionem
1071 2046 1225 2094 aeternam.

207 2121 245 2178 Et
258 2123 315 2179 alio
328 2123 391 2179 loeo
406 2140 457 2196 per
472 2119 593 2177 eundem
606 2119 792 2196 Prophetam:
817 2117 973 2200 Aeciprient
990 2139 1119 2200 regnam
1139 2121 1226 2177 saneti

207 2203 364 2272 Altissimi,
391 2214 420 2263 et
433 2205 600 2263 obtinebant
614 2203 689 2263 illud
705 2222 795 2282 usqae
813 2207 843 2262 ia
861 2204 1022 2269 saeculam,
1052 2213 1082 2260 et
1100 2221 1191 2281 usqae
1203 2206 1226 2258 ia

207 2288 328 2346 saecula
340 2289 529 2346 saeculoram.
571 2281 613 2344 Et
624 2288 709 2362 paulo
721 2299 800 2364 post:
825 2287 970 2368 Regnum,
979 2288 1095 2362 inquit,
1111 2289 1175 2344 eius
1186 2305 1227 2341 re·

208 2391 295 2450 gaam
309 2373 524 2449 sempiternam.
537 2367 576 2426 Et
588 2371 646 2428 alia
660 2390 734 2446 quae
747 2371 783 2428 atl
796 2370 849 2428 hoe
862 2372 1039 2446 pertinentia
1051 2371 1083 2425 in
1098 2369 1173 2426 libro
1188 2372 1228 2424 ri·

210 2455 316 2509 cesimo
329 2455 431 2528 posui,
451 2455 512 2509 sive
524 2472 596 2527 quae
609 2473 666 2510 non
680 2457 778 2530 posui,
804 2464 833 2511 et
850 2464 945 2510 tamen
962 2455 994 2509 in
1008 2452 1121 2509 eisdem
1140 2455 1227 2508 literis

209 2539 315 2612 scripta
329 2551 410 2593 sunt:
436 2539 557 2604 venient
570 2534 698 2608 ethaeo,
716 2539 790 2594 sicut
804 2547 833 2594 et
847 2540 903 2594 ista
919 2545 1080 2608 venerunt,
1102 2555 1174 2614 qnae
1187 2539 1227 2590 in·

210 2617 318 2677 creduli
332 2638 393 2676 non
406 2620 545 2696 putabant
558 2638 621 2675 csse
635 2631 766 2678 ventura.
809 2619 888 2678 ldem
900 2625 1003 2697 quippe
1015 2618 1096 2676 Deus
1110 2631 1227 2693 umque

209 2705 353 2780 promisit,
371 2712 492 2780 utroque
506 2713 631 2761 ventura
649 2723 712 2760 esse
724 2704 884 2780 praedixit,
911 2722 995 2780 quem
1005 2702 1226 2778 perhorrescunt

210 2789 330 2844 numina
344 2787 616 2862 Paganorum,teste
629 2789 715 2844 etiam
730 2786 901 2864 Porphyrio,
915 2785 1224 2861 nobilissimoplriloso-

211 2869 266 2945 pho
279 2869 469 2948 Paganorum.
710 2878 712 2884 ’

605 3018 627 3076 C
653 3021 676 3076 Α
702 3019 734 3076 Ρ.
778 3019 837 3076 l·V.

214 3113 315 3164 Contra
324 3112 453 3180 sapientes
463 3114 564 3176 mandi,
582 3115 732 3182 quiputaat
741 3125 846 3168 terrena
859 3115 994 3167 hominum
1004 3131 1121 3184 corpora
1132 3115 1166 3166 ati
1173 3131 1225 3164 toe-

438 3183 500 3232 leste
510 3181 688 3235 habitaculam
702 3201 755 3235 aon
760 3200 838 3252 posse
848 3183 1000 3252 transferri.

275 3286 330 3345 Sed
344 3286 477 3346 videlicet
488 3284 617 3344 homines
632 3288 707 3346 docti
721 3299 806 3365 atque
820 3291 963 3364 sapientes
975 3298 1076 3344 eontra
1093 3291 1152 3345 virn
1166 3298 1224 3344 tan·

211 3383 257 3428 tae
270 3374 465 3444 auctoritatis,
479 3391 552 3446 quae
568 3375 663 3428 omnia
676 3391 785 3449 genera
799 3372 962 3444 honrinum,
981 3373 1055 3428 sieut
1069 3381 1151 3428 tanto
1163 3383 1223 3426 ante

211 3455 365 3530 praedixit,
372 3457 402 3511 in
414 3455 469 3511 hoe
481 3455 652 3512 credendum
665 3455 893 3532 sperandumque
908 3457 1064 3520 convertit,
1079 3464 1163 3510 acute
1176 3453 1222 3508 sili

211 3541 408 3614 argumentari
422 3537 559 3595 videntur
569 3537 707 3595 ¹aduersus
720 3557 872 3614 corporum
885 3539 1176 3606 resurrectionem,et
1187 3535 1219 3590 di·

212 3641 276 3676 cere
290 3621 366 3696 quod
380 3623 411 3678 in
424 3623 511 3678 tertio
526 3621 560 3676 de
573 3621 717 3696 republica
736 3623 809 3678 libro
835 3641 852 3678 a
866 3619 1005 3678 Cicerone
1022 3637 1218 3678 commemora·

163 3697 165 3704 ’
214 3713 340 3758 tumet.
383 3705 456 3761 Nam
470 3724 557 3780 quum
567 3703 721 3761 Herculem
736 3703 920 3761 etRomulum
935 3723 972 3759 ex
983 3703 1149 3760 hominibus
1161 3701 1218 3756 teo

213 3803 276 3840 esse
289 3785 381 3840 factos
394 3797 591 3845 asseveraret:
634 3789 788 3861 „Quorum
802 3807 861 3844 non
877 3787 1218 3863 corporminquitmuntio

214 3869 345 3936 „coelum
360 3872 448 3940 elata3
475 3868 655 3946 nequeenim
672 3880 775 3928 natura
789 3881 953 3946 pateretur,
970 3882 1002 3927 ut
1014 3870 1042 3926 itl
1062 3869 1218 3944 quodenset
