2590 4396
257 208 321 266 DE
344 205 560 266 clvlTATE
583 207 664 268 DEl
692 211 776 268 lnss.
802 211 833 269 V.
1012 217 1068 274 157

25 365 221 424 letaniorum
234 359 398 430 hominum,
425 379 487 416 non
501 378 518 416 a
532 358 697 436 Tarquinio
710 381 793 440 rege,
821 363 873 419 red
886 382 903 420 a
918 365 1068 423 daemoni·

26 453 69 507 lue
83 460 115 505 ct
129 447 313 502 daemonnm
335 443 483 518 principe,
511 461 573 500 non
597 443 652 500 filii
676 445 867 514 occiduntur,
896 447 948 504 recl
961 447 1069 509 chricti

25 548 165 608 pauperes
180 529 263 584 inter
276 525 354 582 filios
370 521 597 600 computanturi

79 615 116 672 Si
139 613 221 668 aliua
247 611 337 666 etiem
357 607 509 666 Romanus
532 612 669 688 princepe
693 614 870 690 cognomine
889 613 1070 690 Torquatus,

24 701 122 770 lilium,
150 713 216 752 non
232 695 301 769 quia
314 701 419 748 eontra
430 694 573 769 patriam,
600 693 652 750 recl
665 697 753 752 etiam
765 715 819 772 pro
833 699 945 772 patria,
972 707 1071 754 tamen

24 785 87 859 quia
96 788 207 838 contra
215 777 374 851 imperium
388 793 483 848 suum,
496 775 527 832 il
538 787 594 850 eet,
606 789 710 836 contra
720 779 800 855 quod
813 781 1009 856 imperaverat
1019 799 1070 856 pa-

23 879 63 922 ter
77 868 257 939 imperator,
285 859 321 915 ab
333 857 419 916 horte
432 871 607 934 provocatus
621 863 745 920 iuvenili
757 862 863 920 ardore
875 873 1070 943 pugnaverat,

24 949 239 1016 licetviciaret‚
259 941 379 1014 oceidit3
404 962 443 999 ne
466 946 533 1018 plue
555 946 626 1002 mali
648 954 727 1002 erret
747 948 781 1004 in
803 950 937 1025 exemplo
954 948 1072 1024 imperii

27 1031 177 1098 contemti,
192 1045 282 1102 quarn
294 1025 366 1082 boni
378 1027 411 1082 in
425 1027 521 1105 gloria
533 1026 626 1086 hostie
641 1031 749 1088 occisi:
775 1031 890 1107 utquid
902 1049 935 1087 re
947 1032 1070 1101 iactent,

26 1118 71 1192 qui
83 1132 139 1190 pro
160 1110 340 1168 immortalis
352 1111 466 1185 patriae
483 1111 598 1190 legibus
622 1115 738 1186 omnia,
765 1133 839 1190 quae
859 1116 950 1172 multo
972 1116 1070 1171 minue

26 1218 107 1274 quam
119 1197 179 1252 lilii
192 1193 372 1271 diliguntam‚
386 1194 463 1248 bona
475 1203 595 1252 terrena
608 1193 819 1254 contemnunt?
846 1195 881 1252 Si
892 1196 999 1252 Furius
1014 1196 1070 1254 Ca-

26 1284 117 1337 millus
132 1279 227 1336 etiam
240 1277 391 1353 ingratam
402 1277 539 1350 patriam,
557 1296 575 1335 a
588 1279 671 1336 euius
684 1279 848 1335 cervicibus
861 1280 1072 1336 acerrimorum

26 1365 154 1420 hortium
168 1359 341 1416 Veientium
354 1360 456 1437 iugum
470 1361 638 1436 depulerat,
665 1362 877 1437 damnatusque
895 1361 931 1417 ab
950 1363 1071 1417 aemulir

27 1450 130 1518 luerat,
145 1465 165 1502 a
179 1444 276 1502 Gallia
289 1443 556 1517 iterumiterum,
572 1446 641 1520 quia
654 1463 715 1502 non
728 1443 853 1501 habebat
863 1445 1008 1519 potiorem
1020 1444 1073 1500 nbi

27 1540 123 1606 posset
135 1530 243 1586 rivere
255 1526 423 1604 glorioom3
442 1546 494 1584 cur
507 1530 666 1586 extolletur
679 1530 762 1586 velut
774 1527 887 1606 grande
901 1527 1011 1604 aliquid
1026 1527 1071 1583 fe-

28 1617 114 1686 ccrit,
133 1614 188 1688 qni
205 1611 284 1667 ferte
303 1611 336 1666 in
348 1609 482 1668 Ecclesia
494 1612 530 1668 ab
544 1614 671 1670 inimicia
690 1613 855 1669 carnalibus
868 1613 1072 1689 grerireimem

29 1695 272 1754 exhonorationis
285 1711 389 1768 pastun
403 1695 558 1767 iniuriam,
583 1715 643 1752 non
658 1695 739 1752 read
754 1697 816 1752 eiur
829 1693 929 1752 horter
942 1692 1071 1751 haercti-
1138 1697 1145 1708 “

30 1800 72 1837 ιιι
86 1779 256 1849 transtulit,
281 1786 332 1833 aut
345 1779 471 1852 aliquam
484 1788 588 1835 contra
601 1781 682 1836 illam
694 1781 757 1856 ipae
768 1777 916 1836 haeresim
929 1777 1071 1848 condidit,

30 1865 76 1920 sed
88 1883 155 1920 eam
168 1862 269 1936 potius
283 1869 425 1936 quantum
439 1863 531 1918 valuit
550 1863 586 1919 ab
597 1861 813 1920 haereticorum
821 1862 1072 1938 perniciosissima

29 1950 170 2022 pravitate
183 1943 333 2015 defendit3
358 1962 425 2000 eum
437 1946 495 2002 alia
508 1965 568 2002 non
581 1948 637 2018 eit,
663 1965 724 2004 non
737 1947 788 2004 ubi
798 1948 917 2003 vivatur
929 1947 962 2002 in
974 1942 1070 2000 homi·

30 2051 92 2086 num
106 2031 219 2108 gloria,
233 2028 286 2085 aed
299 2027 349 2084 ubi
359 2029 422 2084 vita
434 2030 601 2104 acquiratur
614 2025 754 2086 aeterna?
777 2028 812 2086 Si
825 2028 946 2098 Mutius,
959 2037 992 2083 ut
1005 2047 1072 2084 cum

30 2114 178 2171 Porsenna
192 2131 267 2190 rege
279 2129 338 2186 pax
351 2110 448 2182 fieret,
462 2114 511 2187 qui
522 2115 696 2190 gravissimo
707 2113 784 2169 bello
796 2112 944 2169 Romanor
957 2129 1072 2186 preme-

29 2198 84 2269 bat,
98 2199 171 2273 quia
183 2195 369 2252 Porsennam
382 2195 478 2269 iprum
491 2195 626 2252 occidere
639 2216 699 2254 non
712 2197 820 2272 potuit,
839 2203 869 2251 et
879 2213 933 2269 pro
949 2213 984 2250 eo
998 2195 1056 2250 alte
1071 2227 1073 2234 ,

30 2299 89 2337 rum
102 2281 247 2354 deceptus
261 2277 380 2350 oceidit,
394 2279 426 2334 in
441 2277 593 2336 ardentem
603 2299 685 2338 aram
698 2289 768 2336 ante
781 2281 879 2336 oeulos
894 2280 956 2334 ciue
967 2277 1070 2334 dexte-

29 2384 87 2421 ram
101 2362 250 2432 extendit,
265 2361 367 2417 dicens
379 2363 486 2418 multos
500 2365 585 2436 talea,
600 2365 714 2440 qualem
727 2365 810 2420 illum
822 2361 947 2434 videret,
961 2363 993 2418 in
1008 2361 1072 2417 eius

30 2450 150 2504 exitium
164 2446 353 2517 coniuraare;
368 2445 450 2500 euius
463 2447 514 2502 ille
526 2447 732 2505 fortitudinem
741 2456 771 2503 et
781 2447 1015 2502 coniurationem
1026 2451 1071 2498 ta·
1128 2465 1130 2469 ·

29 2534 97 2588 lium
108 2527 351 2606 perhorrescent,
366 2528 430 2584 aine
440 2531 500 2584 ulla
513 2529 654 2586 dilatione
665 2548 697 2585 re
708 2531 743 2584 ab
757 2531 808 2584 illo
821 2529 898 2583 bello
912 2527 989 2581 facte
1001 2543 1073 2599 pace

29 2613 226 2688 compescuit:
252 2613 317 2687 quir
330 2628 424 2688 regno
436 2614 585 2669 coelorum
598 2614 795 2686 imputaturus
815 2618 861 2664 est
882 2609 989 2662 merita
1009 2624 1072 2675 rua,

28 2700 121 2771 cipro
135 2699 186 2754 illo
198 2713 262 2752 non
277 2713 366 2751 unam
380 2713 509 2765 manum,
530 2711 626 2768 neque
639 2692 694 2749 hoe
708 2690 999 2760 mairomontem,
1022 2689 1073 2744 aed

28 2773 224 2856 persequente
237 2779 337 2854 aliquo
349 2779 478 2852 patienr,
492 2787 588 2834 totum
609 2775 734 2834 flammis
748 2792 854 2851 corpur
874 2767 1072 2848 impenderitl

29 2863 64 2920 Si
78 2861 196 2920 Curtius
209 2871 340 2918 armatus
353 2879 427 2936 equo
442 2863 556 2918 concito
570 2862 602 2919 in
621 2862 775 2936 abruptum
795 2858 908 2916 hiatum
926 2865 1071 2914 terruere

27 2948 221 3022 praecipitem
234 2945 327 3016 dedit,
353 2943 475 3000 deorum
487 2963 606 3004 auorum
619 2946 745 3002 oraculis
760 2943 906 3015 serviens,
933 2941 1071 3018 quoniam

28 3035 177 3086 iusserant
194 3038 232 3086 ut
248 3031 320 3084 illuc
337 3027 368 3084 id
386 3028 462 3102 quod
482 3027 609 3085 Romani
625 3027 768 3085 haberent
785 3029 927 3104 optimum
938 3027 1070 3082 mittere-

27 3129 84 3185 tur,
100 3133 157 3170 nee
171 3111 250 3169 aliud
264 3112 433 3187 intelligere
446 3121 617 3186 potuerunt,
632 3129 719 3188 quam
728 3112 801 3168 virio
813 3112 959 3186 armisque
972 3127 1003 3165 se
1017 3127 1070 3164 ex·

26 3201 147 3269 cellere,
163 3195 241 3252 unde
256 3195 393 3253 videlicet
407 3195 560 3268 oportebat
571 3204 605 3251 ut
616 3195 737 3252 deorum
750 3195 838 3252 iurair
851 3196 883 3250 in
897 3195 979 3249 illum
991 3194 1070 3248 intc-

25 3284 114 3337 ritum
127 3283 178 3338 vir
190 3279 437 3354 praecipitaretur
446 3285 589 3335 armatur:
603 3278 673 3355 quid
685 3297 717 3336 ae
729 3297 870 3357 magnum
882 3295 936 3352 pro
950 3285 1071 3332 aeterna

25 3366 120 3438 patria
132 3364 243 3420 fecisse
257 3361 390 3419 dicamur
405 3369 461 3432 eet,
488 3363 539 3438 qui
551 3363 676 3438 aliquem
690 3361 760 3418 fidei
772 3377 842 3418 auae
855 3378 957 3435 persua
970 3358 1070 3414 inimi-

25 3467 99 3521 cum,
127 3466 192 3506 non
205 3465 238 3502 ee
251 3448 330 3502 ultro
344 3445 377 3500 in
389 3445 479 3501 talem
491 3454 616 3502 mortem
627 3447 762 3516 mittent,
789 3443 841 3500 aed
854 3444 889 3500 ab
902 3445 953 3499 illo
965 3441 1071 3496 missua

25 3532 145 3605 obierit3
173 3527 414 3607 quandoquidem
431 3545 449 3583 a
466 3527 594 3586 Domino
614 3547 669 3586 suo
683 3527 842 3602 eodemque
864 3543 937 3603 rege
959 3521 1071 3595 patriae

24 3633 89 3672 auae
103 3617 217 3672 certius
232 3613 386 3670 oraculum
398 3613 525 3688 accepit,
551 3607 649 3669 Nolite
662 3614 766 3668 timore
780 3626 828 3668 eoo
843 3609 894 3686 qui
905 3619 1012 3682 corpur
1024 3621 1072 3659 oc-

25 3700 137 3769 cidunt,
163 3699 297 3755 enimam
312 3703 411 3753 autem
423 3713 480 3752 noa
486 3705 617 3774 potsunt
630 3689 784 3752 occidere?
803 3690 837 3748 Si
850 3708 881 3744 re
895 3685 1075 3756 occidendos!

27 3785 110 3838 certi·
125 3783 228 3840 verbis
249 3777 461 3856 quodammodo
482 3787 688 3835 consecrantes
708 3776 796 3834 Decii
818 3774 1014 3840 devorerunt,
1041 3779 1074 3825 ut

28 3865 273 3956 illirucadentibue
288 3871 319 3918 et
338 3863 413 3919 iram
431 3861 552 3919 deorum
571 3863 717 3940 sanguine
739 3877 791 3914 ouo
815 3854 996 3932 placantibm
1010 3852 1070 3910 Ro-
