2590 4396
205 208 262 260 100
391 281 394 285 Ι
429 199 524 256 l)lVl
547 199 734 258 AhREbll
756 198 1008 259 AVGVSTlNl

200 360 378 426 potuerunt;
403 350 454 406 sed
468 351 499 408 in
513 351 563 406 illo
578 351 651 406 colle
666 350 836 404 constitutis
855 368 927 408 auro
943 353 1032 408 vitam
1046 356 1149 412 saltem
1163 375 1233 414 ven-

201 433 354 504 diderunt,
381 451 466 508 quam
494 434 550 488 etsi
575 431 654 487 ferro
680 449 784 504 rapere
806 451 864 488 non
887 445 1025 507 possent,
1050 449 1173 511 possent
1189 450 1233 494 ta-

200 535 268 572 men
282 515 435 573 obsidione
461 531 648 572 consumere:
677 511 767 570 Gothi
780 533 850 570 vero
866 525 925 572 tam
936 520 1036 576 multis
1050 523 1233 578 senatoribus

199 609 409 672 pepercerunt,
435 607 469 653 ut
481 597 574 672 magis
594 587 701 652 mirum
728 595 767 652 'sit
794 597 870 672 quod
897 601 1011 675 aliquos
1036 614 1232 678 peremerunt.

201 679 435 755 AtveroSylla,
463 677 761 750 vivoadhucMario,
788 682 883 754 ipsum
908 681 1101 765 Capitolium,
1128 687 1234 760 quoda

200 763 293 820 Gallis
308 772 402 818 tutum
416 761 488 832 luit,
503 759 539 816 ad
551 760 751 818 decernendas
762 763 866 820 caedes
876 766 971 822 victor
985 769 1109 832 insedit:
1124 779 1154 824 et
1169 789 1234 826 cum

199 846 270 922 fuga
282 843 394 901 Marius
409 852 488 898 esset
502 845 628 919 elapsus,
640 845 768 902 ferocior
779 849 988 924 cruentiorque
1002 851 1164 923 rediturus,
1177 854 1233 908 iste

198 929 230 982 in
245 925 388 1000 Capitolio
401 944 454 1000 per
468 936 589 983 senatus
605 929 693 984 etiam
715 932 882 986 consultum
905 941 965 988 tam
987 935 1097 990 multos
1110 937 1172 991 vita
1185 953 1233 990 re-

197 1009 308 1082 busque
321 1009 464 1082 privavit,
479 1007 620 1066 Marianis
635 1019 734 1072 autem
745 1012 895 1086 partibus,
910 1011 994 1089 Sylla
1007 1017 1140 1088 absente,
1163 1017 1233 1092 quid

198 1099 333 1146 sanctum
347 1092 396 1146 cui
407 1101 564 1165 parcerent
576 1093 649 1164 fuit,
664 1094 780 1168 quando
795 1091 889 1150 Mutio
903 1097 979 1168 civi,
994 1102 1141 1171 senatori,
1159 1119 1232 1175 pon-

198 1171 287 1242 tilici,
315 1191 396 1228 aram
410 1175 503 1246 ipsam
516 1175 567 1231 ubi
581 1184 680 1246 erant,
706 1184 740 1231 ut
753 1177 854 1247 aiunt,
869 1175 929 1233 lata
942 1177 1090 1252 Rornana,
1115 1184 1232 1238 miseris

197 1255 338 1312 ambienti
351 1258 532 1331 amplexibus
547 1276 606 1324 non
619 1255 836 1332 pepercerunt?
880 1257 1001 1334 Syllana
1022 1281 1110 1336 porro
1134 1265 1234 1320 tabula

198 1339 249 1393 illa
260 1347 424 1412 postrema,
452 1348 485 1396 ut
499 1341 667 1396 omittamus
681 1341 753 1396 alias
768 1342 997 1400 innumerabiles
1015 1353 1139 1416 mortes,
1165 1347 1232 1420 plu-

198 1439 245 1476 res
259 1423 407 1498 iugulcvit
421 1431 591 1494 senatores,
614 1441 701 1497 quam
715 1421 805 1480 Gothi
819 1425 866 1480 vel
880 1427 1005 1499 spoliare
1018 1435 1188 1500 potueruut.

561 1571 683 1650 orn
726 1571 857 1629 xxm

197 1661 238 1714 lle
248 1663 410 1716 eorrnexione
421 1663 561 1728 bellorum,
582 1683 650 1733 quae
660 1663 803 1719 adrentum
816 1667 921 1722 Christi
930 1671 1052 1740 plurima
1062 1683 1090 1726 ct
1101 1675 1230 1745 gravissi-

575 1751 618 1786 mo
626 1747 840 1802 praecesserunt.
941 1795 944 1802 ,

260 1837 324 1902 Qua
338 1833 431 1915 igitur
444 1839 562 1913 fronte,
589 1858 646 1917 quo
661 1843 762 1915 eorde,
788 1863 844 1920 qua
862 1847 1059 1922 impudentia,
1085 1867 1143 1926 qua
1155 1853 1229 1909 insi-

195 1920 324 1992 pientia,
350 1923 398 1976 vel
423 1925 520 1996 potius
546 1926 690 1996 amentia,
717 1928 766 1982 illa
781 1927 837 1983 diis
852 1931 914 1985 suis
933 1949 994 1988 non
1012 1933 1173 2008 imputant,
1199 1948 1230 1993 et

195 1999 267 2056 haec
281 2011 384 2059 nostro
398 2006 543 2079 imputant
558 2004 698 2064 Christol
741 2007 879 2068 Crudelia
891 2013 966 2068 bella
980 2016 1080 2072 civilia
1093 2019 1228 2075 omnibus

195 2083 279 2140 bellis
293 2083 465 2159 hostilibus,
480 2091 648 2146 auctoribus
662 2093 750 2148 etiam
764 2112 867 2151 eorum
880 2095 1057 2169 fatentibus,
1072 2102 1227 2174 amariora,

194 2167 299 2239 quibus
314 2169 364 2224 illa
376 2171 541 2244 respublica
554 2191 610 2229 nee
623 2172 747 2248 afflicta,
774 2175 826 2232 sed
838 2179 952 2252 perdita
965 2181 1085 2238 omnino
1097 2181 1228 2241 iudicata

195 2261 259 2318 cst,
275 2251 362 2326 longe
375 2261 444 2307 ante
459 2253 617 2312 adventum
630 2255 739 2314 Christi
754 2269 858 2316 exorta
872 2271 962 2334 sunt,
976 2272 1007 2320 et
1019 2265 1228 2324 sceleratarum

195 2335 438 2389 concatenatione
464 2345 619 2412 causarum
645 2358 662 2395 a
684 2341 759 2397 bello
783 2341 916 2400 Mariano
945 2345 1165 2424 atqueSyllanc
1189 2351 1227 2408 ad

194 2413 269 2468 bella
282 2411 409 2471 Sertorii
424 2426 454 2472 et
468 2417 628 2492 Catilinae,
654 2430 778 2497 quorum
791 2443 808 2482 a
822 2424 905 2502 Sylla
922 2427 1020 2485 luerat
1033 2431 1083 2486 illc
1095 2435 1225 2506 proscri-

192 2504 274 2568 ptus,
298 2499 348 2552 ille
366 2501 512 2558 nutritus:
539 2504 608 2559 inde
621 2503 657 2560 ad
670 2504 772 2580 Lepidi
787 2518 817 2564 et
829 2507 925 2566 Catuli
950 2511 1072 2584 bellum,
1099 2532 1226 2588 quorum

191 2574 266 2632 alt'er
279 2589 363 2657 gesta
377 2578 498 2657 Syllana
512 2587 697 2659 rescindere,
720 2591 795 2645 alter
808 2590 966 2649 defendere
980 2597 1138 2668 cupiebat?
1154 2599 1225 2654 inde

190 2659 226 2713 ad
239 2659 369 2736 Pompeii
383 2673 413 2720 et
426 2663 575 2738 Caesaris,
596 2687 719 2743 quorum
731 2670 888 2748 Pompeius
902 2685 1030 2734 sectator
1043 2677 1142 2754 Syllae
1155 2681 1223 2736 lue-

191 2752 250 2812 rat,
279 2745 401 2818 eiusque
413 2751 576 2820 potentiam
587 2753 636 2807 vel
649 2766 840 2829 aequaverat,
865 2761 911 2814 rel
923 2760 982 2816 iam
996 2762 1086 2818 etiam
1099 2781 1222 2836 supera-

189 2833 284 2894 veret3
312 2825 420 2881 Caesar
433 2839 531 2886 autem
544 2831 676 2907 Pompeii
687 2841 849 2910 potentiam
862 2859 922 2898 non
935 2841 1061 2914 serebat,
1084 2845 1135 2900 sed
1149 2849 1221 2920 quia

189 2923 248 2959 non
262 2903 398 2978 habebat3
413 2927 499 2983 quam
513 2923 610 2971 tamen
624 2919 674 2972 illo
684 2921 763 2975 vieto
777 2922 996 2999 interfectoque
1009 2927 1218 2986 transscendit.

187 2985 266 3041 Hine
292 2986 328 3042 ad
349 2991 437 3046 alium
452 2991 622 3070 Caesarem,
649 3002 700 3074 qui
719 3011 786 3075 post
803 3003 954 3081 Augustus
975 3010 1134 3082 appellatus
1159 3021 1218 3083 est,

185 3080 400 3143 pervenerunt,
431 3092 487 3148 quo
502 3079 665 3153 imperante
677 3090 764 3139 natus
779 3095 825 3141 est
837 3085 980 3144 Christus.
1024 3090 1098 3147 Nam
1111 3095 1218 3168 etipse

186 3150 337 3226 Augustus
352 3172 418 3210 cum
431 3159 531 3214 multis
544 3165 638 3238 gessit
652 3164 728 3220 bella
742 3168 854 3224 civilia:
884 3179 913 3226 et
927 3173 957 3226 in
971 3173 1014 3227 eis
1029 3175 1117 3230 etiam
1129 3178 1217 3232 multi

185 3234 341 3290 clarissimi
353 3254 411 3292 rrrr
423 3241 592 3314 perierunt,
619 3247 698 3302 inter
711 3267 784 3322 quos
798 3260 828 3305 et
842 3250 945 3309 Cicero
959 3254 1088 3311 disertus
1102 3258 1216 3318 illear-

183 3314 258 3370 tifex
284 3321 431 3394 regendae
456 3325 641 3397 reipublicae.
685 3329 817 3404 Pompeii
834 3335 939 3410 quippe
956 3338 1099 3394 rictorem
1112 3338 1217 3398 Caium

183 3395 336 3455 Caesarem
362 3404 427 3476 (qui
440 3407 595 3464 victoriam
609 3411 725 3479 civilem
739 3416 898 3472 clementer
912 3421 1063 3491 exercuit,
1091 3423 1216 3496 suisque

139 3536 141 3538 ,
181 3479 359 3538 adversariis
372 3486 462 3540 vitam
476 3487 707 3568 dignitatemque
721 3495 875 3576 donavit),
900 3509 1040 3575 tanquam
1058 3505 1147 3580 regni
1160 3523 1215 3580 ap-

180 3563 335 3633 petitorem
366 3569 548 3639 quorundam
574 3575 716 3633 nobilium
746 3581 910 3638 coniuratio
936 3593 1108 3641 senatorum
1129 3589 1216 3644 velut

179 3660 233 3715 pro
248 3645 426 3716 reipublicae
441 3650 574 3708 libertate
589 3657 620 3711 in
634 3658 698 3729 ipsa
712 3662 795 3717 curia
806 3665 973 3721 trucidavit.
999 3665 1097 3722 Huius
1107 3668 1216 3726 deinde

181 3726 358 3796 potentiam,
386 3732 508 3786 multum
522 3737 652 3794 moribus
667 3740 780 3814 dispar,
796 3745 876 3799 vitiis
890 3748 1025 3808 omnibus
1039 3750 1216 3824 inquinatus

179 3813 266 3875 utque
282 3820 451 3882 corruptus,
467 3811 602 3874 all'cctare
616 3820 767 3878 videbatur
781 3825 944 3900 Antonius,
961 3832 1008 3886 cui
1022 3829 1216 3890 vehementer
