2586 4396
157 275 160 280 Ι
254 193 317 252 DE
346 191 569 254 ClVlTA'l'E
592 194 886 259 Delminum.
1018 203 1080 264 246

53 353 182 408 niaeetur
197 343 335 404 daemoni
347 364 366 402 a
377 345 557 421 prineipibue
570 357 600 406 et
611 347 798 424 pontifieibue
810 353 939 412 eivitatie
950 372 1003 430 per
1015 373 1080 414 roe-

52 438 121 492 uieoa
134 432 225 490 ludoe
238 438 391 506 poetarum
402 429 529 488 ludibria
542 433 720 508 requirenti:
744 453 805 494 uon
818 437 958 494 miroetur
969 435 1081 496 homiui

13 521 18 568 l
50 519 161 576 deorum
174 515 303 574 erimine
315 513 429 591 fingere
442 512 619 588 prohibenti,
639 527 670 574 et
680 519 821 576 minuetur
832 518 967 578 daemoni
979 539 1013 576 ee
1024 522 1079 578 iel-

47 604 80 658 eia
93 601 218 658 deorum
231 596 402 654 criminibus
416 598 588 658 obleetnuti:
614 619 677 658 non
694 603 835 659 mieeetur
851 601 963 660 bomini
978 621 1080 682 mogo·

47 704 102 742 rum
114 686 235 740 reelera
247 682 335 738 iuetie
347 681 462 759 legibue
475 684 626 757 punienti,
646 693 676 742 et
687 686 826 742 mieeetur
839 685 974 746 memorii
986 689 1080 765 megi·

47 788 88 826 eae
98 777 179 825 arten
194 765 319 824 docenti
332 771 363 821 et
373 766 521 840 implenti:
539 785 599 825 uon
611 769 751 826 miscetur
763 767 876 830 homini
887 771 1082 830 imitotionem

49 852 191 910 bernonis
207 849 354 928 fugienti,
380 857 411 905 et
429 850 568 910 mieeetnr
586 852 721 912 daemoni
739 851 941 929 deceptionem
952 852 1081 914 homini·

48 935 208 1012 aucupanti.
397 967 400 970 ·

137 1039 141 1046 ·
423 1014 446 1074 C
467 1017 491 1074 Α
512 1016 545 1074 Ρ.
586 1017 620 1077 X
632 1017 665 1076 Χ
679 1020 701 1078 l.

49 1113 269 1170 unemundus
278 1111 382 1168 motii·
392 1120 419 1166 et
429 1111 624 1196 interpretibus
635 1117 674 1170 dii
683 1125 812 1184 utentur,
826 1119 947 1192 sulle'poe
960 1135 990 1173 ee
998 1119 1032 1174 eb
1043 1117 1081 1173 eie

383 1191 434 1236 aut
443 1193 581 1252 ignorem
591 1195 642 1239 ont
650 1187 743 1240 uelint.

108 1274 167 1332 Sed
185 1275 331 1332 nimirum
349 1282 449 1331 tentae
469 1272 558 1330 buiue
577 1275 767 1334 abrurditatia
786 1285 816 1334 et
827 1277 1016 1356 indignitati·
1036 1287 1083 1334 eet

49 1377 149 1436 negno
160 1359 340 1428 nenessitas,
354 1356 430 1432 quod
442 1357 556 1414 ueilieet
568 1356 638 1414 deon
651 1357 798 1417 eetberioa
810 1360 937 1418 humane
946 1367 1083 1417 eur-enter

53 1442 118 1518 quid
130 1451 287 1500 terrestres
300 1439 432 1496 hominen
446 1450 572 1518 agerent
582 1443 685 1517 utique
702 1445 822 1517 lateret,
847 1447 907 1502 uiri
925 1445 1082 1502 doemone·

49 1527 119 1582 aerii
131 1527 320 1596 nuntiarent,
347 1525 486 1599 quoniam
503 1523 603 1580 aether
616 1527 706 1606 longe
719 1537 829 1585 eterra
843 1537 889 1587 eet
900 1531 1017 1603 alteque
1031 1547 1082 1585 eu-

49 1627 187 1684 apeneur,
214 1613 268 1664 aer
281 1625 351 1665 vero
369 1605 482 1666 aetheri
495 1617 650 1686 terraeque
663 1609 840 1692 eontiguuel
875 1612 901 1670 0
920 1612 1083 1668 mirabilem

50 1689 235 1768 sapientiam!
260 1691 338 1760 Quid
350 1691 429 1748 aliud
442 1691 478 1748 de
491 1691 547 1750 diia
560 1693 612 1750 nti
626 1697 773 1768 rentiunt,
798 1715 872 1773 quoa
890 1713 991 1754 omnee
1004 1697 1082 1771 opti·

50 1795 105 1832 moe
116 1778 239 1848 volunt,
267 1776 327 1834 nini
341 1793 392 1832 eor
405 1785 435 1832 et
446 1773 573 1834 hunuano
585 1795 701 1851 enuere,
725 1799 763 1838 ue
777 1783 855 1838 uultu
867 1780 1022 1839 rideantur
1035 1780 1083 1836 iu-

50 1859 143 1938 digni,
167 1869 199 1916 et
216 1867 336 1934 propter
351 1860 562 1923 elementorum
576 1861 745 1920 distantium
757 1864 883 1924 humana
896 1865 1028 1936 neeeire,
1050 1871 1084 1919 ut

49 1944 204 2000 ereduntur
218 1942 374 2000 daemone·
386 1945 563 2016 neeessarii,
590 1955 620 2001 et
638 1947 675 2002 ob
693 1946 750 2004 hoe
768 1951 857 2004 etium
875 1949 931 2023 ipai
943 1955 1084 2022 putentur

49 2025 172 2099 colendi,
185 2045 239 2102 per
252 2043 324 2102 quor
339 2025 394 2084 din
406 2029 536 2101 poeriut,
562 2036 593 2085 et
604 2021 718 2104 quid'in
731 2031 818 2090 rebue
831 2029 964 2087 humanit
978 2039 1084 2107 egomt

49 2110 221 2183 eddiaeere,
243 2118 272 2166 et
283 2109 334 2166 ubi
347 2119 463 2184 oportet
474 2109 643 2169 hominibuu
657 2111 835 2170 subvenirel
856 2113 921 2170 lloe
934 2115 960 2168 ei
972 2114 1015 2168 ite
1028 2121 1084 2182 ert,

48 2194 99 2250 diis
117 2195 188 2251 intio
209 2192 294 2250 bonit
310 2193 405 2270 megia
423 2201 510 2250 notua
535 2202 582 2252 eet
603 2194 726 2254 doemon
744 2214 797 2273 per
814 2215 919 2272 eorpur
942 2197 1084 2267 virinum,

48 2297 131 2353 quam
144 2275 234 2334 homo
248 2293 300 2350 per
313 2277 442 2332 annuum
453 2275 570 2334 bonum.
598 2278 624 2336 0
638 2283 761 2337 multum
773 2280 898 2339 dolende
909 2281 1085 2348 neeeaeitae,

48 2379 83 2418 au
95 2362 200 2437 potina
215 2359 367 2416 irridenda
379 2361 427 2416 vel
439 2360 611 2418 detestanda
622 2365 755 2437 vaniter,
781 2385 820 2422 ne
833 2367 874 2422 eit
884 2383 962 2422 vana
975 2363 1084 2420 divini·

47 2443 102 2501 tar!
124 2443 162 2503 Si
185 2443 265 2500 euim
288 2445 387 2507 animo
407 2442 444 2500 ub
462 2443 613 2501 obrt'aeulo
633 2449 764 2521 eorporis
781 2449 875 2503 libero
888 2449 1017 2502 animum
1030 2463 1084 2502 no·

48 2538 139 2586 rtrum
149 2528 193 2586 dii
203 2525 306 2584 videre
315 2537 450 2603 puerunt,
464 2545 525 2582 non
538 2527 573 2583 ab
586 2525 643 2584 hoe
656 2529 843 2586 daemonibus
855 2527 991 2605 indigent
1003 2545 1084 2582 nun-

50 2613 103 2668 tiit.
125 2610 164 2670 Si
177 2618 277 2668 eutem
290 2612 454 2670 animorum
467 2609 577 2666 indieie
590 2612 762 2686 corporalia,
780 2612 878 2686 quelle
891 2619 961 2666 eunt
972 2610 1084 2679 vultur,

48 2696 172 2768 locutio,
199 2703 310 2766 motura,
322 2711 374 2769 per
388 2709 493 2768 oorpue
507 2709 593 2748 auum
605 2691 729 2749 aetherii
742 2693 784 2752 dii
797 2693 946 2765 sentiunt,
973 2700 1004 2748 et
1016 2692 1085 2747 inde

48 2781 192 2858 eolligunt
205 2776 276 2853 quid
289 2779 377 2834 etiam
390 2777 547 2835 daemonea
560 2777 714 2850 nuntient,
740 2785 866 2854 potsunt
878 2785 908 2834 et
921 2773 1083 2832 mendaciia

49 2862 223 2920 daemonum
236 2861 341 2935 deeipi.
362 2860 456 2919 Porro
469 2861 495 2916 ei
507 2860 628 2918 deorum
640 2860 778 2919 divinitae
791 2880 809 2918 a
822 2859 1010 2918 doemonibus
1024 2875 1084 2916 non

48 2946 228 3021 potentiani,
239 2945 275 3001 nb
286 2943 387 3001 eadem
396 2944 550 3002 divinitate
559 2943 639 3020 quod
646 2947 761 3024 agimur
768 2963 829 3002 uon
837 2953 934 3021 potent
939 2945 1083 3024 ignorari.
1128 2949 1133 2954 '

102 3030 219 3089 Vellem
231 3037 331 3086 autem
343 3026 414 3086 mihi
426 3029 478 3084 itti
490 3027 635 3100 dicerent,
654 3039 752 3087 utrum
765 3031 821 3087 diii
834 3027 991 3088 daemones
1005 3046 1083 3084 nun·

47 3114 189 3172 tiaverint
202 3111 239 3168 de
256 3111 429 3172 oriminibue
446 3109 566 3170 deorum
583 3114 698 3187 poetioa
709 3112 825 3172 Plutoni
848 3113 1003 3189 displicere
1026 3110 1083 3189 fig·

46 3211 157 3272 mente,
170 3206 202 3254 et
214 3196 271 3254 eibi
282 3213 317 3251 ea
327 3197 442 3270 plecere
455 3196 630 3268 eelaveriut3
643 3215 681 3254 on
691 3207 847 3273 utrumque
856 3196 1084 3264 oeeultaverint,

46 3283 177 3360 deosque
195 3297 262 3336 ense
279 3280 438 3336 maluerint
452 3279 545 3336 terina
561 3280 607 3335 rei
623 3278 710 3338 buius
728 3282 865 3360 ignaroe;
876 3299 915 3338 on
929 3288 1084 3352 utrumque

45 3365 255 3436 indicaverint,
270 3371 301 3419 et
312 3363 480 3441 religiosum
493 3381 564 3441 erga
575 3361 644 3421 deoo
657 3363 788 3420 Platonis
801 3363 995 3438 prudentiam,
1009 3359 1084 3414 etin

46 3450 112 3508 deon
124 3447 304 3508 iniuriosum
315 3446 466 3504 libidinem
479 3461 577 3518 euom3
603 3465 642 3504 on
659 3446 837 3502 tententiem
855 3445 971 3521 quidem
984 3440 1084 3496 Plato-

44 3535 105 3606 nir,
133 3551 193 3610 que
213 3529 310 3588 noluit
328 3529 396 3586 deon
409 3547 461 3603 per
474 3530 593 3604 impium
605 3531 754 3586 lieentiam
765 3537 917 3602 poeterum
930 3524 1012 3580 falsie
1026 3523 1084 3578 eri·

45 3619 174 3675 minibus
188 3614 343 3684 intonari,
368 3614 502 3692 ignotam
515 3611 572 3670 iiia
586 3631 650 3670 ease
663 3611 827 3682 voluerint,
852 3627 934 3665 suom
946 3623 1018 3662 vero
1031 3623 1084 3662 ue·

44 3702 181 3775 quitiam,
195 3717 255 3775 qua
266 3695 350 3753 ludeo
363 3697 495 3755 eeenieoe
509 3706 624 3768 emunt,
632 3697 735 3772 quibua
747 3695 799 3750 ille
811 3691 932 3750 deorum
944 3687 1086 3746 dedecora

46 3783 252 3854 celebrantur,
275 3778 398 3854 prodere
421 3798 483 3838 nou
505 3780 689 3850 erubuerint,
714 3779 762 3835 vel
782 3775 941 3834 timuerint.
973 3771 1086 3831 Horum

45 3877 185 3941 quatuor,
209 3881 287 3943 quee
300 3861 510 3944 interrogando
523 3863 673 3940 propoeui,
696 3860 846 3939 quodlibet
859 3861 984 3938 eligunt,
1011 3859 1084 3913 etin
