2538 4392
241 171 304 230 DE
327 170 541 230 CIVITATE
569 171 649 231 DEI
678 173 757 234 nlo.
780 174 888 238 xv11.
1030 184 1089 242 237

1 337 22 388 ἰ
61 324 213 384 Neneniru
226 323 354 382 Domino
366 327 517 403 quisquam
529 327 682 402 quiequam
711 335 950 404 rstumvoreret,
964 335 1088 410 nisiqui

7 437 17 472 o
60 412 153 468 abillo
172 410 318 484 neeiperet
337 409 412 485 quod
429 420 561 466 voveret.
595 408 751 486 Sequitur:
777 411 819 470 Et
832 413 982 474 benedixit
995 437 1087 476 ausos

1 501 14 556 i
59 497 144 552 iusti:
168 501 203 549 ut
216 491 346 549 eum'illo
360 494 474 550 scilieet
486 495 552 550 sine
564 493 624 550 fine
643 495 741 567 vivet,
763 497 812 552 eui
824 496 937 554 dietum
950 509 1011 571 est,
1045 500 1087 560 Et

1 609 16 643 ι.
58 579 129 635 unni
145 579 192 633 tui
203 593 260 634 nors
275 575 422 649 defitient.
463 575 597 635 ibienim
610 580 791 649 stentenni,
817 578 864 636 hie
877 591 976 640 sutem
989 592 1085 640 ιιιιιι-

1 689 15 726 ,ι
57 669 134 732 eunt,
160 661 219 716 irno
231 669 371 734 pereunt:
398 669 467 717 onte
479 679 567 738 qnam
580 663 808 734 enimenim,
835 682 896 722 non
910 675 996 738 sunt;
1023 684 1088 724 oum

56 753 150 802 sutem
161 745 311 815 venerint,
325 755 498 817 nonerunt,
515 747 584 820 quie
599 765 664 802 oum
676 763 730 804 suo
743 746 802 804 fine
813 749 947 806 veniunt.
974 747 1088 808 Horum

4 859 12 898 p
55 837 147 885 eutem
159 826 295 899 duorum,
313 827 344 884 id
357 835 411 899 est,
438 826 526 886 Deus
538 839 636 888 votum
648 832 777 904 voventi,
790 839 821 889 et
833 830 983 892 benedixit
995 851 1088 890 annos

55 913 141 986 iuste}
153 925 244 968 unum
259 921 305 968 est
317 911 393 987 quod
406 911 678 986 formonsiorem
690 913 767 990 quod
778 915 927 974 sonuimus.
958 914 1019 974 seu
1031 915 1087 974 hoe

1 1027 12 1060 ,
54 997 176 1052 alterum
190 993 254 1052 Deo
267 997 410 1073 largitore
422 1013 484 1053 non
497 997 631 1068 sumitur,
650 998 710 1053 nisi
721 1015 788 1056 oum
801 999 866 1072 ipso
879 997 1012 1058 etiiutore
1025 1002 1087 1076 pri·

1 1109 13 1142 o
53 1097 129 1136 mum
140 1078 212 1134 iliud
225 1077 363 1136 eflioitur:
390 1081 460 1158 quia
478 1099 536 1138 non
555 1083 585 1138 in
602 1081 715 1138 virtue
730 1091 840 1160 potens
859 1092 905 1140 est
923 1085 980 1142 vir.
1023 1082 1086 1140 Do·

1 1175 11 1238 ,j
52 1166 146 1221 minus
159 1161 420 1234 infirmumfaeiet
432 1164 638 1222 adversarum
652 1165 731 1222 dus:
745 1165 830 1223 illurn
842 1166 956 1222 seilieet
969 1167 1020 1242 qui
1032 1165 1086 1224 ho·

2 1289 10 1320 ,
51 1247 257 1304 miuivoventi
268 1246 399 1318 invidet,
426 1248 592 1324 etresistit,
612 1249 893 1322 nevuleetirnplere
907 1248 1085 1323 quodvovit.

1 1373 12 1400 ,¹
51 1330 152 1386 Potest
164 1347 202 1384 ex
215 1331 350 1408 ambiguo
366 1330 481 1387 Grseoo
495 1331 625 1407 intelligi
637 1339 667 1386 ot
679 1331 887 1390 adversarium
902 1347 994 1390 soum.
1015 1331 1087 1393 Cum

5 1451 14 1490 p
50 1415 128 1470 enirn
140 1411 286 1470 Dominus
299 1411 452 1489 possidere
464 1431 519 1470 nos
534 1414 673 1488 eoeperit,
691 1412 823 1488 proferto
838 1413 1023 1472 sdversarius
1037 1417 1087 1491 qui

5 1536 13 1574 5
49 1507 147 1554 noster
160 1497 258 1553 fueret
269 1499 361 1571 ipsius
375 1497 419 1568 fit,
433 1506 463 1553 et
475 1498 604 1555 vineitur
617 1515 634 1552 e
647 1498 747 1570 nobis3
765 1497 817 1554 sed
830 1516 891 1556 non
904 1498 1017 1556 viribus
1031 1517 1086 1556 no·

48 1582 130 1637 stris:
157 1582 299 1658 quianon
313 1582 344 1637 s‘rs
357 1581 471 1638 virtute
480 1591 592 1659 potens
605 1582 720 1638 estoit.
756 1579 901 1640 Dominus
915 1599 987 1659 ergo
1000 1581 1086 1653 irfir-

1 1695 14 1750 p,
46 1683 122 1721 mom
131 1663 238 1736 faciet
251 1664 458 1722 adversarium
470 1680 568 1734 suom,
582 1662 727 1721 Dominus
741 1674 883 1722 sanetus:
906 1673 941 1722 ut
952 1666 1087 1722 vincatur

1 1800 13 1824 „
47 1765 65 1803 o
79 1749 199 1819 sanetis,
223 1765 297 1822 qnos
311 1745 458 1805 Dominus
471 1758 589 1804 sonems
602 1755 773 1804 umerorum
785 1744 882 1806 effecit
894 1757 1021 1806 ssnetos.

0 1900 2 1913 ‚
107 1831 150 1890 Ao
164 1849 217 1906 per
230 1829 301 1902 hoo,
327 1827 392 1888 Non
405 1831 555 1908 glorietur·
572 1831 753 1908 prudentio
770 1832 940 1909 prudentio
959 1849 1031 1904 sua,
1055 1843 1087 1892 et

0 1906 11 1960 f
45 1935 101 1974 non
115 1915 266 1992 glorietur
275 1924 387 1993 potens
401 1915 581 1991 inpotentia
593 1929 661 1984 suo,
683 1923 713 1970 et
726 1933 783 1974 nors
796 1913 948 1991 glorietur
960 1916 1043 1975 dives
1057 1917 1088 1972 s'n

7 2062 9 2071 Α
45 1999 162 2058 divitiis
175 2001 257 2056 sois:
282 1999 339 2056 sed
350 1999 382 2054 io
394 1996 449 2054 loon
459 1997 609 2074 glorietur
622 1997 674 2074 qui
684 1996 853 2072 gloriatur,
876 1998 1045 2074 intelligere
1059 2009 1088 2056 et

1 2077 8 2089 '
46 2085 125 2140 seire
137 2080 313 2151 Dominum,
336 2090 367 2138 et
379 2081 493 2152 faeere
512 2080 653 2136 iuditium
667 2089 697 2136 et
710 2080 860 2138 tortitiam
872 2081 903 2136 ιἰι
917 2081 1011 2137 medio
1025 2089 1086 2138 ter-

1 2217 10 2234 „
44 2185 110 2224 rae.
146 2163 216 2222 Non
239 2183 330 2239 porro
357 2171 497 2238 experte
519 2163 661 2239 intelligit
680 2171 710 2218 et
734 2162 806 2220 seit-
835 2161 1012 2233 Dominum,
1036 2163 1088 2238 qui

1 2309 3 2314 ,
42 2250 188 2328 intelligit
213 2258 244 2304 et
269 2249 327 2306 seit
353 2249 442 2304 etiem
465 2243 521 2302 hoe
547 2263 565 2300 s
589 2243 719 2302 Domino
744 2243 803 2300 sibi
830 2243 910 2316 dori,
942 2254 975 2302 ut
1000 2247 1089 2303 iutel-

1 2392 3 2399 ,
43 2333 119 2411 iigot
145 2341 177 2388 et
200 2334 274 2390 seint
300 2330 470 2390 Dominum.
513 2326 595 2398 Quid
618 2329 695 2386 enim
719 2326 826 2399 tabee,
854 2331 896 2386 eit
920 2327 1088 2405 Apostolus,

1 2477 6 2483 ,,
43 2418 122 2495 quod
146 2432 205 2474 nors
232 2412 395 2494 accepisti?
428 2411 576 2470 Stantem
600 2420 631 2469 et
657 2412 811 2489 (recepisti,
837 2414 909 2490 quid
930 2411 1088 2490 gloriaris,

42 2503 204 2578 puerinon
218 2495 391 2578 occeperis?
414 2495 445 2552 id
459 2503 518 2564 est,
545 2494 702 2569 quasiste
715 2495 778 2568 ipso
792 2492 845 2550 tihi
859 2497 914 2566 sit,
932 2496 1010 2552 undo
1022 2497 1088 2574 glo·

41 2586 140 2642 rioris.
194 2583 280 2642 Feoit
302 2591 401 2640 sutem
425 2578 567 2636 iuditium
590 2585 620 2634 et
641 2577 800 2648 iustitium,
823 2578 872 2652 qui
895 2586 978 2634 reete
1002 2580 1088 2636 vivit.

41 2667 138 2726 Recte
151 2676 251 2724 entem
261 2667 347 2738 vivit,
361 2665 413 2740 qui
425 2663 606 2738 obtemperet
617 2661 811 2736 praecipienti
821 2659 899 2718 Deo:
906 2659 985 2734 finis
992 2681 1088 2741 proe-

39 2755 135 2831 eepte',
146 2752 181 2808 id
195 2759 251 2822 est,
265 2750 302 2808 ed
315 2747 392 2826 quoti
404 2745 533 2804 refertur
545 2752 745 2822 proeooptnm,
759 2745 877 2804 coritas
889 2755 937 2804 est
950 2745 985 2802 de
1000 2745 1089 2812 eorde

32 2855 130 2916 puro,
143 2845 177 2894 et
189 2835 372 2892 constitutio
382 2831 471 2903 iore,
484 2827 589 2905 etfids
600 2827 755 2902 ssonfieto.
782 2826 874 2886 Porro
888 2829 946 2886 iste
958 2831 1087 2899 caritas,

38 2922 122 2976 sieut
135 2918 262 2976 loannes
275 2917 434 2994 Apostolus
448 2922 585 2986 testetur,
599 2931 638 2974 σε
649 2911 714 2972 Deo
728 2921 785 2972 est.
808 2911 833 2971 F
834 2930 922 2970 onere
934 2913 1028 2992 igitur
1040 2914 1088 2973 iu-

37 3005 153 3061 dicium
168 3013 198 3060 et
210 3004 364 3072 iustitium,
377 3019 416 3059 ex
429 2997 494 3059 Deo
508 3007 562 3057 ost.
585 2995 647 3056 sed
658 2995 727 3074 quid
741 3005 800 3077 est,
815 2997 846 3056 s'rs
858 2997 953 3058 medio
967 2994 1090 3056 terrosi

35 3087 148 3165 Neque
165 3088 245 3143 enim
262 3104 325 3144 non
343 3084 451 3144 debent
467 3083 567 3142 fetere
586 3081 727 3140 iudicium
744 3089 774 3138 et
785 3082 930 3140 iustitium
943 3083 993 3157 qui
1005 3079 1088 3138 hobi-

34 3183 104 3230 tant
118 3174 154 3229 in
170 3171 310 3228 extremis
331 3164 449 3226 ter-roei
475 3167 540 3241 qnis
559 3163 615 3223 hoo
634 3159 763 3222 dixeriti
789 3163 850 3222 Cur
868 3183 939 3242 ergo
961 3164 1089 3220 additum

36 3267 101 3330 est,
128 3259 163 3314 s'n
182 3255 277 3314 modio
296 3249 418 3312 terroe?
443 3248 567 3318 Quodsi
581 3267 640 3304 non
655 3245 827 3317 adderetur,
847 3256 878 3302 et
889 3243 1088 3304 tantummodo

35 3341 208 3409 dieeretur,
221 3335 490 3410 fanere‘s'stds'os'tm
502 3340 533 3390 οι
545 3332 710 3399 iustitiam,
730 3329 824 3406 magis
838 3325 894 3384 hoe
906 3336 1088 3402 praereptum

33 3426 72 3482 od
87 3434 240 3498 utrosque
252 3420 385 3478 hominos
399 3417 571 3493 pertineret,
584 3423 616 3471 et
627 3411 859 3470 mediterraneos
874 3419 905 3466 et
916 3411 1088 3468 maritimos.

34 3507 99 3566 Sed
114 3525 160 3565 ne
173 3505 330 3582 quisquam
342 3507 471 3579 putaret,
484 3508 552 3574 post
564 3496 654 3556 tinem
666 3497 762 3566 uitae,
777 3511 852 3570 quse
870 3493 903 3548 in
922 3491 976 3548 hoo
990 3493 1090 3570 egitur

32 3609 183 3670 corporo,
198 3605 352 3664 superesse
362 3594 475 3660 tempus
487 3579 839 3653 iudieinmiustitiomque
849 3573 991 3647 iooiendi,
1005 3593 1090 3650 quern

30 3677 109 3735 dnm
124 3681 211 3734 esset
224 3673 256 3728 in
270 3689 358 3728 eerne
370 3687 431 3728 uon
444 3665 532 3737 feeit,
558 3673 588 3721 et
606 3661 799 3721 uenenum
818 3658 903 3717 evodi
914 3677 999 3735 posse
1012 3659 1090 3716 iudi-

29 3764 138 3834 eium3
163 3761 197 3816 ιἰι
209 3757 305 3815 medio
318 3763 432 3825 terrae,
446 3746 518 3806 mihi
530 3746 649 3808 videtur
663 3745 787 3818 dietum,
802 3761 867 3801 eum
881 3745 1004 3820 quisque
1017 3745 1091 3802 vivit

26 3849 61 3905 in
80 3859 229 3922 eorpore.
249 3838 283 3897 in
295 3837 350 3896 hee
363 3837 468 3915 qnippe
481 3833 545 3892 vite
556 3851 639 3893 susm
652 3839 762 3888 terrem
776 3829 899 3906 quisque
912 3827 1091 3899 circumfert,
