2510 4404
193 250 250 309 DE
274 251 496 311 clvlrnTu
519 253 601 312 DEI
622 255 701 312 ΗΒ.
722 255 837 314 XXII.
976 265 1036 322 385

26 405 126 457 imisur
119 403 251 474 medici,
266 407 318 480 qui
328 423 391 463 eam
402 415 517 464 secaret
517 408 745 484 opperiebatur
751 429 865 480 manus,
879 413 999 469 illius'
971 434 1035 490 prae

28 486 139 542 arcinae
151 490 332 562 vectatione,
358 501 480 567 repente
493 501 596 548 sanata
609 502 668 550 est·
695 513 763 550 nam
777 493 911 570 deinceps
926 516 989 553 eam
1004 501 1034 555 in

26 589 61 626 uo
75 587 189 644 corpore
203 589 262 628 non
276 573 399 631 invenit.

69 651 228 712 Eucherius
243 666 288 712 est
300 657 453 734 presbyter
466 678 504 718 ex
517 657 676 736 Hispania,
692 659 826 718 Calamae
840 661 967 735 habitat,
984 683 1035 720 vc-

26 757 63 792 cn
55 737 171 793 morbo
184 742 289 796 calculi
305 742 471 816 laborabat3
497 762 550 819 per
562 743 732 801 Memoriam
747 746 908 820 supradicti
921 746 1033 824 Marty-
1079 775 1085 788 ·

26 823 64 889 is,
91 839 173 896 quam
185 821 336 881 Pontidius
350 827 401 881 illo
421 827 542 884 advexit
553 827 733 902 Episcopus,
757 831 855 886 salvus
870 830 964 886 iactus
979 841 1032 887 est.

26 904 103 960 iem
95 923 154 980 ipse
166 917 267 1004 postea
279 909 380 966 morbo
393 913 451 966 alio
464 914 718 986 praevalescente,
742 923 874 969 mortuus
891 916 938 969 sio
956 917 1033 971 iace-

26 997 69 1058 at,
82 997 113 1044 ut
126 991 153 1045 ei
166 991 223 1046 iarn
235 994 353 1064 pollices
366 995 545 1071 ligarentur:
574 997 768 1070 opitulatione
786 999 939 1054 memorati
954 997 1033 1056 Mar·
1064 1003 1066 1012 ’

26 1073 94 1144 uris,
120 1092 185 1130 cum
197 1073 233 1130 de
245 1075 386 1133 Memoria
400 1079 463 1134 eius
476 1089 626 1154 reportata
638 1078 743 1134 finisset
761 1090 791 1136 et
803 1099 891 1155 super
909 1084 1032 1138 iacentis

26 1174 104 1228 orpus
116 1159 204 1214 missa
216 1161 308 1234 ipsius
321 1159 490 1237 Presbyteri
508 1164 624 1233 tunica,
651 1165 808 1218 suscitatus
822 1174 876 1220 est.

60 1239 127 1296 Fuit
138 1241 179 1297 ibi
191 1244 238 1299 vir
251 1245 282 1299 in
297 1243 399 1300 ordine
413 1264 467 1302 suo
480 1247 649 1320 primarius,
663 1249 781 1302 nomine
789 1247 944 1319 Martialis,
959 1269 1029 1308 aevo

26 1343 57 1380 un
69 1326 182 1402 gravis,
197 1335 226 1381 et
238 1329 361 1384 multum
374 1347 391 1384 a
404 1331 551 1407 religione
563 1329 722 1386 abhorrens
734 1329 910 1388 Christiano.
932 1332 1030 1390 Habe-

26 1417 49 1464 at
63 1427 132 1464 saue
151 1409 265 1466 fidelem
283 1410 390 1484 filiam,
418 1422 448 1469 et
465 1433 606 1492 generum
626 1413 727 1470 eodem
745 1431 823 1470 anno
844 1415 1030 1489 baptizatum

26 1495 56 1547 ui
65 1498 670 1576 eumeumaegrotantemmultisetmagnis
685 1494 830 1574 [precibus
840 1494 882 1572 et]
895 1501 1029 1575 lacrymis

26 1586 150 1653 1garent,
163 1565 385 1635 utChristiunus
399 1581 498 1650 fieret,
512 1599 631 1654 prorsus
644 1582 757 1653 obnuit,
771 1599 878 1658 eosque
891 1601 909 1639 a
923 1601 954 1638 se
967 1593 1030 1640 tur-

27 1660 62 1716 da
75 1660 278 1758 indignatione
292 1663 445 1720 submovit.
481 1663 582 1720 Visum
596 1674 641 1721 est
654 1684 765 1743 genero
780 1667 861 1737 eius,
876 1675 910 1722 ut
922 1668 981 1722 iret
994 1668 1030 1723 ad

29 1746 165 1800 cmoriam
179 1747 274 1802 sancti
288 1745 446 1822 Stephani,
465 1757 495 1803 et
507 1749 567 1803 illic
580 1766 633 1823 pro
647 1767 682 1804 eo
697 1758 836 1826 quantum
849 1761 952 1822 posset
965 1769 1030 1807 ora·
1069 1772 1074 1782 ·

26 1837 51 1899 t,
65 1837 97 1884 ut
109 1826 188 1884 Deus
201 1831 246 1886 illi
259 1829 342 1886 daret
352 1841 479 1888 mentem
491 1832 612 1903 bonam,
628 1851 685 1908 qua
698 1831 816 1888 credere
830 1851 888 1889 non
899 1831 1030 1891 differret

39 1910 195 1969 Christum.
238 1913 323 1971 Fecit
335 1915 390 1972 hoe
403 1918 520 1995 ingenti
538 1918 649 1994 gemitu
663 1927 693 1972 et
706 1916 795 1984 fletu,
823 1926 853 1971 et
872 1917 1029 1974 sinceriter

26 1996 115 2052 dente
127 1998 243 2072 pietatis
258 1996 376 2074 affectu:
391 1999 496 2056 deinde
509 2000 685 2068 abscedens,
700 1999 810 2072 aliquid
824 1999 859 2054 de
873 2002 960 2056 altari
972 1995 1024 2056 flo-

30 2100 76 2146 m,
91 2080 168 2156 quod
182 2083 327 2151 occurrit,
341 2083 422 2152 tulit3
440 2084 540 2155 eique,
555 2099 621 2136 cum
634 2083 693 2136 iarn
706 2099 768 2136 nox
781 2091 876 2150 esset,
890 2082 927 2136 ad
941 2095 1029 2158 caput

26 2166 103 2220 suit:
130 2174 191 2220 tum
203 2163 359 2220 dormitum
371 2174 425 2219 est.
469 2163 508 2218 Et
521 2183 588 2220 eece
602 2173 671 2218 ante
685 2163 845 2220 diluculum
859 2167 981 2235 clamat,
996 2177 1029 2222 ut

26 2247 215 2322 ,Episcopum
227 2257 407 2320 curreretur,
423 2249 473 2323 qui
485 2267 598 2303 mecum
612 2246 690 2302 forte
703 2255 774 2303 tuno
788 2257 851 2303 erat
864 2248 941 2321 apud
953 2248 1027 2324 Hip-

27 2352 104 2388 nem.
141 2331 213 2388 Cum
227 2351 297 2410 ergo
311 2333 442 2388 audisset
456 2350 521 2387 eum
536 2331 702 2403 absentem,
719 2333 822 2388 venire
834 2329 1027 2409 Presbyteros

26 2417 155 2472 stulavit.
177 2415 339 2488 Venerunt,
355 2416 472 2472 credero
487 2435 518 2470 sc
532 2413 618 2486 dixit,
633 2413 844 2472 admirantibus
855 2425 940 2492 atquc
953 2435 1026 2496 gau-

26 2499 124 2556 ntibus
139 2501 289 2572 omnibus,
305 2501 468 2598 baptizatus
481 2507 534 2554 est.
558 2496 639 2569 Hoc,
658 2517 744 2572 quarn
758 2499 807 2554 diu
821 2499 914 2570 vixit,
928 2502 959 2556 in
974 2521 1026 2556 orc

26 2585 125 2639 bebat:
153 2581 269 2639 Christe
287 2584 387 2656 accipe
405 2584 539 2657 spiritum
551 2599 661 2638 meum:
689 2541 1025 2640 cumhaecvcrbobca-

26 2671 95 2723 sinn
86 2665 268 2741 Stephani,
283 2667 397 2741 quando
414 2665 559 2739 lapidatus
573 2674 618 2720 est
630 2683 648 2720 a
660 2663 794 2738 Iudaeis,
819 2667 920 2722 ultima
934 2667 1025 2723 fuisse

26 2753 132 2820 sciret3
161 2767 234 2823 quac
257 2749 323 2804 huic
347 2767 461 2824 quoque
484 2749 587 2804 ultima
609 2747 742 2807 fuerunt:
770 2768 837 2806 nam
856 2767 916 2806 non
933 2753 1024 2808 multo
1053 2809 1057 2816 ,
1125 2769 1130 2780 ’

26 2844 52 2889 st
65 2835 156 2888 ctiam
171 2834 233 2907 ipse
248 2833 401 2888 defunctus
412 2842 465 2889 est.

52 2915 161 2972 Sanati
174 2927 243 2973 sunt
263 2918 323 2973 illie
340 2936 393 2992 per
407 2916 531 2974 eundem
544 2915 705 2994 Martyrem
718 2919 805 2973 ctiam
819 2917 941 2997 podagri
955 2919 1022 2982 duo,

26 3019 58 3055 us
74 3001 167 3074 civis,
185 3003 359 3081 peregrinus
373 3021 462 3060 unus:
489 3001 540 3060 sed
554 3003 627 3059 civis
641 2999 835 3072 omnimodo,
850 3005 1022 3082 peregrinus

26 3096 80 3146 enr
94 3103 149 3160 per
160 3089 370 3144 revelationem
383 3087 451 3164 quid
465 3084 615 3143 adhiberet
629 3085 744 3163 quando
758 3085 881 3159 doleret,
895 3088 1021 3145 audivit:

26 3188 92 3225 cum
105 3167 163 3226 hoo
177 3170 295 3242 fecerit,
314 3171 397 3226 dolor
407 3171 548 3228 continuo
562 3171 751 3246 conquiescit.

43 3251 183 3309 Audurus
197 3273 304 3310 nomen
318 3263 363 3308 est
375 3252 475 3321 fundi,
488 3250 540 3306 ubi
552 3254 675 3307 ccclesia
688 3261 749 3320 est,
773 3251 825 3306 et
816 3269 849 3307 ιιι
863 3270 898 3307 ea
911 3253 1020 3310 Memo-

38 3334 347 3411 Stephanimartyris.
390 3335 515 3391 Puerum
531 3333 676 3408 quendam
690 3335 859 3408 parvulum,
888 3351 977 3408 quum
990 3338 1020 3394 in

26 3437 49 3474 za
64 3419 198 3490 luderet,
212 3419 411 3474 exorbitantes
424 3419 513 3474 boves
528 3419 577 3491 qui
591 3415 759 3472 uehiculum
771 3413 943 3490 trahebant,
956 3429 1022 3476 rota

26 3504 189 3574 siverunt,
204 3512 234 3558 ct
247 3503 400 3558 confestim
414 3501 566 3580 palpitarit
579 3501 742 3574 exspirans.
764 3497 853 3557 Hune
867 3511 959 3557 nratcr
973 3521 1020 3558 ar-

26 3595 98 3642 ·tum
123 3585 163 3642 ad
186 3586 309 3642 eandem
331 3584 500 3643 Memoriam
523 3585 638 3660 posuit3
664 3593 694 3640 et
711 3602 771 3640 non
792 3583 888 3640 solum
901 3587 1020 3658 revixit,

26 3689 85 3726 um
100 3671 192 3726 etiam
205 3671 324 3727 illaesus
337 3671 478 3744 apparuit.

44 3754 290 3812 sanctimonialis
304 3753 444 3830 quaedam
456 3756 488 3810 in
500 3755 599 3812 vicina
612 3753 812 3829 possessione,
827 3769 900 3828 quae
913 3751 1020 3830 Caspa—
1099 3779 1102 3786 Δ

26 3839 203 3910 radicitur,
230 3857 317 3914 quum
330 3839 513 3917 aegritudine
527 3839 688 3907 laboraret,
715 3855 748 3892 ac
774 3834 958 3912 desperaret,
983 3837 1020 3896 ad

25 3923 105 3980 ulem
120 3923 292 3982 Memoriam
312 3925 411 3980 tunica
430 3924 492 3980 eius
512 3924 600 3981 allata
620 3930 679 3979 est:
705 3939 778 3997 quoe
792 3929 860 3978 autc
874 3939 960 3999 quam
974 3941 1020 3980 re-

26 4005 62 4066 ll.
674 4005 755 4065 Bb·
