2602 4416
233 241 273 296 38
451 233 549 292 DlVl
582 231 768 290 svaltalt
797 230 1051 291 AVGVSTINI

233 389 384 457 sentiunt,
411 384 568 442 refellendi
590 389 673 452 sunt3
701 379 803 438 deesse
827 381 896 440 buia
916 383 1012 441 officio
1034 402 1093 441 non
1113 385 1272 452 debemus3

230 481 264 528 ut
284 470 424 530 refutatis
444 469 542 542 impiis
568 463 851 522 contradictionibus
870 485 924 540 pro
948 469 1081 540 viribus,
1095 487 1168 544 quas
1183 467 1274 528 Deus

231 555 397 626 impartiet,
425 567 591 609 asseramus
602 546 759 604 Civitatem
781 548 849 622 Dei,
874 569 1032 626 veramque
1054 553 1210 625 pietatem,
1239 565 1271 612 et

231 635 290 694 Dei
307 638 435 706 cultum,
465 629 497 688 in
517 649 575 706 quo
596 650 656 688 uno
678 633 825 690 veraciter
837 637 1015 710 sempiterna
1030 634 1182 710 beatitudo
1195 653 1271 708 pro-

230 722 367 778 mittitur.
411 716 470 774 llic
484 717 584 790 itaque
598 715 702 773 modus
715 718 755 772 sit
767 715 856 776 huius
876 719 1053 791 voluminis,
1079 727 1114 775 ut
1127 717 1270 791 deinceps

231 803 374 877 disposita
387 801 423 857 ab
437 800 496 856 alio
511 817 660 858 sumamus
676 800 809 858 exordio.

241 973 1259 1002 mwwmsswwmmwwwauwum

443 1101 654 1186 LlBER
699 1101 1052 1188 SECVNDVS

609 1284 888 1342 curura

338 1414 477 1478 Demade,
497 1416 544 1484 pai
554 1415 710 1468 necescitati
726 1415 921 1483 disputationis
936 1414 1099 1468 adhibendas
1115 1425 1162 1466 eet.

233 1519 274 1602 Si
289 1539 579 1610 rationipcrspieuac
592 1540 727 1596 veritatis
741 1539 1029 1595 infirmushumanae
1043 1539 1275 1596 consuetudinis

232 1638 338 1681 sensus
352 1639 413 1677 non
428 1619 550 1676 auderet
564 1621 719 1692 obsistere,
740 1621 791 1676 sed
804 1621 957 1678 doctrinae
971 1623 1082 1678 salubri
1095 1623 1273 1698 languorem

232 1723 319 1764 suum
332 1712 473 1777 tanquam
486 1703 650 1758 medicinae
664 1703 812 1774 subderet,
826 1703 921 1759 donec
935 1703 1036 1760 divino
1050 1703 1199 1760 adiutorio
1215 1705 1274 1761 fide

232 1789 352 1866 pietatis
368 1787 544 1858 impetrante
559 1795 732 1857 sanaretur,
759 1805 820 1842 non
840 1789 932 1842 multo
953 1805 1089 1843 sermone
1104 1805 1177 1860 opus
1193 1797 1275 1844 essct

232 1873 269 1930 ad
283 1867 520 1926 convincendum
533 1869 692 1944 quemlibet
704 1887 798 1926 vanae
813 1871 995 1942 opinationis
1002 1889 1143 1942 errorem,
1159 1869 1205 1926 his
1222 1875 1274 1947 qui

230 1963 314 2011 recte
331 1951 476 2022 sentiunt,
502 1960 533 2008 et
545 1970 633 2008 sensa
646 1953 746 2010 verbis
759 1952 973 2010 sufficientibus
987 1953 1147 2026 explicant.
1182 1953 1273 2011 Nune

232 2055 303 2108 vero
319 2035 522 2112 quoniam'ille
536 2044 581 2092 est
593 2037 688 2094 nraior
699 2045 729 2092 et
741 2038 848 2092 tetrior
858 2037 1191 2110 insipientiummorbus
1205 2040 1272 2094 ani-

231 2139 364 2190 morum,
395 2135 453 2192 quo
468 2118 686 2177 irrationabiles
703 2129 802 2176 motus
814 2138 901 2191 suos,
931 2121 1020 2176 etiam
1037 2129 1107 2194 post
1124 2122 1273 2178 rationem

231 2208 319 2280 plene
332 2199 488 2274 redditam,
515 2211 626 2280 quanta
639 2201 752 2260 homini
765 2205 799 2260 ab
810 2201 929 2260 homine
942 2203 1076 2276 debetur,
1102 2205 1166 2262 sive
1178 2206 1273 2262 nimia

233 2289 390 2357 coecitate,
418 2303 477 2362 qua
492 2303 546 2344 nec
560 2295 662 2361 aperta
674 2295 849 2358 cernuntur,
878 2288 941 2344 sive
956 2287 1189 2344 obstinatissima
1203 2305 1271 2362 per-

230 2371 360 2441 vinacia,
388 2385 446 2446 qua
467 2377 497 2424 ct
517 2387 554 2426 ca
577 2389 652 2444 quac
677 2379 842 2426 cernuntur
865 2389 927 2428 non
949 2371 1103 2443 feruntur,
1130 2379 1272 2447 tanquam

231 2455 326 2527 ipsam
338 2457 486 2512 rationem
503 2455 717 2529 veritatemque
730 2453 908 2526 defendunt,
936 2454 971 2510 fit
989 2455 1152 2510 necessitas
1167 2457 1270 2528 copio-

232 2538 295 2592 sius
310 2535 429 2596 dicendi
441 2537 614 2612 plerumque
627 2555 675 2594 res
699 2540 809 2608 claras,
835 2540 918 2595 velut
938 2555 1006 2610 aas,
1033 2555 1094 2594 non
1108 2539 1269 2611 spectanti·

233 2620 289 2678 bus
316 2617 486 2690 intuendas,
513 2619 566 2676 sed
593 2619 807 2694 quodammodo
835 2619 1000 2698 tangendos
1026 2621 1214 2694 palpantibus
1241 2629 1270 2674 et

233 2705 461 2762 conniventibus
477 2699 643 2760 offeramus.
686 2702 726 2760 Et
738 2712 838 2760 tamen
853 2705 919 2779 quis
934 2703 1117 2778 disceptandi
1130 2704 1199 2760 finis
1213 2705 1269 2760 erit

233 2795 263 2842 et
276 2787 417 2861 loquendi
430 2785 547 2854 arodus,
561 2786 587 2840 si
600 2785 838 2858 respondendum
852 2805 917 2842 esse
930 2786 1177 2860 respondentibus
1192 2805 1268 2842 sem-

230 2885 283 2942 per
298 2863 523 2924 existimemus?
550 2863 626 2922 Nam
645 2869 697 2940 qui
714 2868 763 2922 vel
783 2885 844 2924 non
864 2879 993 2942 possunt
1007 2871 1175 2945 intelligere
1189 2867 1269 2943 quod

233 2949 354 3019 dicitur,
380 2951 428 3004 vel
441 2957 501 3004 tam
515 2946 582 3002 duri
595 2957 666 3002 sunt
684 2947 863 3008 adversitate
882 2954 1009 3028 ruentis,
1035 2961 1070 3008 ut
1086 2953 1201 3008 etiamsi
1219 2953 1267 3007 in-

232 3032 421 3102 tellexerint,
449 3047 510 3086 non
529 3029 685 3102 obediant,
713 3032 910 3107 respondent,
936 3044 970 3093 ut
989 3037 1132 3109 scriptum
1148 3044 1211 3105 est,
1239 3041 1269 3088 et

228 3117 396 3188 loquuntur
413 3115 617 3188 iniquitatem,
637 3124 725 3190 atque
738 3116 965 3196 infatigabiliter
977 3120 1049 3176 vani
1062 3127 1141 3176 sunt.
1185 3119 1266 3184 Quo-

229 3215 297 3252 rum
311 3195 389 3254 dicta
404 3199 554 3254 contraria
567 3199 594 3252 si
606 3199 696 3254 toties
709 3201 835 3258 velimus
849 3203 996 3275 refellere,
1025 3203 1143 3278 quoties
1157 3202 1267 3258 obnixa

228 3279 328 3336 fronte
355 3280 515 3338 statuerint
541 3299 602 3338 non
629 3301 734 3340 curare
760 3283 831 3359 quid
854 3284 965 3358 dicant,
992 3285 1062 3344 dum
1088 3301 1266 3360 quocunque

229 3361 318 3418 modo
346 3365 458 3420 nostrie
485 3363 736 3440 disputationibus
763 3368 985 3442 contradicant,
1012 3370 1154 3445 quamsit
1170 3367 1264 3426 inlini.

229 3456 293 3502 tum
306 3455 336 3502 et
349 3464 559 3506 aerumnosum
578 3457 608 3504 et
624 3450 845 3508 infructuosum
862 3451 955 3510 vides.
1000 3453 1197 3520 Quamobrem
1211 3467 1264 3506 nec

228 3537 258 3583 te
272 3529 383 3602 ipsum,
402 3531 444 3586 mi
455 3531 499 3588 fili
513 3530 696 3604 Marcelline,
725 3553 780 3590 nec
794 3536 868 3590 alios
883 3537 991 3608 quibus
1003 3537 1052 3592 ade
1065 3535 1149 3592 labor
1164 3541 1264 3592 noster

228 3613 261 3666 in
275 3610 385 3668 Christi
400 3615 524 3670 caritate
538 3615 654 3672 utiliter
674 3633 709 3672 ac
722 3617 884 3673 liberaliter
903 3619 1018 3688 servit,
1043 3619 1119 3674 tales
1132 3632 1263 3674 nieorum

228 3695 407 3766 scriptorum
418 3699 508 3754 velim
521 3696 647 3768 iudices,
662 3699 714 3770 qui
726 3700 951 3772 responsionem
963 3717 1079 3774 semper
1085 3688 1263 3766 desiderent,

227 3795 294 3834 cum
314 3776 448 3854 hisquae
466 3782 608 3857 leguntur
627 3779 778 3840 audierint
797 3781 909 3856 aliquid
928 3783 1109 3856 contradici3
1135 3802 1175 3841 nc
1193 3781 1264 3838 liant

226 3861 339 3918 similes
359 3879 460 3920 aarum
478 3863 738 3937 muliercularum,
766 3881 839 3940 quas
861 3875 1070 3932 commemorat
1092 3865 1262 3943 Apostolum
