2510 4404
193 192 253 250 390
421 183 521 244 mvl
541 180 731 244 svaran
751 179 1009 242 AVGVSTINI

190 344 268 400 sicut
280 339 506 416 praenuntiatur
518 356 537 394 a
549 335 677 406 Christo,
694 335 742 392 vel
754 334 831 394 sicut
843 335 1053 408 praenuntiata
1069 345 1128 392 est
1143 355 1165 392 a
1178 335 1246 393 Pro

190 425 301 501 phatir,
326 441 345 480 a
369 423 474 499 quibus
497 422 718 496 praenuntiatus
742 427 787 472 est
810 415 959 487 christun
985 436 1044 474 cur
1071 430 1110 476 et
1137 425 1235 476 mortui

189 510 297 587 [quare
309 502 470 582 Martyres]
484 515 566 562 tanta
578 513 716 579 possunt,
743 501 793 576 qui
805 517 858 574 pro
871 520 905 558 ea
917 501 990 572 fide,
1022 519 1089 577 qua
1104 501 1192 560 haec
1202 525 1234 560 re

188 593 331 650 surrectio
344 589 540 664 praedicatur,
555 589 646 646 occisi
659 581 746 643 sunt?
775 583 845 642 Sive
859 587 937 642 enim
950 583 1039 642 Dens
1054 588 1132 661 ipse
1147 606 1206 662 per
1216 609 1235 643 se

188 679 284 750 ipsum
296 675 370 732 miro
384 672 486 744 modo,
507 690 564 747 quo
578 689 626 728 res
639 671 811 744 temporales
826 678 963 742 operatur
977 679 1156 744 aeternus,
1185 675 1234 728 sire

188 777 240 834 per
258 777 326 818 suos
345 757 495 814 ministros
514 758 572 812 ista
589 755 693 826 faeiat3
721 761 751 808 et
769 752 869 810 eadem
885 754 949 826 ipsa
969 771 1049 828 quae
1069 772 1135 828 per
1156 759 1235 812 mini-

189 852 267 900 stros
285 841 372 910 facit,
399 841 461 896 sive
480 838 619 914 quaedam
635 837 723 894 iaciat
742 837 829 892 ctiam
843 855 895 910 per
907 835 1083 912 Martyrum
1105 842 1234 914 spiritus,

189 927 266 982 sicut
277 943 328 998 per
341 922 473 980 homines
487 920 581 978 adbuc
594 923 626 978 in
639 938 760 994 corpore
773 921 963 992 constitutos,
977 921 1048 976 sive
1063 925 1177 978 omnia
1189 926 1233 978 ista

188 1027 240 1083 per
253 1008 400 1084 Angelos,
414 1007 520 1081 quibus
534 1005 736 1074 invisibiliter,
756 1003 990 1072 immutabiliter,
1011 1014 1047 1060 et
1060 1006 1232 1081 incorpora-

188 1094 257 1148 liter
280 1092 418 1166 imperat,
444 1099 594 1164 operetur;
618 1097 651 1144 ut
664 1106 738 1162 quae
750 1106 803 1162 per
815 1085 959 1162 Martyres
984 1085 1057 1144 fiori
1084 1087 1230 1151 dicuntur,

189 1177 231 1230 eis
245 1173 397 1232 orantibus
414 1182 529 1240 tentum
542 1183 572 1229 et
585 1171 822 1246 impetrantibus,
849 1189 909 1228 non
928 1171 1020 1226 etiam
1036 1175 1229 1246 operantibus

189 1259 276 1330 fiant3
301 1259 364 1315 sive
376 1259 435 1314 alia
447 1259 529 1328 istis,
555 1258 612 1314 alia
625 1258 683 1314 illis
697 1255 806 1326 modis,
832 1255 882 1330 qui
895 1255 975 1311 nullo
989 1255 1087 1312 modo
1105 1276 1229 1330 compre-

189 1343 278 1400 hendi
291 1361 308 1398 a
321 1342 490 1399 mortalibus
503 1350 641 1416 possunt:
668 1341 695 1396 ei
707 1349 804 1396 tamen
817 1346 993 1395 attestantur
1006 1335 1089 1396 baec
1103 1339 1191 1411 fidei,
1206 1344 1227 1395 in

189 1446 248 1502 qua
261 1427 358 1484 carnis
372 1428 404 1486 in
417 1435 567 1482 aeternum
580 1425 756 1480 resurrectio
769 1422 959 1498 praedicatur.

600 1591 723 1650 CAP.
763 1589 805 1648 X.

190 1689 298 1752 Quanto
309 1689 416 1758 dignior
426 1688 590 1742 donarentur
600 1687 751 1758 Martyres,
772 1687 819 1756 pai
831 1687 889 1739 ideo
903 1689 991 1738 multa
1004 1688 1085 1740 mira
1102 1689 1223 1749 obtineat,

189 1769 219 1812 at
231 1758 304 1810 Deus
313 1774 392 1810 cerus
401 1761 519 1822 colatur,
539 1775 619 1826 quom
630 1759 782 1822 doemones,
801 1757 848 1826 poi
857 1757 888 1808 ob
898 1755 947 1810 boe
956 1758 1099 1825 praedam
1109 1759 1222 1831 faciam,

252 1839 258 1854 ’
517 1838 548 1880 ot
557 1825 611 1896 ipsi
621 1827 660 1878 dii
670 1844 724 1880 csse
735 1829 889 1906 credantur.

255 1933 313 1991 Hic
329 1933 405 1992 forte
417 1934 523 1991 dicturi
537 1944 618 2004 sunt,
644 1937 732 1990 etiam
745 1935 813 1992 deos
827 1953 894 1991 euos
908 1936 1007 2008 aliqua
1018 1935 1103 1992 mira
1117 1937 1219 1991 fecisse.

189 2019 284 2091 Bene,
310 2019 337 2074 si
357 2021 415 2076 iem
436 2021 584 2093 incipiunt
606 2018 675 2074 deos
698 2037 768 2075 suos
784 2021 894 2075 nostris
911 2021 1037 2074 mortuis
1061 2018 1219 2076 hominibus

190 2121 366 2178 comparare.
409 2103 455 2160 An
478 2103 576 2160 dicent
597 2104 698 2173 etiam,
724 2121 756 2158 se
778 2103 886 2160 habere
908 2101 977 2157 deos
998 2119 1038 2158 cx
1058 2101 1220 2160 hominibus

188 2189 328 2258 mortuis,
351 2189 427 2244 sicut
441 2185 612 2258 Herculem,
636 2188 712 2242 sicut
724 2185 897 2258 Romulum,
922 2187 1000 2242 sicut
1012 2187 1091 2242 alios
1107 2191 1218 2256 multos,

189 2289 262 2345 quos
275 2273 307 2326 in
321 2271 441 2327 deorum
454 2281 608 2328 numerum
620 2279 753 2344 receptos
767 2266 942 2346 opinantur?
966 2268 1028 2326 Sed
1044 2269 1135 2328 nobis
1149 2271 1218 2329 Mar·

189 2367 269 2429 tyros
288 2371 348 2412 non
366 2365 435 2410 sunt
452 2355 504 2412 dii:
533 2357 600 2430 qnia
614 2371 706 2412 unum
724 2353 904 2430 eundemque
924 2351 1019 2410 Deum
1040 2363 1073 2410 et
1092 2365 1215 2411 nostrum

189 2438 296 2492 scimur
310 2445 339 2493 et
352 2436 523 2514 Martyrum.
567 2437 629 2494 Nee
646 2448 746 2494 tamen
765 2439 928 2510 miraculis,
955 2455 1031 2512 quae
1044 2455 1103 2511 per
1115 2438 1214 2496 Merno-

189 2523 248 2576 rias
268 2530 436 2578 nostrorum
449 2521 610 2598 Martyrum
628 2521 719 2593 liunt,
746 2524 805 2578 ullo
826 2519 910 2578 modo
934 2522 1215 2596 comparandarum

188 2606 346 2677 miracula,
361 2623 435 2681 quae
448 2606 526 2662 lacta
538 2603 590 2681 per
602 2607 711 2678 templa
723 2604 910 2680 perhibentur
923 2607 1051 2662 illorum.
1075 2605 1181 2662 Verum
1192 2607 1213 2658 si

189 2706 246 2761 qua
259 2689 366 2745 similia
378 2689 529 2761 videntur,
543 2691 621 2746 sicut
633 2708 651 2745 a
663 2688 765 2764 Moyse
778 2691 856 2766 magi
870 2687 1049 2760 Pharaonis,
1065 2691 1110 2746 sie
1124 2709 1213 2746 eorum

190 2771 231 2826 dii
243 2773 314 2828 victi
327 2781 426 2829 sunta
439 2772 614 2848 Martyribus
628 2775 747 2828 nostris.
771 2771 917 2828 Fecerunt
931 2781 1027 2828 autem
1039 2775 1094 2828 illa
1107 2774 1211 2829 daemo-

190 2873 241 2910 nes
256 2874 289 2910 eo
303 2853 380 2910 fastu
393 2857 522 2929 impurae
536 2857 704 2930 superbiae,
731 2875 786 2931 quo
805 2875 904 2912 eorum
917 2855 958 2911 dii
970 2875 1034 2912 esse
1049 2858 1210 2913 voluerunt:

190 2939 303 2994 faciunt
316 2947 413 2994 autem
426 2940 486 2994 ista
498 2937 658 3012 Martyres,
677 2941 726 2996 vel
737 2941 833 3014 potius
847 2939 928 2996 Deus
941 2941 990 2996 vel
1003 2942 1158 2998 orantibus
1169 2951 1209 2995 aut

191 3019 414 3092 cooperantibus
428 3020 482 3086 eis,
496 3029 529 3076 nt
541 3020 612 3076 fides
625 3023 675 3078 illa
688 3022 836 3096 proficiat,
851 3041 908 3097 qua
922 3039 982 3093 eos,
995 3041 1058 3078 non
1073 3023 1143 3080 deos
1156 3041 1205 3080 esse

190 3110 321 3171 nostros,
338 3101 389 3158 sed
402 3121 494 3160 unum
507 3101 601 3160 Deum
614 3103 721 3163 habere
734 3107 885 3162 nobiscum
898 3106 1060 3163 credamus.
1083 3107 1205 3181 Denique

190 3187 234 3242 illi
246 3185 351 3244 talibus
365 3184 420 3244 diis
433 3188 496 3244 suis
511 3197 541 3246 at
552 3193 659 3268 templa
672 3189 907 3262 aedificaverunt,
922 3199 953 3245 et
962 3199 1133 3248 statuerunt
1143 3209 1207 3258 aras,

190 3281 219 3327 et
237 3269 403 3328 sacerdotes
423 3273 630 3343 instituerunt,
657 3283 687 3330 et
709 3274 854 3330 sacrificia
878 3273 1025 3330 lecerunt:
1052 3293 1109 3331 nos
1122 3285 1207 3331 autern

189 3353 365 3430 Martyribus
385 3357 495 3414 nostris
515 3376 575 3414 non
592 3360 699 3433 templa
719 3358 794 3414 sicin
812 3357 884 3429 diis,
908 3358 958 3413 sod
971 3355 1129 3415 Memoriae
1143 3361 1207 3413 sicut

189 3437 355 3498 hominibus
367 3441 503 3512 mortuis,
517 3459 641 3518 quorum
653 3439 728 3515 apud
739 3439 952 3498 Deum'rivunt
965 3441 1103 3514 spiritus,
1127 3442 1206 3498 labri·

191 3535 304 3593 camus,
327 3540 382 3578 nec
394 3523 435 3580 ibi
448 3524 585 3602 erigimus
599 3526 716 3596 altaria,
730 3522 762 3581 in
776 3524 881 3600 quibus
894 3523 1091 3581 sacrificemus
1106 3525 1206 3600 Marty-

190 3603 286 3675 ribur,
311 3605 362 3662 sed
375 3607 425 3662 uni
439 3605 502 3664 Deo
516 3617 547 3664 et
558 3606 735 3684 Martyrum,
751 3617 781 3664 et
793 3616 895 3665 nostro
910 3607 1104 3684 [sacrificium
1116 3611 1204 3665 immo

189 3683 311 3760 lamus]:
337 3687 374 3742 ad
390 3688 463 3760 quod
477 3691 666 3762 sacrificium,
690 3693 766 3748 sicut
777 3691 908 3748 homines
921 3689 997 3763 Dei,
1017 3693 1069 3766 qui
1081 3692 1204 3749 mundun

191 3767 222 3820 in
241 3768 303 3822 eins
321 3771 506 3830 confessione
525 3775 672 3844 vicerunt,
698 3793 751 3832 suo
764 3777 831 3832 loco
843 3783 872 3830 et
892 3773 994 3830 ordine
1011 3778 1204 3832 nominantur:

192 3863 252 3904 non
268 3859 364 3908 tamen
378 3869 395 3907 a
408 3855 572 3930 sacerdote,
582 3859 638 3934 oui
650 3858 804 3931 sacrificat,
818 3861 1000 3916 invocantur.
1020 3857 1086 3916 Deo
1100 3861 1202 3935 quippe,
