2592 4396
232 207 285 260 423
626 175 888 239 ELENCIIVS

236 337 348 383 norum,
368 331 439 386 quae
454 325 538 366 cause
549 309 679 360 miseriae
689 317 745 355 ma·
797 301 876 351 sione
891 293 1067 348 saeculorum
1073 307 1190 360 semper
1202 295 1277 346 nasci

236 398 326 447 lorum
346 386 509 454 angelorum
530 379 625 430 fuerit.
645 375 747 428 Postea
799 375 828 420 et
837 366 940 420 resolvi
957 365 1115 429 opinantur,
1146 363 1216 430 Pag.
1229 363 1279 415 366

235 477 302 515 vcro
313 459 347 511 de
357 455 475 508 bominis
490 448 664 500 institutione
680 443 747 510 agit,
766 436 849 490 OAP.
859 433 929 488 XII.
958 431 1032 495 Quid
1051 432 1279 498 respondendum

236 533 372 594 docetque
384 539 448 577 eum
457 535 511 572 non
520 519 554 570 ab
565 521 689 576 aeterno,
699 510 747 562 sed
799 509 838 560 sit
846 505 899 566 bis,
909 505 957 572 qui
963 503 1081 570 primam
1090 501 1281 554 conditionem

236 581 748 663 intemporeesseconditum,necalio
801 575 921 627 bominis
943 571 1054 626 tardam
1079 585 1140 623 esse
1162 585 1282 622 causan-

238 673 448 730 auctorequam
460 661 530 710 Deo.
801 651 887 696 tur..
925 681 931 694 ·
962 677 968 691 ·
1005 678 1011 690 ·
1049 678 1055 691 ·
1093 679 1100 691 ·
1138 677 1144 692 ·
1180 677 1187 689 ·
1227 639 1282 692 366

240 731 374 787 OAPVT
397 731 420 783 I.
458 727 502 779 De
531 739 586 774 una
612 724 748 773 bonorum
771 711 952 766 caaxffl.
971 712 1014 763 De
1029 711 1205 762 revolutione
1220 725 1282 762 sae-

274 804 466 866 malorumque
485 793 648 862 angelorum
672 793 750 840 natu·
803 785 937 844 culorum,
953 781 1053 848 quibus
1064 784 1141 831 certo
1151 781 1208 830 line
1219 795 1283 831 con·

277 889 310 924 η
312 897 586 923 ........
624 855 752 924 Papam
804 853 897 914 clusis,
916 853 1046 902 universa
1056 863 1164 914 semper
1175 849 1205 898 iu
1216 864 1283 901 eun-

241 939 372 994 CARII.
391 935 503 988 Nullam
524 931 670 984 essentiam
690 927 751 976 Deo
804 922 867 974 dam
886 920 1010 972 ordinem
1029 918 1201 985 eandemque
1221 933 1284 984 spe·

277 1025 338 1062 esse
349 1005 527 1065 contrariam,
539 1001 605 1068 quia
616 998 650 1048 ab
662 1010 695 1047 eo
706 995 752 1062 qui
806 993 876 1043 ciem
890 989 1017 1042 reditura
1032 988 1143 1055 quidam
1161 985 1284 1053 pbiloso-

276 1091 384 1130 summe
399 1079 442 1126 ast
456 1077 485 1128 et
500 1083 610 1135 semper
624 1071 681 1128 cst,
700 1063 753 1114 hoc
806 1059 853 1126 phi
869 1058 1055 1112 crediderunt.
1099 1093 1105 1106 .
1143 1092 1149 1106 .
1187 1093 1194 1106 .
1232 1055 1284 1108 363

278 1154 369 1202 totum
393 1144 503 1195 ridetur
527 1139 665 1190 diversum
693 1147 754 1184 esse
776 1128 860 1181 CAP.
871 1126 920 1180 XI
924 1126 955 1179 V.
974 1127 1017 1178 De
1028 1125 1178 1192 temporali
1190 1126 1285 1177 condi-

298 1217 353 1268 006
371 1217 481 1265 nonest
483 1241 667 1261 .....
703 1200 755 1254 366
807 1201 884 1250 tione
912 1197 1021 1264 generis
1044 1193 1165 1256 humani,
1200 1210 1284 1262 quam

246 1286 269 1339 G
295 1285 329 1339 P.
341 1283 397 1336 III.
417 1282 461 1333 De
481 1277 599 1330 inimicis
619 1274 682 1335 Dei,
700 1286 756 1322 non
808 1269 887 1320 Deus
903 1281 955 1318 nec
968 1279 1040 1316 novo
1055 1263 1286 1316 consilioconsti·

278 1371 329 1422 par
350 1358 488 1412 naturam,
509 1347 559 1400 sed
577 1359 628 1412 per
648 1347 757 1396 coutra-
809 1338 914 1398 tuerit,
950 1349 1002 1386 nec
1033 1332 1160 1386 mutabili
1189 1333 1287 1384 volun·

279 1427 349 1477 nlam
368 1421 560 1480 voluntatem,
597 1425 757 1482 quaecum
810 1412 878 1458 tate.
925 1438 1196 1456 .......
1235 1401 1287 1454 369

280 1494 348 1560 ipsis
358 1494 455 1552 nocet,
471 1490 561 1540 bonae
572 1485 668 1550 uthue
679 1485 758 1530 natu·
777 1473 860 1528 011².
871 1473 901 1526 Χ
907 1473 938 1527 V.
957 1474 998 1524 An
1018 1479 1051 1523 ut
1069 1471 1146 1523 Deua
1167 1487 1288 1538 semper,

280 1577 331 1613 rae
353 1564 444 1620 nocet,
465 1559 531 1623 quia
550 1555 647 1603 vitium
662 1551 686 1600 si
702 1563 758 1600 non
811 1547 896 1598 etiam
921 1543 1050 1596 dominus
1072 1540 1156 1593 fuisse
1176 1555 1288 1608 semper

282 1635 373 1690 nocet,
384 1642 440 1678 non
452 1630 502 1676 est.
618 1655 625 1668 .
665 1653 673 1668 .
707 1615 758 1668 35⁷
811 1615 1004 1682 intelligatur,
1039 1610 1209 1662 credendum
1245 1613 1288 1671 sit,

249 1698 332 1750 GAP.
347 1697 365 1748 I
369 1694 400 1746 V.
428 1696 472 1746 De
492 1696 594 1743 natura
612 1689 760 1740 irrationa-
812 1689 967 1736 creaturam
978 1693 1087 1748 quoque
1094 1695 1237 1747 nunquam
1244 1681 1287 1730 de

283 1763 361 1829 lium,
380 1759 668 1820 autvitacarentium‚
689 1771 760 1824 quae
813 1753 953 1806 fuissecui
964 1750 1166 1802 dominareturr
1184 1754 1288 1816 etquo-

282 1838 312 1886 in
328 1849 378 1885 suo
393 1847 495 1900 genere
511 1833 595 1897 atque
611 1827 710 1878 ordine
726 1825 760 1875 ab
782 1821 784 1826 ’
814 1823 896 1874 modo
912 1821 1021 1872 dicatur
1036 1833 1145 1884 semper
1155 1824 1289 1880 creatum,

284 1903 474 1956 universitatis
485 1901 584 1952 decore
594 1912 650 1948 non
661 1895 761 2014 dlac3r5eg
813 1892 888 1960 quod
907 1891 961 1942 dici
980 1902 1035 1940 non
1054 1892 1147 1955 potest
1169 1893 1291 2008 coaeger-

320 1979 333 2023 i
334 2001 673 2024 .........
814 1977 878 2012 num
882 1993 1202 2020 ........
1259 1959 1292 2006 76

253 1989 335 2094 eff.
352 2039 383 2091 V.
402 2039 485 2102 Quod
503 2041 533 2088 in
552 2037 628 2087 omni
644 2039 762 2084 naturae
780 2029 861 2082 (MP.
872 2026 955 2080 XVI.
974 2026 1120 2090 Quomodo
1135 2026 1294 2092 intelligen-

285 2113 377 2177 specic
397 2125 431 2161 ac
450 2107 533 2159 modo
558 2103 708 2156 laudabilis
726 2102 763 2151 sit
816 2101 880 2151 dum
892 2099 929 2148 sit
939 2097 1075 2163 promissa
1086 2094 1191 2145 bomini
1202 2109 1219 2144 a
1231 2095 1291 2146 Deo

290 2181 405 2236 Creator
407 2210 587 2230 .....
624 2175 631 2222 ’.
668 2209 674 2221 .
711 2168 763 2221 359
815 2171 872 2220 vita
890 2172 1003 2218 aeterna
1021 2169 1086 2216 ante
1102 2169 1234 2229 tempora
1253 2179 1293 2215 ae·

256 2247 339 2300 ΟΑΡ.
356 2245 402 2298 VI.
422 2248 500 2309 Quae
520 2257 604 2299 causa
624 2243 662 2291 sit
677 2239 763 2290 beati·
816 2243 897 2289 terna
898 2265 1206 2286 ........
1245 2231 1293 2284 372

286 2313 391 2367 tudinis
420 2314 590 2380 Angelorum
617 2311 764 2369 bonorum,
784 2305 868 2358 GAP.
880 2301 978 2356 XVII.
998 2303 1072 2366 Quid
1091 2301 1126 2352 de
1143 2302 1293 2352 incommu-

289 2390 318 2436 et
332 2399 404 2451 quaa
420 2383 505 2434 causa
519 2383 557 2430 sit
571 2378 699 2429 miseriae
718 2374 765 2427 66-
817 2375 898 2426 tabili
910 2373 1025 2424 consilio
1036 2376 1085 2422 aut
1092 2371 1238 2422 voluntate
1244 2371 1291 2422 Dei

255 2453 416 2574 cileil
435 2451 582 2572 leitil·
600 2443 765 2567 66633
817 2440 1293 2576 333333333333333

289 2592 380 2644 malae
390 2590 543 2642 voluntatis
549 2601 604 2638 non
612 2599 674 2636 asse
685 2597 767 2650 quae·
819 2581 873 2632 Dei
884 2595 919 2632 ex
934 2579 1101 2632 aeternitate
1115 2579 1240 2646 repetita
1250 2593 1283 2644 pe

288 2661 404 2713 rendam
406 2689 679 2710 .......
716 2650 768 2703 362
820 2650 932 2702 eosdem
942 2663 1050 2714 semper
1061 2645 1160 2697 volunt
1171 2647 1283 2698 saecul

256 2728 340 2782 (MP.
357 2727 435 2780 VIII.
458 2729 501 2779 lle
522 2739 617 2776 amore
638 2734 767 2788 permenso
819 2735 882 2770 rum
893 2719 986 2770 redire
997 2717 1164 2767 circumitus.
1204 2753 1210 2766 .
1249 2714 1295 2766 37

289 2813 344 2865 quo
360 2797 488 2847 voluntas
499 2796 534 2844 ab
548 2789 768 2844 incommutabili
786 2787 866 2840 GAP.
877 2784 992 2839 XVIII.
1013 2787 1116 2836 Contra
1134 2797 1184 2836 eos
1201 2787 1250 2852 qui
1262 2785 1287 2834 di

290 2868 365 2916 bono
383 2863 419 2914 ad
439 2861 573 2914 mutabile
598 2862 701 2911 bonum
721 2858 767 2908 de·
821 2863 900 2918 cunt,
920 2870 954 2906 ea
964 2869 1036 2922 quaa
1046 2855 1156 2905 infinita
1165 2860 1235 2904 suut
1249 2870 1296 2903 ‘n-

291 2935 357 2984 licit.
409 2961 680 2982 .......
717 2924 769 2977 362
819 2926 874 2978 Dei
889 2939 970 2991 posse
985 2923 1100 2974 amentia
1118 2919 1286 2990 compreben

258 2997 406 3051 CARIX.
425 2995 767 3064 Ausanctillngeliquem
822 2996 848 3046 di
850 3027 1211 3055 .........
1248 2987 1294 3041 37“

292 3068 397 3120 babent
403 3070 557 3118 creatorem
564 3070 691 3127 naturae,
702 3080 767 3116 eun·
788 3063 872 3115 CAP.
885 3059 969 3114 XIX.
989 3063 1033 3113 De
1044 3060 1163 3112 saeculis
1174 3059 1283 3112 saecul

293 3137 356 3188 dem
372 3135 494 3187 habeant
507 3135 596 3186 bonae
616 3134 768 3186 voluntatis
822 3147 892 3184 rum.
939 3165 1210 3182 .......
1248 3127 1280 3180 37

293 3211 436 3257 auctorem
444 3203 633 3270 perspiritum
640 3208 767 3254 sanctum
788 3201 872 3253 OAP.
887 3198 952 3252 XX.
974 3200 1018 3251 De
1037 3200 1105 3264 impi
1123 3203 1183 3252 tate
1202 3211 1289 3249 eoru:

292 3276 373 3326 iueis
389 3277 506 3326 caritate
527 3271 636 3324 diffissa.
673 3309 679 3322 .
716 3269 769 3323 363
822 3272 869 3337 qui
889 3275 1027 3329 asserunt,
1047 3269 1156 3318 animas
1174 3281 1295 3318 summa

258 3341 344 3394 OAP.
357 3341 394 3394 X.
414 3344 457 3394 De
474 3342 597 3394 falsitate
612 3343 672 3393 eius
683 3339 768 3390 histo·
820 3353 959 3406 ¹veraeque
984 3337 1167 3388 beatitudinis
1190 3333 1285 3402 pertici

292 3415 350 3463 riae
361 3427 434 3480 quae
444 3411 769 3462 multamilliaannorum
821 3423 883 3475 pes,
903 3410 1005 3459 iterum
1025 3411 1109 3472 atque
1129 3407 1231 3456 iterum
1254 3417 1284 3468 ps

292 3481 451 3548 praeteritis
478 3481 649 3548 temporibus
668 3477 770 3527 adscri-
822 3479 984 3528 circumitus
1008 3479 1165 3540 temporum
1188 3472 1224 3524 ad
1252 3494 1269 3515 ›-

291 3551 341 3601 bat
342 3582 682 3600 .........
719 3543 771 3596 364
823 3546 885 3598 dam
901 3545 1027 3597 miserias
1046 3544 1215 3610 laboresque
1233 3539 1290 3590 redi

260 3615 406 3669 alexi.
435 3617 479 3669 Da
496 3615 539 3668 bis
557 3618 605 3684 qui
623 3612 695 3666 huuc
712 3617 770 3681 qui·
822 3620 900 3666 tures
902 3647 1212 3664 ........
1249 3606 1293 3659 37

293 3687 356 3736 dem
368 3685 768 3749 mundumnonsempiternum
791 3681 870 3734 GAP.
882 3679 968 3734 XXI.
988 3681 1030 3732 De
1046 3680 1207 3732 conditione
1218 3678 1286 3727 unia

294 3760 402 3816 putant,
421 3755 470 3805 sed
487 3761 537 3804 aut
552 3751 769 3804 innumerabiles
823 3753 903 3816 primi
920 3751 1052 3812 bominis,
1072 3756 1157 3815 atque
1171 3749 1200 3797 in
1212 3760 1248 3797 eo
1259 3761 1285 3811 g·

294 3820 769 3874 auteundemunumcertacouclu·
824 3823 897 3873 neris
912 3819 1034 3871 humani.
1071 3853 1077 3865 .
1115 3855 1121 3867 .
1161 3853 1167 3864 .
1208 3853 1215 3865 .
1254 3815 1281 3855 ’-
