2590 4396
251 206 315 263 DE
339 205 561 274 clvlTATE
584 209 666 270 DEI
687 213 770 273 bill.
793 217 846 276 lV.
1024 227 1082 284 1⁰5

448 361 514 420 CA
537 361 568 421 P.
612 364 687 425 111.

39 461 211 517 tristitudo
223 457 343 528 imperii,
364 473 433 526 quae
447 473 500 512 non
515 459 570 512 nisi
585 461 660 514 tellis
670 466 840 534 acquiritur,
855 469 884 523 ia
895 469 968 525 duait
978 475 1031 528 sive
1041 493 1081 530 aa.

189 590 192 594 ,
292 528 430 595 pientiam
441 527 562 582 babendo
572 531 617 596 sit,
636 533 831 606 sioefelica'um.

94 620 162 677 lam
175 622 283 694 itaque
295 617 449 675 videamus
464 621 548 694 quale
562 622 611 692 sit,
630 622 709 697 quod
722 633 835 683 tantam
848 629 1035 689 latitudinem
1047 653 1081 691 ac

38 705 270 763 diuturnitatem
289 703 408 774 imperii
421 699 548 758 Romani
566 705 625 760 illis
645 705 701 762 diis
714 709 824 766 audent
836 712 982 770 tribuere:
1008 733 1081 792 quos

38 792 121 844 etiam
133 805 193 860 per
208 787 344 860 turpium
357 784 492 841 ludorum
505 786 645 863 obsequia
664 799 694 845 et
710 809 764 865 per
783 795 913 868 turpium
929 793 1080 856 hominum

38 871 205 928 ministeria
228 887 261 924 se
280 867 408 924 honeste
428 871 554 926 coluisse
579 873 787 946 contendunt.⁴
804 877 979 952 Quanquam
996 883 1080 956 prius

38 957 138 1011 vellem
152 955 315 1029 paululum
328 953 492 1026 inquirere,
506 969 581 1028 quae
593 956 633 1010 sit
641 957 729 1029 ratio,
744 975 819 1033 quae
831 959 999 1035 prudentia,
1014 983 1080 1021 cunc

39 1038 190 1094 hominum
205 1036 386 1092 felicitatem
399 1053 460 1091 non
473 1039 569 1110 possis
583 1039 756 1112 ostendere,
783 1059 898 1117 semper
916 1046 948 1100 in
966 1046 1078 1104 bellicis

40 1121 164 1177 cladibus
180 1129 213 1175 et
227 1121 261 1174 in
278 1119 426 1195 sanguine
440 1120 531 1191 civili,
553 1122 601 1176 rel
614 1117 714 1178 hostili
728 1133 827 1181 tamen
839 1123 985 1199 huuuano,
1012 1149 1078 1188 eum

39 1205 193 1260 tenebroso
214 1204 328 1257 timore
342 1209 372 1255 et
386 1211 508 1258 cruenta
528 1203 688 1278 eupiditate
709 1209 911 1280 versantium,
937 1219 972 1266 ut
984 1213 1078 1270 vitrea

39 1287 146 1343 laetitia
160 1293 358 1362 comparetur
371 1283 518 1362 fragiliter
529 1286 698 1362 splendida,
726 1291 775 1344 cui
794 1291 934 1346 timeatur
951 1290 1078 1350 horribi-

40 1373 90 1426 lius
103 1390 141 1426 ne
153 1377 285 1443 repente
299 1367 466 1444 frangatur,
480 1368 516 1424 de
527 1370 645 1443 imperii
658 1372 863 1449 magnitudine
876 1390 911 1430 ae
922 1375 1078 1432 latitudine

40 1456 109 1508 velle
128 1453 266 1530 gloriari.
305 1449 374 1506 Hoc
392 1461 426 1508 ut
444 1451 560 1508 facilius
582 1451 778 1527 diiudicetur,
804 1473 865 1512 non
884 1473 1077 1516 vanescamus

41 1538 120 1592 inani
131 1537 318 1591 ventositate
333 1535 448 1605 iactati,
477 1544 565 1610 atque
580 1536 776 1595 obtundamus
789 1540 965 1597 intentionis
984 1543 1078 1602 aciem

41 1621 167 1675 altisonis
180 1619 342 1675 vocabulis
357 1635 471 1688 rerum,
496 1637 563 1675 eum
576 1619 711 1676 audimus
725 1624 861 1696 populos,
874 1641 979 1702 regna,
1007 1644 1076 1702 pro·

41 1705 161 1759 vincias:
177 1701 233 1757 sed
247 1701 325 1756 duos
341 1702 555 1758 constituamus
569 1702 720 1776 homines;
740 1702 830 1783 (Nam
843 1707 980 1785 singulus
994 1711 1075 1784 quis-

42 1805 90 1859 que
102 1784 204 1857 homo,
229 1786 312 1841 utin
328 1801 466 1839 sermone
481 1803 541 1840 una
553 1787 664 1858 littera,
687 1789 730 1844 ita
743 1789 828 1863 quasi
841 1791 1018 1849 elementum
1032 1801 1077 1849 est

42 1871 160 1925 civitatis
176 1877 209 1924 et
222 1869 326 1944 regni,
345 1867 528 1941 quantalibet
541 1877 688 1925 terrarum
702 1874 896 1946 occupatione
908 1871 1076 1953 latissimi:)

42 1971 157 2026 quorum
171 1951 304 2007 duorum
317 1948 486 2021 hominum,
506 1969 664 2026 pauperem
676 1972 779 2025 unum,
794 1957 841 2010 vel
853 1957 950 2030 potius
963 1957 1076 2014 medio-

42 2053 124 2107 crem3
152 2036 286 2090 alterum
298 2031 495 2108 praedivitem
513 2036 691 2111 cogitemus:
719 2037 771 2092 sed
784 2036 907 2094 divitem
920 2041 1077 2096 timoribus

40 2123 165 2190 anxium,
184 2117 376 2174 moeroribus
391 2115 599 2190 tabescentem,
614 2118 774 2193 eupiditate
787 2117 977 2197 flagrantem:
998 2139 1075 2178 uuu-

42 2222 119 2276 quam
141 2219 305 2271 securum,
332 2217 448 2272 semper
470 2200 653 2275 inquietum,
680 2204 831 2275 perpetuis
854 2205 1077 2262 inimicitiarum

43 2285 282 2342 contentionibus
296 2281 500 2355 anhelantem,
521 2294 681 2361 augentem
694 2302 766 2340 sone
784 2283 830 2341 his
843 2287 971 2343 miseriis
984 2290 1076 2363 patri-

43 2373 163 2428 monium
177 2369 314 2424 suumin
328 2368 503 2422 immensum
517 2366 647 2438 modum,
667 2377 756 2443 atque
769 2370 828 2424 illis
842 2373 1009 2448 augmentis
1024 2391 1076 2428 eu-

43 2471 82 2506 ras
96 2471 218 2526 quoque
230 2451 431 2506 amarissimas
444 2459 652 2528 aggerantem3
674 2450 853 2507 mediocrem
863 2471 934 2509 vero
948 2455 1031 2510 illum
1044 2473 1077 2509 re

42 2535 174 2590 familiari
189 2551 283 2608 parva
302 2542 391 2608 atque
407 2535 560 2590 succincta
579 2533 636 2588 sibi
656 2532 866 2604 sufficientem,
894 2537 1076 2590 carissimum

42 2621 109 2688 suis,
124 2637 194 2673 cum
209 2615 360 2693 cognatis,
373 2615 492 2686 vicinis,
504 2616 607 2671 amicis
621 2614 792 2669 dulcissima
803 2633 875 2688 pace
889 2614 1077 2690 gaudentem,

40 2703 147 2772 pietate
161 2701 348 2776 religiosum,
361 2699 524 2777 benignum
535 2705 645 2768 mente,
664 2713 769 2752 sanum
783 2713 917 2769 corpore,
937 2698 998 2752 vita
1010 2715 1077 2771 par-

40 2803 119 2852 cum,
145 2784 274 2839 moribus
298 2791 428 2853 castum,
456 2779 641 2838 conscientia
663 2797 809 2836 securum.
848 2777 956 2836 Nescio
979 2790 1079 2838 utrum

41 2868 194 2940 qnisquam
206 2868 249 2921 ita
263 2865 405 2938 desipiat,
428 2876 463 2921 ut
476 2863 584 2920 audeat
598 2862 731 2920 dubitare
746 2879 831 2938 quem
843 2863 1000 2939 praeferat.
1040 2865 1079 2921 Vt

40 2967 108 3026 ergo
127 2951 160 3004 in
178 2946 225 3003 his
243 2949 357 3004 duobus
377 2946 566 3019 hominibus,
592 2948 635 3004 ita
652 2949 683 3002 in
698 2945 810 3003 duabus
829 2947 965 3019 familiis,
991 2949 1033 3005 ita
1045 2951 1077 3006 iu

39 3032 149 3088 duobus
163 3033 299 3106 populis,
326 3033 368 3086 ita
382 3032 414 3085 in
428 3030 541 3087 duobus
559 3033 661 3108 regnis
679 3032 784 3108 regula
797 3033 931 3106 sequitur
943 3033 1077 3107 aequita-

38 3117 89 3171 tis:
104 3133 165 3189 qua
177 3115 340 3192 vigilanter
352 3111 491 3184 adhibita,
505 3116 531 3168 si
542 3123 645 3169 nostra
657 3113 786 3169 intentio
800 3115 979 3192 corrigatur,
993 3115 1077 3170 facil-

40 3200 103 3253 lime
117 3197 284 3254 videbimus
299 3198 350 3253 ubi
363 3195 475 3252 habitet
488 3199 616 3268 vanitas,
630 3206 660 3252 et
671 3197 721 3253 ubi
733 3197 870 3254 felicitas.
894 3199 1079 3272 Quapropter

41 3283 62 3335 si
74 3299 165 3337 verus
180 3279 265 3337 Deus
279 3283 406 3349 colatur,
430 3280 515 3354 eique
530 3281 622 3334 sacris
636 3280 791 3337 veracibus
805 3289 835 3336 et
847 3279 933 3335 bouis
946 3282 1078 3337 moribus

40 3366 196 3434 serviatur,
224 3365 298 3419 utile
311 3373 358 3419 est
371 3371 405 3416 ut
418 3362 489 3417 boni
501 3364 590 3439 longe
603 3365 720 3437 lateque
735 3361 785 3417 diu
799 3372 936 3440 regnent.
974 3362 1079 3435 Neque

40 3444 89 3502 hoe
102 3457 163 3502 tam
177 3448 263 3520 ipsis,
278 3465 366 3520 quam
380 3445 439 3500 illis
453 3447 526 3500 utile
539 3455 595 3515 est,
609 3445 715 3520 quibus
729 3455 865 3522 regnant.
895 3445 970 3502 Nam
984 3459 1078 3516 quan-

40 3539 98 3586 tum
116 3529 154 3586 ad
167 3531 251 3604 ipsos
264 3530 411 3604 pertinet,
438 3529 532 3602 pietas
546 3537 576 3583 et
589 3529 720 3602 probitas
733 3547 849 3599 eorum,
876 3545 952 3601 quae
972 3541 1080 3599 magna

39 3611 110 3668 dona
123 3611 184 3669 Dei
198 3622 282 3683 sunt,
297 3609 406 3667 sufficit
418 3613 462 3666 eis
476 3611 513 3667 ad
525 3629 625 3667 veram
640 3611 823 3681 felicitatem,
839 3627 897 3683 qua
911 3617 941 3661 et
951 3608 1009 3661 ista
1017 3607 1080 3662 vita

39 3693 109 3751 bene
123 3703 243 3773 agatur,
269 3703 300 3750 et
312 3703 414 3768 postea
427 3695 608 3769 percipiatur
622 3703 751 3749 aeterna.
791 3693 826 3748 In
844 3691 899 3746 hae
914 3707 985 3766 ergo
1000 3699 1079 3746 terra

39 3793 160 3855 regnum
173 3779 333 3847 bonorum,
354 3787 490 3834 nontam
502 3778 560 3832 illis
573 3784 752 3849 praestatur,
777 3793 863 3848 quam
876 3773 964 3830 reb'us
978 3771 1092 3829 huma-¹

40 3861 93 3916 uis.
118 3861 270 3920 Malorum
282 3877 356 3916 vero
370 3877 497 3937 regnum
509 3862 603 3936 magis
618 3859 812 3934 regnantibus
828 3865 926 3927 nocet,
944 3859 994 3932 qui
1009 3873 1079 3912 suos
