2590 4396
287 188 350 246 DE
377 189 599 252 ClVlTslTE
623 195 702 256 DEI
728 200 808 262 ΗΒ.
834 203 869 264 V.
1040 213 1099 272 153

438 343 561 404 CAP.
604 345 710 408 xlv.

55 421 91 475 lle
102 423 256 476 resecando
266 425 455 478 anectensis
465 425 612 550 tumulique,
632 432 758 552 Ιᾳιιιιιιιίιιιι
772 436 906 492 iustorum
912 443 1004 510 gloria
1014 445 1097 500 ιιιιιιιι

500 515 530 552 sn
570 516 600 552 eo
616 515 661 552 ιι.

112 583 199 641 Huic
225 585 319 662 igitur
344 585 496 660 cupiditati
521 590 625 646 melius
648 593 796 651 resistitur
818 598 883 654 sine
906 598 1095 659 dubitatione.

52 686 138 744 quam
148 669 277 724 ceditur.
304 667 402 726 Tanto
415 672 495 728 enim
506 673 629 747 quisquc
642 683 687 729 est
700 674 765 732 Deo
778 679 914 752 similior,
930 693 1039 757 quanto
1053 695 1097 742 est

51 753 84 808 ab
97 751 154 808 bac
168 750 360 808 immunditia
372 752 516 810 mundior.
544 756 625 822 Quae
638 757 670 812 in
683 755 738 814 boe
754 762 817 818 vita
840 765 896 819 etsi
915 782 977 822 non
995 766 1094 824 lundi-

50 845 94 892 toa
108 834 283 892 eradicatur
303 852 341 890 ex
359 835 462 908 corde,
488 837 556 913 quia
574 839 663 895 etiam
681 839 756 898 bene
774 845 960 918 proficientes
981 851 1094 906 animos

50 927 167 975 tentare
182 936 246 974 non
260 926 367 988 cessat3
392 920 496 976 saltem
514 921 657 996 cupiditas
670 925 782 1001 gloriae
795 939 947 1003 superetur
960 930 1093 990 dilectio·

50 1020 86 1056 ne
99 1002 254 1058 iustitiae:
267 1009 301 1058 ut
312 1002 339 1056 si
351 1001 458 1058 alicubi
470 1004 579 1076 iacent,
606 1022 680 1080 quae
693 1007 769 1082 apud
782 1027 911 1087 quosque
924 1014 1092 1089 improban-

49 1093 106 1156 tur,
130 1085 158 1139 si
172 1083 264 1156 bona,
288 1086 315 1140 si
327 1093 408 1141 recta
421 1095 503 1157 sunt,
531 1089 619 1144 etiam
630 1106 711 1146 amor
724 1089 867 1150 hnmanae
880 1095 974 1153 landis
988 1098 1092 1154 crube-

50 1178 121 1240 scat,
150 1175 184 1224 et
197 1166 284 1223 cedat
296 1169 389 1224 amori
402 1170 543 1226 veritatis.
571 1168 645 1227 Tam
659 1174 738 1228 enim
751 1185 796 1230 est
808 1174 862 1232 boc
873 1179 979 1234 vitium
991 1181 1091 1236 inimi-

50 1269 112 1307 cum
124 1251 196 1326 piae
209 1249 291 1322 fidei,
311 1251 338 1306 si
349 1253 443 1308 maior
456 1254 488 1308 in
501 1253 588 1310 corde
602 1255 641 1310 sit
654 1255 796 1329 cupiditas
809 1260 922 1334 gloriae
936 1277 1022 1334 quam
1035 1261 1092 1318 Dei

48 1336 135 1391 timor
146 1335 199 1390 vel
211 1352 305 1405 amor,
319 1343 353 1390 ut
361 1333 504 1392 Dominus
517 1336 641 1393 diceret:
658 1335 806 1406 Quomodo
813 1344 947 1416 potestis
960 1345 1092 1413 medere,

48 1418 178 1493 gloriam
191 1416 229 1474 ab
243 1419 367 1474 invicem
383 1429 609 1496 exspectantes,
636 1430 667 1478 et
682 1421 810 1496 glorians
829 1441 904 1500 quse
917 1444 937 1481 c
951 1423 1013 1480 solo
1027 1424 1092 1482 Deo

49 1511 172 1558 estnon
192 1498 393 1577 quaerentes?
419 1500 493 1560 ltem
506 1501 543 1558 de
561 1503 732 1577 quibusdam
749 1507 799 1580 qui
819 1507 852 1562 in
872 1524 938 1564 eum
958 1507 1090 1564 credide·

48 1594 125 1655 rant,
140 1593 173 1639 et
185 1583 365 1640 verebantur
374 1586 470 1657 palam
479 1585 625 1656 confiteri,
640 1584 894 1664 aitEvangelista:
909 1589 1091 1648 Dilexersnt

48 1667 176 1742 gloriam
188 1664 337 1722 bominum
355 1668 452 1743 magis
472 1686 558 1746 quam
572 1667 640 1726 Dei.
668 1668 750 1735 Quod
770 1672 864 1728 suncti
881 1672 1012 1747 Apostoli
1030 1693 1089 1731 non

49 1750 196 1806 iecerunt:
226 1749 278 1824 qui
290 1767 356 1805 cum
368 1750 400 1806 in
412 1747 457 1806 bis
470 1751 542 1808 locis
558 1749 762 1826 praedicarent
775 1752 884 1810 Christi
897 1775 1021 1828 nomen,
1040 1757 1090 1812 ubi

49 1851 105 1890 non
118 1834 216 1890 solum
228 1831 460 1906 improbabatur3
472 1835 515 1890 sic
528 1835 578 1890 ille
591 1836 643 1907 ait,
657 1835 814 1913 lacentque
828 1857 863 1896 ea
876 1857 1001 1914 semper,
1016 1857 1089 1915 quac

49 1917 121 1990 apud
134 1933 267 1992 quosque
279 1914 495 1989 improbantem
521 1935 624 1974 verum
642 1921 731 1978 etiam
744 1937 873 1978 summae
887 1922 1089 1980 detestationis

49 1999 221 2070 habebatur3
236 2007 373 2055 tenentes
385 2000 462 2076 quod
475 2001 630 2060 audierant
642 2021 659 2060 a
672 2003 749 2060 bono
761 2006 913 2082 magistro,
930 2004 1088 2080 eodemque

48 2083 158 2140 medico
171 2085 330 2153 mentium,
357 2080 393 2140 Si
405 2086 470 2160 qais
482 2103 527 2144 ne
539 2089 696 2163 negaverit
711 2105 812 2144 coron
831 2085 1011 2156 bominibus,
1037 2105 1087 2144 ns-

48 2168 120 2242 galo
134 2185 199 2224 essen
215 2185 318 2224 coram
331 2163 426 2226 Patre
437 2186 509 2238 meo,
523 2171 575 2246 qai
586 2171 617 2226 in
625 2169 720 2228 'ecelis
734 2180 794 2240 est,
809 2179 839 2227 et
852 2187 952 2228 coram
963 2167 1087 2246 Angelis

50 2249 120 2324 Dei,-
132 2251 213 2306 iuter
225 2247 383 2306 maledicta
396 2259 426 2306 et
438 2253 603 2326 opprobria,
616 2254 694 2310 inter
705 2255 893 2331 gravissima
907 2254 1086 2328 persecutio·

49 2351 97 2389 nes
111 2331 304 2408 crudelesque
316 2351 426 2408 poenos
439 2353 500 2390 non
512 2344 582 2392 sunt
594 2335 727 2394 deterriti
743 2355 761 2393 a
777 2337 995 2412 praedicatione
1009 2338 1086 2394 salu-

48 2419 82 2472 tis
104 2415 251 2474 humanae
274 2424 358 2474 tanto
381 2417 499 2474 fremitu
522 2417 692 2476 offensionis
714 2418 868 2478 humanae.
893 2419 934 2476 Et
945 2420 1022 2494 quod
1035 2436 1085 2476 ecs

48 2501 144 2558 divina
161 2500 308 2556 iacientes
326 2508 412 2576 atque
432 2501 562 2558 dicentes
582 2502 738 2577 divineque
758 2504 909 2571 viventes,
935 2501 1100 2557 debellatis

47 2583 255 2658 quodammodo
270 2583 404 2640 cordibus
418 2585 508 2655 duris,
523 2593 610 2658 atque
623 2583 788 2640 introducta
800 2601 871 2656 pace
882 2584 1024 2652 iustitiae,
1038 2585 1085 2638 in-

48 2684 120 2742 gens
134 2669 167 2722 in
173 2666 310 2722 Ecclesia
321 2663 429 2724 Christi
439 2668 535 2745 gloria
546 2674 701 2720 consecuta
713 2673 770 2736 est;
784 2683 845 2720 non
857 2665 890 2720 in
904 2681 939 2718 ea
948 2673 1086 2738 tanquam

48 2751 82 2804 in
95 2766 165 2804 suae
174 2750 294 2806 virtutis
307 2748 366 2804 fine
386 2753 575 2826 quieverunt:
601 2747 654 2804 scd
667 2765 731 2804 eam
745 2765 859 2824 quoque
871 2748 965 2822 ipsam
978 2746 1014 2804 ad
1028 2745 1086 2802 Dei

48 2833 171 2909 gloriam
182 2831 361 2905 referentes,
375 2835 456 2889 cuius
469 2834 566 2912 gratia
579 2833 652 2888 tales
666 2839 765 2903 eram,
785 2833 843 2888 isto
856 2847 970 2906 quoque
983 2830 1085 2888 fomite

47 2934 96 2972 eos
110 2916 213 2991 quibus
227 2915 429 2988 consulebant,
444 2917 480 2973 asl
494 2934 622 2972 amorem
636 2917 717 2971 illius
730 2933 748 2971 a
762 2933 818 2990 quo
832 2922 862 2970 et
875 2915 932 2990 ipsi
945 2916 1017 2972 tolca
1031 2915 1084 2970 lie-

45 3009 121 3072 rent,
144 2997 355 3056 accendebant.
381 2997 513 3074 Namque
526 3018 564 3055 ne
577 3008 695 3074 propter
707 2996 864 3057 humanam
876 2999 1001 3076 gloriam
1015 2999 1085 3054 boni

45 3091 159 3154 essent,
178 3082 319 3138 docuerat
332 3099 382 3137 eos
395 3080 537 3160 Magister
550 3084 680 3154 illorum,
707 3081 821 3139 dicens:
851 3079 960 3138 Geoets
970 3081 1085 3152 facere

43 3168 194 3224 iustitiam
206 3173 339 3222 vestram
353 3183 453 3221 eorem
465 3165 637 3236 bominibus,
650 3176 685 3222 ct
696 3165 859 3222 videamini
870 3164 907 3221 cb
921 3166 980 3238 eis;
1008 3163 1084 3220 elio-

43 3251 111 3326 quin
125 3248 291 3307 mercedem
305 3246 521 3305 nonhabebitis
535 3249 617 3324 apud
622 3245 744 3305 Patrem
756 3256 899 3318 oestrum,
912 3249 1005 3324 quiin
1021 3265 1085 3302 cos-

42 3333 81 3388 lis
94 3343 151 3392 est.
178 3330 240 3390 sed
251 3348 352 3387 rursus
365 3349 403 3388 ne
416 3328 470 3387 hoc
482 3347 620 3404 perverse
632 3332 833 3408 intelligentes
846 3327 1012 3386 bominibus
1021 3328 1084 3400 pla-

42 3434 108 3472 cere
121 3423 309 3485 metuerent,
332 3415 486 3489 minusque
503 3411 677 3488 prodessent
694 3412 812 3468 latendo
831 3411 909 3488 quod
921 3411 992 3467 boni
1005 3417 1084 3478 sunt,
1180 3471 1191 3492 ο

41 3498 249 3558 demonstrans
268 3516 327 3573 quo
345 3498 405 3553 fine
423 3498 609 3552 innotescere
626 3495 777 3565 deberent,
804 3493 950 3563 Luceant,
976 3491 1084 3564 inquit,

40 3601 133 3660 opero
144 3593 254 3642 cestra
267 3598 368 3639 corsos
380 3578 562 3650 bominibus,
587 3589 622 3636 ιι
633 3579 757 3636 videant
773 3576 849 3634 bona
858 3579 957 3649 faeta
969 3583 1084 3643 cestre,

39 3677 69 3723 et
80 3666 260 3743 glorificent
272 3663 397 3723 Patrem
409 3672 557 3733 cestram,
579 3669 630 3740 qni
646 3662 677 3716 in
695 3660 784 3718 coelis
802 3669 857 3716 est.
884 3657 952 3714 Non
966 3667 1084 3734 ergoet

39 3750 204 3807 videamini
215 3749 253 3807 ab
267 3749 329 3817 eis,
351 3746 456 3817 idest,
473 3743 527 3802 bac
545 3745 713 3802 intentione
726 3751 760 3798 ut
772 3759 821 3798 eos
836 3741 873 3797 ad
886 3759 938 3798 vos
952 3742 1085 3797 converti

41 3834 155 3906 velitis,
183 3835 253 3910 quia
271 3848 335 3889 nou
352 3848 404 3904 per
423 3845 476 3886 vos
495 3827 605 3901 aliquid
619 3827 704 3882 estis:
731 3825 785 3882 sed
795 3834 829 3880 ct
841 3823 1014 3912 glorificent
1027 3822 1072 3880 Po
