2592 4396
241 199 301 257 DE
325 198 548 260 CIVITATE
570 203 649 262 DEI
681 205 761 264 ΗΒ.
783 207 879 270 XIII.
1031 223 1092 280 403

47 352 125 421 Quid
140 352 198 422 ita,
215 351 274 408 niai
287 352 356 426 quia
370 370 417 409 eae
431 355 563 428 quamvit
577 357 652 412 nulli
665 361 783 432 corpori
795 363 939 435 sociatae,
953 385 1014 428 non
1027 389 1091 428 cre.

46 437 121 494 didit
134 436 196 492 illis
212 452 278 494 case
292 433 446 493 meliorari
480 439 681 520 Quapropter,
696 443 722 498 oi
736 461 796 500 non
811 443 960 508 audebunt
972 452 1037 523 itti,
1051 456 1091 514 ιι.

48 531 97 578 eut
111 537 163 576 coo
185 537 309 576 ιιιιιιιιιιι
324 538 388 576 erse
406 539 467 578 non
486 523 631 595 arbitror,
658 525 716 582 diie
729 525 922 601 beatissimis,
950 541 981 590 ct
993 542 1091 594 tamen

46 607 79 662 in
92 603 227 661 aeternio
239 604 409 677 corporibue
422 608 605 679 comtitutie,
618 606 761 668 humanae
771 613 884 670 animan
895 624 1091 690 anteponere,

47 707 99 744 cur
112 689 158 744 eia
171 685 290 744 videtur
303 687 476 762 absurdum,
505 691 581 765 quod
598 691 670 749 lidoo
684 692 851 754 Chriotiana
868 699 1035 772 praedicat,
1063 712 1092 760 at

45 774 157 847 primos
172 769 306 828 hominos
320 773 362 828 ita
373 772 466 829 ιιιίιιιι
480 774 631 848 conditor,
650 786 682 834 ut
695 779 722 834 ri
735 797 794 835 non
807 792 996 856 peccassent,
1011 787 1091 843 nulla

46 866 142 914 morte
154 873 173 911 a
186 856 248 912 ruia
263 856 433 930 corporibus
443 859 640 931 nolueroutur,
654 861 705 918 aad
716 880 769 937 pro
780 866 894 922 meritis
904 865 1091 928 obedientiae

45 938 214 1002 custoditae
227 940 447 998 immortalitate
460 942 577 1016 donatI,
592 963 660 1001 oum
672 947 715 1002 cin
731 947 866 1006 virerent
878 951 910 1006 in
921 959 1089 1023 aeternum

47 1033 75 1078 et
92 1024 166 1080 talia
187 1031 306 1080 tanatos
328 1025 360 1080 in
379 1029 596 1091 rerurrectione
612 1026 763 1090 babituros
782 1049 817 1086 eo
830 1033 911 1106 ipra,
935 1035 969 1090 in
983 1035 1088 1110 quibua

45 1106 91 1163 bie
105 1106 335 1180 laboraverunt,
363 1128 501 1184 corpora,
528 1122 562 1168 ιιι
580 1131 635 1169 neo
649 1131 750 1170 eorum
764 1117 847 1170 carni
860 1116 972 1191 aliquid
986 1137 1088 1176 carru·

44 1192 157 1266 ptionio
170 1192 220 1247 rel
234 1189 430 1264 difficultatis,
458 1213 513 1251 nec
531 1215 633 1252 eorum
649 1196 825 1254 beatitudini
844 1199 954 1272 aIIquid
977 1199 1087 1259 doloris

45 1284 73 1330 et
85 1273 271 1331 infelicitatis
285 1277 378 1350 partit
389 1275 542 1337 acciderel

442 1430 563 1493 CAP.
605 1429 693 1491 XX.

44 1528 123 1593 Quod
132 1543 198 1579 coro
208 1534 378 1591 sanctorum,
398 1543 547 1596 quoenono
557 1528 741 1596 requiescitur
751 1545 811 1596 ope,
827 1529 856 1582 ιἰι
866 1529 1001 1582 meliorem
1012 1547 1088 1600 repa-

58 1599 148 1651 randa
158 1597 197 1648 rit
206 1596 378 1665 qualitatem,
389 1598 538 1670 quemfecit
545 1597 696 1667 primorum
702 1597 837 1651 bominem
848 1607 912 1651 eote
918 1607 1069 1668 peccorum.

105 1702 236 1761 Proinde
254 1721 335 1759 nuno
349 1714 518 1763 cunctorum
530 1706 645 1763 culinae
658 1705 863 1764 defunctorum
882 1704 947 1763 ideo
961 1725 1022 1764 non
1035 1706 1086 1766 ha-

41 1788 113 1844 bent
127 1805 252 1866 gravem
264 1796 405 1856 mortem,
432 1805 489 1860 qua
511 1795 663 1861 repraratac
687 1797 756 1844 ιιιιιι
779 1807 797 1844 a
821 1790 990 1862 corporIbuo
1013 1793 1085 1863 onir,

42 1874 111 1948 quia
125 1889 195 1927 caro
210 1887 312 1925 eorum
325 1870 484 1944 requiescit
495 1871 526 1925 in
539 1889 600 1945 ope,
614 1871 760 1946 quaslibet
772 1873 837 1927 aine
850 1873 910 1928 ullo
925 1874 983 1928 iam
997 1892 1087 1930 sensu

41 1955 238 2012 contumeliae
257 1953 406 2026 accepitne
425 1952 569 2014 rideatur.
612 1954 680 2011 Non
698 1957 793 2024 enim,
820 1956 897 2012 oicut
909 1954 1028 2014 Platoni
1040 1959 1085 2014 vi-

42 2059 107 2095 ιιιιιι
121 2047 185 2109 eet,
214 2053 336 2110 corpora
350 2035 498 2096 oblivione
513 2033 680 2112 [corporum
693 2036 883 2114 oblivionem]
903 2037 1085 2098 deciderant:

41 2123 93 2178 red
106 2123 225 2198 potine,
240 2121 309 2196 quia
320 2121 519 2180 :demitterent
532 2119 602 2195 quid
614 2121 671 2176 cibi
684 2120 719 2178 ob
735 2139 769 2176 ec
784 2121 823 2176 ait
835 2123 1021 2192 premiorum,
1036 2125 1084 2197 qui

41 2208 193 2264 nemiuem
207 2205 300 2274 Iallit,
324 2205 374 2278 qui
389 2205 431 2260 cio
446 2203 582 2262 otiando
596 2204 766 2278 capillorum
779 2221 899 2260 auorum
911 2205 1086 2282 integritate

40 2291 234 2348 securitatem
247 2285 344 2358 dedit,
370 2287 620 2348 resurrectionem
634 2305 803 2360 corporum,
829 2288 861 2346 in
877 2288 982 2362 quibua
995 2291 1086 2348 inulta

40 2377 114 2432 dura
127 2371 263 2446 perperci
275 2380 360 2442 eunt,
374 2369 450 2436 nilril
462 2373 494 2428 in
509 2372 551 2430 eir
566 2372 692 2428 ulterius
708 2372 767 2428 tale
780 2373 912 2442 censuri,
937 2371 1084 2432 desidero-

40 2459 139 2516 biliter
154 2466 185 2512 et
197 2455 344 2528 patienter
357 2463 541 2530 exspectent.
573 2453 609 2512 Si
622 2456 701 2510 enirn
714 2472 832 2511 carnem
845 2472 927 2510 ιιιιιιιι
939 2471 1000 2514 non
1014 2455 1085 2512 ode-

39 2552 124 2614 rant,
153 2537 272 2614 qnando
286 2557 350 2596 earu
369 2557 441 2596 uuae
453 2539 547 2594 menti
560 2537 731 2594 infirmitate
747 2537 946 2606 rerirtentorn,
960 2539 1086 2610 spiritali

40 2629 106 2682 iure
120 2621 317 2694 comebant,
340 2631 451 2696 quanto
464 2621 559 2696 magio
573 2638 638 2676 eam
651 2618 779 2696 diligunt
793 2619 880 2676 etiarn
892 2619 986 2692 ipram
998 2621 1085 2692 epiri-

41 2701 288 2766 talemfuturaml
300 2703 476 2763 sicutenim
487 2705 607 2778 spiritua
614 2703 697 2760 carui
708 2703 840 2760 servient
847 2719 909 2758 nou
919 2701 1086 2779 incongrue

39 2793 183 2862 carnalia,
197 2791 243 2868 ita
254 2807 323 2847 caro
337 2789 455 2863 epiritui
468 2787 600 2844 cerviano
619 2793 701 2842 reete
720 2783 915 2860 appellabitur
933 2785 1085 2859 opiritalie,

39 2895 107 2934 non
134 2877 202 2949 quia
227 2875 261 2930 in
287 2875 424 2948 spiritum
450 2878 656 2944 convertetur,
681 2870 759 2926 oicut
778 2867 912 2929 nonnulli
929 2877 1034 2944 putant
1048 2887 1087 2926 cx

40 2980 77 3016 eo
98 2958 177 3035 quod
195 2959 338 3032 scriptum
363 2966 422 3028 eet,
449 2953 622 3014 Seminotur
643 2970 751 3033 corpote
774 2953 920 3026 unioculo,
945 2964 1086 3032 returgct

41 3060 153 3122 corpur
173 3041 333 3120 epiritole:
351 3039 403 3097 aed
416 3041 483 3116 quia
496 3040 613 3113 spiritui
624 3057 738 3096 tumme
751 3048 782 3094 et
795 3037 923 3094 mirabili
936 3037 1085 3112 obtempe-

39 3126 128 3185 randi
147 3126 291 3184 facilitate
309 3124 466 3194 subdetur,
491 3139 584 3197 neque
608 3120 645 3178 ad
669 3121 898 3178 immortalitatis
925 3119 1085 3180 iodioeolu-

40 3212 108 3268 bilis
131 3209 353 3270 securissimam
376 3209 575 3276 voluntatem,
601 3206 682 3262 omni
700 3206 853 3263 molcotiec
872 3223 978 3275 sensu,
1005 3205 1086 3262 omni

42 3293 292 3370 corruptibilitate
305 3301 336 3348 et
347 3291 484 3351 tarditate
498 3288 639 3346 detracta.
673 3287 741 3345 Non
754 3289 849 3345 colum
863 3289 942 3344 enim
955 3305 1016 3346 nor
1030 3288 1086 3343 orit

40 3381 115 3450 tole,
143 3378 232 3454 quale
247 3395 324 3433 nune
338 3385 383 3432 eat
395 3377 429 3432 in
442 3373 546 3450 querit
561 3375 669 3448 optime
680 3369 864 3442 valetudine;
891 3369 943 3426 aed
956 3385 1014 3426 nec
1027 3371 1086 3426 talc

41 3463 179 3538 quidem,
207 3463 292 3536 quale
310 3460 368 3518 tuit
384 3461 416 3516 in
435 3458 538 3532 primia
555 3455 722 3514 hominibus
739 3461 808 3509 ante
826 3461 986 3524 peccatum.
1030 3450 1087 3515 Qui

41 3549 112 3606 licet
126 3546 269 3604 morituri
281 3563 342 3600 non
356 3551 472 3614 errent,
491 3542 550 3597 nisi
562 3546 751 3615 peccassent3
780 3535 928 3592 alimentis
942 3542 1041 3590 tauron
1054 3541 1088 3590 ut

41 3630 177 3688 honrinee
190 3629 364 3700 utebantur,
378 3625 509 3684 nondum
521 3625 682 3698 spiritaIIa,
695 3619 748 3677 rad
761 3617 854 3675 adbuc
868 3615 1006 3672 animalia
1019 3633 1086 3672 cor-

42 3733 113 3790 pora
125 3725 250 3770 terrena
264 3721 425 3790 gententeo.
453 3711 534 3776 Quae
547 3709 618 3764 licet
634 3707 718 3768 aenio
733 3721 793 3760 non
805 3707 1041 3772 reteraooerent,
1055 3708 1088 3756 ut

43 3800 225 3858 necestitate
244 3797 475 3871 perducerentur
494 3791 533 3848 ad
543 3800 683 3862 mortem,
710 3784 777 3865 (qui
791 3793 885 3842 statue
900 3783 942 3842 cio
957 3783 992 3842 do
1004 3784 1086 3861 ligno

44 3886 138 3956 vitae,
168 3879 247 3958 quod
268 3882 301 3938 in
319 3880 415 3936 medio
432 3875 568 3956 paradino
588 3893 656 3932 curn
673 3870 887 4012 arbccre2retita
908 3868 1086 3937 simularat,

747 3974 762 4010 c
