2602 4416
223 233 263 292 28
441 224 538 284 DlVl
571 219 757 282 AVRElsll
770 219 1038 280 -AVGVSTlNl

224 380 333 439 Caesar
352 377 465 434 dixisse
484 375 595 446 fertur,
621 369 744 442 iuvidit3
770 379 839 443 aut,
857 380 891 427 ut
904 371 1016 447 aliquid
1028 390 1081 428 nes
1095 374 1195 430 mitius
1211 373 1243 430 di

226 479 344 533 camus,
371 455 508 517 erubuitl

577 553 700 612 CAP.
750 551 902 610 XXIV.

210 623 212 626 ¹
229 639 308 705 Quod
323 640 353 694 iss
372 655 404 691 eo
424 636 536 698 eistete,
556 651 610 702 qno
628 632 751 702 Regulos
769 632 871 686 Getone
882 633 1071 702 praestantior
1080 633 1153 706 fuit,
1172 637 1262 688 malta

530 703 618 773 nangis
637 703 772 757 emineant
787 700 949 756 Christiani.

290 796 404 854 Nolunt
416 801 514 849 autern
527 793 589 864 isti,
611 802 714 849 contra
728 811 801 868 quos
815 794 945 870 agimus,
965 801 999 848 ut
1013 801 1149 849 sanctum
1161 795 1265 850 virum

227 880 291 950 lob,
311 879 362 952 qui
374 885 435 932 tam
446 873 594 930 horrenda
608 877 684 933 mala
697 878 730 933 in
743 894 797 932 sua
811 894 901 933 carne
914 877 1029 949 perpeti
1042 877 1157 947 maluit,
1172 893 1265 950 quam

228 963 309 1017 illata
322 960 379 1016 sibi
391 967 485 1014 morte
499 959 634 1014 omuibus
649 976 750 1015 earerc
765 959 960 1032 cruciatibus;
983 960 1033 1016 vel
1045 961 1119 1014 alies
1139 967 1264 1014 sanctos

228 1060 266 1098 ex
278 1043 390 1098 nestris
408 1042 516 1096 litteris
535 1058 648 1098 summa
667 1044 845 1097 auctoritate
865 1043 1053 1114 celsissimis,
1079 1041 1195 1116 fideque
1214 1040 1265 1096 di-

229 1125 397 1203 gnissimis,
424 1125 476 1198 qui
498 1125 698 1198 captivitatem
715 1123 1004 1198 dominationemque
1025 1123 1156 1180 bostium
1168 1123 1268 1195 ferra,

228 1225 316 1282 quam
329 1207 386 1264 sibi
399 1225 502 1263 necem
514 1206 627 1262 inferre
638 1208 818 1277 maluerunt,
844 1204 950 1262 Catoni
963 1207 1180 1279 praeferamus:
1209 1206 1270 1262 sed

229 1306 268 1345 ex
278 1291 387 1346 litteris
403 1307 524 1361 corum,
550 1288 645 1345 eidem
656 1290 701 1344 illi
718 1287 819 1346 Marco
837 1287 944 1345 Catoni
964 1287 1097 1345 Marcum
1110 1287 1269 1366 Regulum

227 1372 438 1448 praeferamus.
481 1369 554 1430 Cato
574 1373 653 1428 enim
665 1389 817 1446 nunquam
830 1370 985 1428 Caesarem
1000 1371 1127 1441 vicerat,
1152 1372 1203 1426 cui
1216 1373 1271 1426 vi-

230 1463 296 1510 etus
309 1453 486 1530 dedignatus
501 1463 547 1510 cst
559 1455 677 1527 subiici,
705 1462 735 1510 et
747 1472 786 1510 ne
799 1454 1012 1524 subiiceretur,
1038 1469 1101 1507 ase
1119 1453 1185 1524 ipsc
1200 1455 1271 1508 ele-

228 1537 275 1614 git
294 1534 404 1591 occidi:
430 1533 564 1612 Regulus
587 1545 687 1592 autem
707 1534 824 1592 Poenos
848 1537 907 1592 iam
929 1535 1052 1605 vicerat,
1077 1535 1270 1610 imperioque

229 1616 365 1674 Romano
378 1614 530 1672 Romanus
543 1619 703 1690 imperator
715 1635 778 1673 non
793 1636 831 1672 ex
846 1617 959 1674 civibus
974 1615 1139 1687 dolendam,
1157 1616 1210 1672 sed
1225 1636 1270 1674 ex

228 1697 363 1755 hostibus
376 1697 552 1754 laudandam
563 1701 721 1756 victoriam
731 1708 947 1774 reportaverat:
976 1699 1011 1755 ab
1026 1700 1080 1771 eis,
1094 1707 1194 1756 tamen
1207 1719 1268 1774 po-

231 1789 295 1838 stca
307 1781 423 1853 victus,
447 1782 553 1836 maluit
565 1799 616 1837 eos
631 1781 710 1838 ierre
723 1781 896 1854 serviendo,
924 1800 1011 1857 quam
1033 1783 1075 1838 cis
1094 1800 1126 1837 se
1143 1782 1269 1838 auferre

229 1861 393 1920 moriendo.
424 1861 555 1921 Proinde
570 1867 700 1922 esrvavit
712 1873 744 1922 et
756 1865 810 1922 sub
824 1863 1116 1942 Carthaginiensium
1129 1864 1267 1922 domina-

229 1945 313 2001 tione
329 1947 517 2020 patientiam,
548 1955 579 2002 et
597 1948 630 2004 in
648 1947 849 2005 Romanorum
868 1947 1027 2004 dilectione
1050 1949 1264 2022 constantiam,

231 2046 287 2086 nco
306 2029 419 2085 vietum
437 2029 575 2086 auferens
596 2048 703 2106 corpus
723 2031 758 2088 ab
778 2030 929 2102 hostibus,
956 2049 1012 2086 neo
1032 2031 1177 2086 invictum
1195 2032 1267 2086 ani-

231 2127 312 2167 mum
331 2128 349 2166 a
367 2111 490 2169 civibus.
528 2111 591 2169 Nee
615 2112 694 2187 quod
718 2132 750 2169 se
774 2113 908 2170 occidere
929 2113 1044 2184 noluit,
1071 2113 1151 2169 vitae
1172 2109 1267 2170 huius

232 2209 331 2248 asncre
344 2193 426 2250 fecit.
470 2193 536 2251 Hoc
548 2195 700 2270 probavit,
727 2215 794 2253 cum
807 2213 896 2252 cause
913 2195 1051 2272 promissi
1068 2195 1200 2270 iurisque
1214 2196 1267 2252 iu-

231 2273 318 2330 randi
331 2274 369 2330 ad
382 2275 500 2332 eosdem
513 2275 625 2348 hostes,
652 2296 726 2353 quos
737 2280 858 2357 gravius
870 2281 902 2335 in
915 2287 1020 2334 senatu
1033 2278 1148 2349 verbis,
1174 2294 1267 2351 quam

230 2357 265 2413 iu
289 2357 367 2413 bello
393 2359 481 2414 armis
513 2356 686 2433 sffenderat,
716 2363 781 2417 sina
810 2363 871 2421 ulla
894 2361 1078 2417 dubitatione
1110 2361 1266 2417 remeavit.

231 2435 347 2496 Tantus
360 2440 461 2514 itaque
474 2448 554 2496 vitae
567 2439 655 2497 huius
670 2451 851 2514 contemtor,
874 2463 942 2499 cum
955 2443 1154 2500 saevientibus
1166 2441 1266 2498 hosti-

230 2520 286 2578 bus
298 2540 352 2596 per
364 2523 510 2597 quaslibet
532 2541 643 2597 poenas
665 2542 729 2581 eam
751 2524 857 2596 finire,
883 2543 971 2600 quarn
988 2543 1021 2580 sc
1040 2526 1102 2600 ipse
1114 2526 1265 2600 perimere

230 2603 351 2676 maluit,
377 2623 520 2682 magnum
540 2606 636 2661 scelus
657 2625 737 2678 esse,
764 2607 791 2663 si
810 2625 842 2663 se
859 2606 946 2664 homo
964 2609 1130 2677 interimat,
1157 2611 1267 2682 procul

231 2684 319 2743 dubio
333 2685 485 2744 iudicavit.
528 2685 610 2743 luter
623 2707 725 2745 omncs
740 2708 811 2746 suos
827 2689 990 2747 laudabiles
1008 2697 1039 2744 et
1055 2690 1202 2746 virtutum
1214 2691 1266 2746 in-

232 2769 369 2845 signibus
383 2770 514 2824 illustres
528 2769 610 2824 visos
624 2788 686 2826 uon
697 2771 855 2844 proferunt
861 2771 988 2830 Romani
998 2773 1161 2843 meliorem,
1175 2789 1268 2846 quem

231 2866 328 2922 neque
354 2849 482 2905 felicitas
510 2853 699 2925 corruperit,
734 2870 803 2909 nam
829 2855 862 2910 in
887 2863 971 2915 tanta
996 2855 1122 2912 viatoria
1150 2857 1267 2912 mansit

230 2931 452 3004 pauperrimus,·
482 2949 538 2988 nee
558 2933 717 2990 infelicitas
739 2935 880 3012 fregerit,
915 2953 984 2994 nam
1005 2936 1043 2993 ad
1064 2944 1146 2993 tanta
1168 2938 1269 2994 exitia

231 3011 356 3067 revertit
368 3012 543 3086 intrepidus.
587 3015 681 3071 Porro
701 3017 728 3072 si
746 3016 901 3075 fortissimi
914 3028 944 3076 et
960 3018 1189 3094 praeclarissimi
1201 3021 1268 3077 viri

231 3100 368 3148 terrenae
381 3096 495 3167 patriae
515 3095 702 3171 defensores,
729 3098 909 3175 deorumque
926 3103 997 3158 lieet
1014 3103 1172 3174 falsorum,
1198 3121 1268 3161 nou

230 3182 330 3232 tamen
343 3176 463 3233 faflaoes
478 3180 625 3251 cultores,
652 3180 705 3236 sed
717 3183 901 3239 veracissimi
915 3186 1005 3241 etiam
1017 3187 1183 3256 iuratores,
1211 3188 1267 3260 qui

230 3254 331 3314 hostes
345 3260 440 3316 victos
454 3280 536 3316 more
550 3280 584 3317 ac
598 3264 664 3318 iure
681 3263 751 3319 belli
764 3264 854 3320 ferire
871 3275 1050 3340 potueruut,
1074 3264 1106 3324 hi
1119 3268 1154 3324 ab
1166 3265 1267 3324 hosti-

230 3339 285 3396 bus
306 3342 379 3397 vieti
401 3361 433 3398 se
455 3344 536 3417 ipsos
559 3343 649 3400 ferire
673 3347 849 3419 noluerunt3
875 3359 905 3404 et
925 3368 992 3406 curn
1004 3359 1130 3407 mortem
1143 3351 1268 3408 minime

230 3421 441 3497 formidarent,
466 3427 595 3482 victores
612 3435 712 3484 tamen
735 3429 868 3486 dominos
891 3432 986 3502 ferre,
1018 3451 1106 3508 quam
1124 3451 1189 3490 eam
1208 3427 1268 3489 sibi

231 3505 343 3562 inferre
368 3509 550 3564 maluerunt:
583 3518 693 3582 quanto
721 3513 816 3589 magis
848 3511 1011 3570 Christiani
1035 3533 1140 3586 verum
1166 3514 1268 3572 Deum

232 3589 363 3644 colentes
390 3597 420 3643 et
445 3595 591 3662 supernae
613 3593 727 3664 patriae
752 3597 951 3668 suspirantes,
983 3597 1018 3653 ab
1046 3595 1104 3653 lroo
1130 3596 1268 3654 facinore

230 3671 449 3741 temperabunt,
477 3671 503 3725 si
518 3690 568 3727 eos
583 3672 684 3730 divina
696 3674 850 3750 dispositio
864 3680 912 3735 vel
922 3678 1090 3754 probandos
1103 3681 1152 3737 vel
1164 3699 1268 3737 emcn-

230 3747 341 3806 dandos
355 3752 393 3807 ad
411 3762 525 3827 tempus
543 3753 679 3812 hostibus
699 3759 919 3836 subiugavcrit;
943 3780 1018 3836 ques
1032 3764 1065 3819 iu
1079 3763 1131 3818 illa
1144 3761 1267 3820 humili-

230 3839 291 3886 tate
305 3850 364 3888 uon
379 3834 505 3908 deserit,
533 3838 584 3912 qui
603 3849 724 3914 propter
738 3860 788 3898 eos
808 3851 867 3898 tam
881 3841 1035 3900 humiliter
1049 3846 1133 3902 venit
1145 3845 1267 3902 Altissi-
