2586 4396
218 195 277 256 2³8
443 189 540 250 DIVI
560 133 750 248 nvuduss
781 185 1033 248 AVGVSTlNl

218 347 293 404 nalis
300 345 476 420 ,tripertita
483 339 592 400 divisio
604 350 665 412 est,
679 338 808 412 iudces,
825 337 973 412 homines,
986 337 1158 398 daemones.
1196 341 1254 401 Dii

217 430 448 486 excelsissimum
459 429 558 484 locum
570 435 690 496 tcneut,
709 422 841 480 homiues
854 424 1000 496 infimum,
1015 424 1171 482 daemones
1184 445 1253 484 mc-

216 513 303 570 dium.
346 511 422 570 Num
433 511 555 569 deorum
567 508 673 566 sedes
664 525 696 565 in
709 509 791 564 coelo
805 516 864 579 est,
886 507 1058 564 hominum
1049 527 1081 564 ιιι
1093 513 1228 583 terra,'
1216 530 1253 569 sn

217 602 285 654 atre
306 595 486 654 daemonum.
530 591 658 650 Sicut
632 611 675 648 ess
694 577 810 650 diversa
823 589 953 670 dignitas
973 601 1019 648 cst
1033 593 1180 665 locorum,
1205 595 1254 652 ita

217 681 306 738 ctiam
327 674 508 736 naturarum.
551 675 679 733 Proinde
691 675 733 732 dii
746 684 815 732 sunt
826 673 1254 753 hominibusdaemonibusque

215 765 360 840 potiones:
384 759 517 818 homines
531 779 602 818 vero
614 759 693 818 inire
706 759 776 816 deos
790 768 819 816 ct
832 757 986 818 daemones
1000 761 1154 816 constituti
1167 772 1253 834 sunt,
1281 791 1282 800 ι

215 856 251 904 ut
264 849 474 904 elementorum
487 844 606 916 ordine,
625 846 668 900 sic
682 841 847 900 differentia
859 843 1037 900 meritorum.
1080 843 1253 902 Daemones
1281 847 1282 922 J

215 933 308 1008 igitur
320 929 422 1000 medii,
446 927 686 1004 quemadmodum
697 926 755 984 diis
769 927 871 1003 quibus
884 926 1008 984 inferius
1021 925 1154 985 habitant
1166 938 1253 1003 post·
1281 943 1282 960 ¹

213 1011 359 1090 ponendi,
384 1014 427 1069 ita
451 1010 634 1084 hominibus,
661 1013 764 1086 quibus
784 1006 935 1084 superius,
960 1009 1144 1084 praeferendi
1168 1023 1252 1070 sunt.

213 1096 334 1154 Habent
351 1097 431 1155 enim
449 1113 516 1152 cum
532 1095 588 1152 diis
611 1113 794 1154 communem
809 1095 1063 1151 immortalitatem
1084 1103 1253 1170 corporum,

214 1183 380 1238 animorum
400 1188 584 1236 autemeam
606 1177 772 1236 hominibus
785 1179 946 1252 passiones.
991 1179 1173 1254 Quapropter
1186 1199 1253 1238 nou

214 1275 260 1322 est
272 1265 387 1334 mirum,
412 1264 564 1340 inquiunt,
579 1263 605 1319 si
619 1264 707 1318 etism
719 1263 853 1318 ludorum
866 1262 1115 1318 obscoenitatibus
1132 1271 1162 1318 et
1173 1281 1253 1336 poe-

213 1359 311 1406 tarum
322 1348 473 1426 figmentis
483 1345 930 1421 delcetanturpquandoquidcm
940 1355 970 1401 ct
979 1343 1112 1424 humenis
1126 1348 1254 1421 capiun-

213 1443 263 1488 tur.
274 1429 436 1500 affectibus,
450 1449 468 1487 a
480 1431 585 1506 quibus
596 1429 638 1484 dii
647 1431 740 1506 longe*
748 1429 857 1486 absunt
868 1437 898 1484 ct
909 1428 1003 1485 modis
1014 1429 1145 1486 ominibus
1157 1431 1255 1488 alieni

215 1525 293 1573 sunt.
336 1514 385 1572 Ex
398 1531 455 1588 quo
469 1514 634 1590 colligitur,
657 1511 812 1580 Platonem
824 1513 939 1591 poetiop¹
953 1511 1122 1571 detestando
1137 1522 1167 1569 et
1179 1531 1254 1588 pro·

214 1597 339 1656 hibendo
358 1597 517 1674 figmenta,
544 1613 605 1651 non
623 1593 709 1668 deos,
735 1597 786 1670 qui
802 1599 905 1652 omnes
919 1596 992 1653 boni
1004 1605 1034 1652 et
1046 1597 1155 1652 excelsi
1169 1607 1254 1670 sunt,

213 1684 344 1758 privasse
356 1681 492 1742 ludorum
505 1679 687 1748 scenicorum
699 1680 863 1754 voluptate,
891 1678 942 1736 sed
956 1679 1120 1736 daemones.

276 1763 397 1820 Haeo
373 1782 399 1818 ιι
411 1764 453 1818 ita
466 1772 552 1834 sunt,
577 1763 733 1836 quaelicet
745 1761 823 1838 apud
835 1763 908 1819 alios
923 1769 1036 1838 quoquc
1048 1764 1252 1838 reperiantur,

213 1849 353 1922 Apuleius
366 1857 465 1903 tamon
478 1844 647 1902 Platonicus
660 1844 877 1920 Madaurensis,
904 1846 940 1902 dc
957 1845 1011 1904 hac
1029 1866 1063 1904 rc
1081 1849 1143 1904 sola
1155 1867 1254 1924 ιιιιιιιιι

213 1933 332 2006 scripsit
343 1931 468 2002 librum,
482 1931 566 1986 cuius
579 1931 698 1986 titulum
710 1947 775 1984 esse
786 1931 898 2003 voluit
912 1929 948 1986 dc
962 1930 1015 1987 deo
1029 1928 1176 1990 Socratis:
1198 1919 1254 1992 ubi

214 2017 333 2072 disserit
346 2025 375 2072 ct
387 2015 520 2089 exponit,
534 2031 573 2070 ex
586 2031 644 2089 quo
657 2031 768 2093 genere
782 2015 934 2071 numinum
947 2033 1057 2088 numen
1070 2015 1127 2074 sibi
1139 2013 1253 2074 Socra-

214 2111 258 2156 tes
272 2098 396 2156 habehat
408 2095 578 2154 adiunctum
596 2101 627 2154 et
640 2098 773 2154 amicitia
790 2096 915 2174 quadam
931 2099 1134 2172 conciliatum,
1160 2118 1179 2156 a
1192 2119 1254 2176 quo

213 2181 383 2258 perhibetur-
401 2183 505 2237 solitus
519 2173 685 2254 admoneri,
711 2189 744 2237 ιιι
757 2178 912 2238 desisteret
924 2181 961 2238 ab
973 2181 1105 2263 agendo,
1132 2185 1255 2260 quendo

214 2267 246 2322 id
258 2265 336 2342 quod
348 2283 437 2363 agere
449 2263 580 2336 volebat,
604 2283 666 2322 non
677 2281 816 2363 prospere
830 2265 927 2322 fuerat
940 2270 1123 2344 eventurum.
1166 2267 1256 2326 Dicit

214 2352 294 2408 enim
320 2350 520 2424 apertissime,
547 2358 578 2405 ct
604 2349 804 2423 copiosissime
830 2351 949 2422 asserit,
975 2355 1037 2406 non
1054 2352 1137 2409 illum
1150 2350 1255 2424 Deum
1281 2375 1282 2378 ¹

214 2433 320 2506 finisse,
335 2433 386 2490 sed
399 2432 585 2504 daemonem,
605 2431 741 2512 diligenti
754 2431 953 2508 disputatione
965 2443 1148 2507 pertractans
1163 2437 1255 2493 istam

214 2515 347 2575 Platonis
366 2515 404 2572 de
423 2514 544 2574 deorum
562 2517 741 2573 sublimitate
754 2527 785 2572 ct
796 2515 947 2574 hominum
959 2517 1123 2588 humilitate
1136 2519 1255 2578 etdae-

213 2619 332 2660 monum
345 2599 502 2658 medietate
517 2602 702 2658 sententiam.
745 2599 828 2657 Haec
842 2617 914 2678 crgo
927 2603 953 2657 si
966 2603 1008 2658 ita
1020 2611 1106 2672 sunt,
1122 2621 1256 2678 quonam

213 2687 299 2744 modo
313 2703 400 2742 ausus
413 2693 459 2740 cst
469 2684 569 2757 Plato,
588 2686 676 2740 etiam
690 2685 717 2739 si
728 2703 790 2741 non
803 2684 877 2756 diis,
892 2701 965 2760 quos
978 2686 1013 2742 ab
1028 2685 1108 2742 omni
1121 2683 1257 2746 humana

214 2769 392 2848 contagione
411 2769 552 2836 semovit,
579 2776 659 2823 certe
672 2767 742 2842 ipsis
757 2766 961 2841 daemonibus,
986 2779 1087 2842 poetas
1099 2770 1172 2827 urbe
1186 2775 1255 2844 pel-

213 2853 318 2924 lendo,
333 2849 449 2907 auferre
461 2847 619 2906 theatricas
632 2851 814 2924 voluptates,
828 2852 886 2908 nisi
900 2855 968 2928 quia
981 2851 1036 2910 hoe
1047 2861 1132 2928 pacto
1145 2854 1255 2912 admo-

214 2938 280 2993 nuit
292 2936 421 2991 animum
428 2932 600 3003 humanum,
612 2936 743 3009 quamvis
756 2933 849 2992 adhue
861 2937 893 2992 in
905 2933 951 2992 his
961 2935 1142 2994 moribundis
1154 2957 1256 2996 mem-

214 3019 275 3076 bris
288 3015 430 3093 positum,
448 3015 500 3092 pro
515 3016 669 3090 splendore
681 3015 843 3076 honestatis
856 3021 968 3095 impura
982 3019 1155 3078 daemonum
1168 3025 1257 3082 iussa

216 3111 423 3174 contemnere,
447 3119 609 3177 ¹eorumque
623 3103 836 3160 iuununditiam
849 3099 1010 3160 detestari?
1035 3103 1111 3162 Nam
1124 3107 1150 3161 si
1163 3105 1257 3166 Plato

215 3185 287 3242 haec
301 3184 507 3242 honestissime
520 3187 620 3264 arguit
632 3196 662 3244 et
672 3185 833 3262 prohibuit,
859 3187 990 3262 profecto
1009 3187 1165 3245 daemones
1185 3199 1257 3248 tur-

215 3270 335 3346 pissime
350 3280 547 3344 poposcerunt
559 3281 647 3346 atquc
660 3272 816 3344 iusserunt.
859 3273 917 3329 Λιιι
930 3291 1001 3351 ergo
1015 3271 1132 3330 fallitur
1141 3273 1257 3350 Apule-

215 3355 278 3426 ius,
306 3363 336 3409 et
348 3373 409 3410 non
423 3373 463 3410 cx¹
475 3357 534 3411 isto
551 3373 660 3434 genere
673 3357 827 3412 numinum
840 3353 942 3412 habuit
954 3359 1079 3414 amicum
1093 3355 1259 3431 Socraten

216 3448 267 3494 aut
279 3441 429 3496 contrario
441 3440 519 3495 inter
533 3458 564 3495 se
577 3441 668 3495 sentit
681 3437 784 3510 Plato,
797 3438 883 3496 modo
897 3440 1052 3496 daemones
1065 3439 1259 3516 honorando,

216 3522 300 3578 modo
315 3539 415 3578 corum
429 3523 548 3580 delicias
570 3541 589 3578 a
612 3523 730 3578 civitate
748 3521 823 3578 bene
844 3533 958 3580 morata
978 3525 1176 3598 removendo;
1201 3539 1260 3585 aut

215 3623 276 3662 non
296 3615 341 3662 cst
358 3605 474 3662 Socrati
491 3606 622 3662 curicitia
641 3603 790 3662 daemonis
808 3605 997 3683 gratulanda,
1024 3607 1138 3684 deque
1157 3629 1260 3685 usque
1281 3629 1282 3642 ¹

216 3687 288 3746 adeo
303 3697 333 3744 et
345 3691 407 3764 ipse
420 3687 559 3763 Apuleius
573 3705 633 3744 non
652 3688 786 3760 crubuit,
812 3697 846 3745 ut
858 3689 894 3746 de
907 3689 961 3748 deo
975 3691 1106 3750 Socratis
1120 3710 1261 3766 pracno-
1281 3701 1282 3734 l

214 3782 290 3828 taret
303 3771 427 3843 librum,
454 3789 540 3846 quem
558 3768 719 3828 secuudum
738 3789 820 3827 suam
836 3771 1081 3849 disputationem,
1108 3794 1166 3851 qua
1182 3778 1261 3834 deos

213 3854 432 3912 aduensonibus
447 3863 506 3910 tam
519 3854 676 3932 diligenter
697 3857 872 3931 copioseque
893 3857 1048 3929 discernit,
1076 3877 1136 3916 non
1151 3865 1259 3935 appel·
1281 3867 1282 3902 i
