2530 4392
224 221 282 279 DE
305 219 524 281 ClVlTATE
546 223 627 282 DEl
649 223 727 282 [ΑΒ.
748 223 844 284 XXI.
981 232 1041 288 339

45 375 207 446 coniectores,
222 373 364 450 quomodo
378 393 416 431 ex
430 378 471 431 eis
485 377 547 434 sire
559 375 708 448 fallantur,
723 380 784 435 sire
797 381 940 440 instinctu
954 385 1041 458 spiri-

45 478 121 528 uum,
142 457 237 533 quibus
251 477 320 516 cura
338 469 383 515 est
399 462 451 516 tali
468 479 563 534 poena
582 461 688 538 dignos
702 464 814 520 animos
827 461 974 524 hominum
987 487 1040 525 no·

44 545 96 598 riae
108 543 275 600 curiositatis
289 543 401 600 retibus
417 545 576 620 implicare,
601 547 688 602 etiam
701 565 770 602 vcra
782 547 962 622 praedicant,
981 553 1042 608 sive

44 628 116 682 stulta
129 625 242 682 dicendo
255 628 410 702 aliqnando
424 630 455 685 in
475 628 586 704 aliquid
603 631 735 686 ueritatis
754 632 915 688 incurrant.
951 633 1043 690 Nobis

44 727 122 766 amen
133 712 184 766 ists
195 729 269 786 quac
280 713 362 767 velut
375 722 476 769 contra
488 722 623 770 naturam
635 713 726 784 liunt,
751 723 779 770 et
793 726 894 772 contra
909 727 1044 774 naturam

44 795 91 848 ieri
108 793 249 866 dicuntur,
273 796 345 870 (quo
358 815 440 852 more
457 794 605 854 hominum
624 799 762 874 loquutus
777 807 822 854 est
835 809 865 856 et
877 799 1044 876 Apostolus,

44 877 153 948 licendo,
171 887 271 935 contra
283 888 419 936 naturam
431 883 463 936 in
476 882 540 936 olea
553 883 674 938 insitum
687 884 844 938 oleastrum
858 883 965 942 factum
981 903 1044 941 esse

44 963 502 1043 torticipempinguedinis,olcae,)
524 973 715 1037 etmonstra,
742 974 873 1038 ostenta,
898 978 1044 1042 portenta,

44 1045 151 1124 rodigio
164 1055 384 1121 nuncupantur,
408 1045 464 1104 hoc
476 1059 641 1107 monstrare
661 1049 783 1120 debent,
808 1047 862 1105 hoc
880 1053 1044 1122 ostendere,

46 1131 70 1184 el
79 1129 304 1202 praeostendere,
318 1129 372 1187 hoc
385 1132 563 1206 praedicere,
578 1134 655 1208 quod
668 1134 798 1190 facturus
813 1135 853 1188 sit
865 1133 958 1206 Deus,
972 1155 1045 1211 quae

44 1214 232 1288 ecorporibus
245 1213 394 1270 hominum
408 1233 440 1271 se
458 1219 678 1292 praenuntiavit
698 1235 762 1272 esse
780 1216 939 1290 facturrum,
967 1221 1046 1275 nulla

44 1296 190 1370 npediente
204 1296 382 1370 diliicultatc,
396 1301 476 1356 nulla
489 1301 708 1373 praescribente
722 1302 787 1378 lege
801 1309 933 1358 naturae.
965 1304 1045 1368 Quo-

44 1381 105 1436 rodo
118 1391 208 1438 autem
222 1383 490 1455 praenuntiaverit,
505 1388 576 1440 satis
596 1388 628 1442 in
647 1386 722 1441 libro
742 1386 891 1458 superiore
911 1385 1046 1442 docuisse

44 1483 65 1520 re
80 1467 220 1537 existimo,
240 1465 420 1541 decerpendo
435 1467 470 1523 de
484 1467 645 1543 Scripturis
659 1469 769 1525 sanctis
784 1477 812 1524 et
824 1470 908 1525 noris
924 1479 954 1525 et
966 1479 1047 1525 rete-

44 1550 110 1621 ltus,
123 1567 180 1606 non
193 1549 309 1625 quidem
322 1553 419 1607 omnia
433 1553 469 1608 ad
482 1551 536 1610 lroc
548 1555 743 1628 pertinentia,
765 1553 815 1608 sed
827 1571 902 1628 quae
915 1552 1046 1610 sufficere

44 1635 88 1689 uic
102 1632 187 1708 Operi
201 1633 338 1692 iudicari.

408 1787 530 1845 CAP.
574 1789 640 1847 lx.

167 1881 210 1936 De
217 1884 352 1954 gedeona,
363 1895 390 1936 et
399 1895 572 1940 aeternarum
581 1889 715 1964 qualitate
721 1901 880 1954 poenarum.

80 1973 160 2040 Quod
174 1975 266 2052 igitur
280 1973 315 2029 dc
328 1977 505 2050 sempiterno
525 1977 667 2049 supplicio
682 1976 884 2031 damnatorum
898 1991 1047 2048 persuum

43 2056 186 2131 rophetam
200 2057 281 2114 Deus
296 2058 381 2128 dixit,
396 2058 456 2129 liet,
470 2061 589 2114 omnino
602 2059 667 2114 fiet:
685 2061 793 2115 uer-ntis
808 2076 907 2114 eorum
921 2075 976 2111 uon
989 2075 1048 2113 rno-

43 2147 120 2210 'etur,
135 2152 165 2199 et
177 2143 256 2218 iguis
269 2159 367 2198 eorum
380 2159 437 2197 non
448 2144 662 2217 exstinguetur.
676 2141 720 2196 Ad
733 2139 787 2196 hoe
802 2141 879 2195 enirn
892 2136 1048 2215 vehemen3

43 2244 71 2282 us
85 2224 355 2296 commendandum,
370 2226 458 2280 etiam
471 2223 615 2281 Dominus
630 2223 730 2303 lessu,
754 2243 820 2280 cum
832 2220 961 2278 membra
974 2241 1048 2297 quae

43 2311 160 2366 rminem
183 2308 382 2366 scandalizant
404 2327 456 2384 pro
480 2307 526 2364 his
550 2306 714 2364 hominibus
734 2305 892 2384 {omnibus}
914 2315 1047 2381 poneret,

43 2412 85 2451 ros
99 2404 133 2450 ut
146 2411 199 2449 sua
212 2394 340 2449 membra
355 2393 458 2450 dextra
472 2395 537 2467 quis
552 2391 665 2468 diligit,
685 2409 777 2466 eaque
795 2393 975 2466 praeciperet
988 2409 1048 2446 am-

43 2479 123 2534 :tcrir
138 2476 252 2534 Bonum
267 2487 322 2546 est,
334 2479 442 2552 inquit,
456 2477 513 2533 tidi
526 2476 646 2532 debilem
660 2478 787 2532 introire
800 2477 830 2530 in
843 2476 947 2545 uitam,
962 2493 1048 2550 quum

43 2579 85 2618 rus
99 2577 206 2617 munus
220 2559 372 2617 laedentem
385 2563 431 2618 ire
444 2563 473 2616 in
486 2557 665 2635 geliennam,
692 2561 723 2614 in
741 2561 837 2633 ignem
851 2559 1049 2632 inexstingui-

43 2647 111 2714 lem,
139 2644 192 2701 ubi
207 2645 315 2700 vermis
328 2661 426 2700 cerum
444 2663 500 2700 non
514 2643 655 2712 moritur,
682 2653 712 2698 et
725 2643 803 2718 ignis
817 2659 915 2698 eorum
928 2659 983 2696 non
997 2659 1048 2696 ex-

43 2730 191 2804 inguitur.
216 2724 359 2782 Similiter
372 2725 407 2781 de
419 2726 505 2801 pede:
526 2723 638 2782 Bonum
652 2735 698 2782 est
712 2725 777 2795 lidi,
791 2724 898 2799 inquit,
913 2723 1049 2781 claudum

43 2814 138 2868 troire
153 2811 185 2864 in
198 2811 291 2866 vitum
303 2820 466 2880 ueternum,
480 2829 566 2888 quum
578 2809 648 2866 duos
654 2809 747 2886 pedes
760 2807 911 2864 ludentem
925 2809 1007 2864 mtttt
1018 2809 1049 2864 in

43 2895 174 2952 hennam
186 2895 265 2969 ignis
279 2894 538 2972 inexstinguibilis,
552 2893 602 2950 udi
612 2895 720 2950 vermis
735 2911 832 2950 eorum
842 2910 897 2947 uon
911 2892 1048 2961 moritur,

45 2978 131 3054 ignis
146 2995 205 3034 non
219 2980 429 3055 exstinguitur.
444 2978 509 3036 Non
523 2979 609 3034 aliter
622 2978 663 3032 ait
676 2986 706 3032 et
719 2977 754 3032 de
768 2977 864 3032 oculo:
878 2973 991 3032 Bonum
1004 2985 1050 3032 est

43 3065 61 3118 i
75 3061 195 3119 luscum
208 3063 335 3120 introire
348 3064 378 3119 in
391 3083 514 3139 regnum
528 3061 604 3131 Dei,
632 3079 718 3138 quum
738 3061 809 3117 duos
823 3059 919 3116 oculos
939 3057 1048 3116 duden-

43 3166 62 3201 n
77 3148 167 3203 mitti
180 3148 211 3202 in
223 3144 385 3222 geliennam
398 3149 488 3223 ignis,
502 3147 553 3202 udi
563 3147 672 3203 veronis
686 3163 784 3201 eorum
798 3161 854 3200 non
867 3145 1005 3212 moritur,
1019 3153 1048 3199 et

43 3231 85 3284 ais
100 3249 161 3286 non
177 3231 388 3304 exstinguitur.
424 3228 489 3283 Non
504 3245 570 3282 eum
587 3228 682 3302 piguit
694 3243 752 3281 uno
765 3227 830 3281 loco
844 3225 947 3280 eadem
959 3224 1049 3280 verba

43 3330 49 3344 ¹
64 3312 184 3370 dicere:
199 3329 283 3388 quem
293 3329 351 3366 non
362 3321 472 3368 terreat
481 3312 536 3366 ista
548 3309 694 3383 repetitio,
709 3318 739 3363 et
749 3309 829 3363 illius
842 3323 955 3379 poenae
969 3307 1048 3362 com'-

43 3399 131 3453 natio
147 3406 211 3452 tam
227 3393 381 3451 vehemens
396 3412 447 3449 ore
461 3389 578 3450 divinoi

66 3479 240 3555 Vtrumque
254 3488 348 3534 autem
362 3476 475 3548 horum,
494 3479 593 3554 ignem
607 3475 718 3530 seilicet
731 3481 817 3547 atque
829 3491 972 3545 vermem,
999 3473 1050 3548 qui

43 3567 112 3620 lunt
126 3563 167 3620 ad
182 3563 272 3620 animi
284 3580 403 3637 poenas,
418 3580 478 3617 non
490 3561 526 3618 ad
536 3559 664 3634 corporis
674 3558 832 3631 pertinere,
846 3553 948 3612 dicunt
962 3557 1050 3612 etiam

43 3652 47 3704 i
75 3647 189 3704 dolore
212 3647 302 3702 animi
326 3663 391 3701 sero
416 3654 503 3720 atque
524 3643 709 3701 infructuose
726 3640 905 3714 poenitentis
926 3658 975 3696 eos
999 3642 1050 3715 qui

43 3733 122 3788 erint
141 3747 162 3786 a
180 3749 274 3808 regno
293 3728 350 3786 Dei
369 3731 507 3803 separati:
534 3737 563 3784 et
584 3725 650 3781 ideo
673 3727 773 3802 ignem
795 3741 849 3798 pro
872 3725 929 3780 isto
949 3723 1050 3782 dolore

43 3825 113 3872 ente
134 3833 202 3871 ιιοιι
223 3815 385 3890 incongrue
407 3813 476 3885 poni
498 3812 631 3888 potuisse
654 3807 848 3865 contendunt:
880 3808 956 3864 unde
979 3808 1050 3864 illud

45 3900 146 3956 ostoli
169 3907 230 3968 est,
259 3894 333 3967 Quis
345 3897 587 3969 scandalizatur,
610 3903 639 3952 et
659 3911 780 4035 egangn
799 3890 890 3950 uror?
917 3891 1049 3950 Eundem
