2602 4416
227 249 270 309 aa
454 244 552 304 nrvr
577 221 763 303 aventii
787 242 1041 302 nvovsrrsr

228 393 301 456 bilia
316 408 386 456 sunt
400 399 515 457 iudicio
536 399 614 465 cias,
642 402 672 450 et
692 393 914 468 investigabiles
934 397 1092 452 nicecius.
1136 395 1259 455 Verum-

229 491 328 537 tamen
349 483 532 560 interrogate
553 477 679 534 fideliter
701 478 813 532 animas
836 485 962 548 vestras,
987 479 1124 535 neforto
1146 479 1182 534 de
1202 482 1259 538 isto

229 565 411 642 integritatis
436 575 466 621 et
489 560 690 618 continentiae
712 562 760 616 vel
781 557 1040 632 pudicitiaebono
1059 580 1111 619 vos
1124 560 1259 620 inflatius

230 649 397 719 extulistis,
424 656 454 702 ct
465 643 601 701 humanis
613 641 749 700 laudibus
763 640 924 699 delectatae
936 644 968 699 in
980 641 1037 700 hoc
1051 647 1140 702 etiam
1152 647 1259 721 aliqui-

229 730 284 788 bus
298 730 457 787 invidistis.
501 726 570 784 Non
583 743 691 782 accuso
707 724 784 801 quod
798 727 917 798 nescio,
944 743 999 783 nec
1012 727 1100 784 audio
1115 727 1193 804 qnod
1205 747 1258 786 ro-

228 807 1259 888 bissinterrogatacordavestrarespondent.Tamcnsiitaeserespon-

229 894 343 964 derint,
369 895 463 949 nolito
481 895 583 950 mirari
602 891 659 948 hoc
671 911 725 949 ros
743 894 894 965 amisisse,
919 893 998 950 unde
1017 892 1185 952 hominibus
1197 897 1261 968 pla·

230 995 299 1032 cere
313 977 474 1053 gestiistis3
499 977 573 1032 illud
585 975 669 1034 vobis
688 977 884 1046 remansisse,
911 977 989 1051 quod
1003 976 1119 1034 ostendi
1131 976 1260 1034 homini-

228 1059 282 1114 bus
307 1077 369 1116 non
394 1067 501 1133 potest.
542 1058 576 1117 si
600 1059 790 1132 peccantibus
817 1077 879 1114 non
903 1061 1114 1132 consensistis,
1141 1061 1283 1117 divinae.

228 1143 354 1218 gratiae,
380 1161 419 1199 ne
441 1145 643 1213 amitteretur,
672 1141 805 1197 divinum
823 1143 949 1196 accessit
970 1143 1129 1215 auxilium3
1155 1141 1261 1198 huma-

228 1241 285 1280 nae
308 1227 440 1302 gloriae,
467 1245 505 1282 ne
526 1233 690 1294 amaretur,
714 1221 874 1280 humanum
898 1226 1042 1280 successit
1061 1227 1262 1297 opprobrium.

228 1305 263 1362 ln
287 1317 415 1384 utroque
441 1307 641 1366 consolameni
659 1306 878 1383 pusillanimes3¹
902 1307 985 1362 illinc
1006 1307 1163 1380 probatae,
1190 1305 1264 1363 hine

229 1392 412 1468 castigatae3
446 1394 529 1448 illinc
559 1389 756 1458 iustificatae,
787 1385 858 1442 hinc
890 1387 1070 1444 emendatae.
1127 1391 1266 1454 Quarum

228 1491 299 1528 vero
315 1474 403 1528 corda
422 1477 607 1550 interrogata
624 1469 820 1544 respondent,
846 1486 998 1543 nunquam
1010 1489 1042 1526 se
1058 1470 1184 1529 debono
1197 1474 1264 1527 vir-

228 1555 363 1630 ginitatis
375 1558 424 1611 rel
435 1555 589 1612 viduitatis
602 1555 650 1610 vel
664 1553 829 1628 coniugalis
842 1551 1003 1625 pudicitiae
1016 1553 1194 1626 superbisse,
1210 1555 1266 1610 sed

227 1633 386 1691 humilibus
401 1634 615 1692 consentiendo
635 1633 671 1688 de
689 1633 767 1689 dono
781 1629 840 1688 Dei
858 1653 924 1690 eum
938 1643 1066 1690 tremore
1081 1625 1264 1708 exsultasse,

228 1736 284 1774 nec
297 1717 440 1774 invidisse
459 1719 597 1791 cuiquam
613 1717 692 1790 paris
711 1716 919 1772 excellentiam
937 1719 1102 1773 sanctitatis
1123 1725 1153 1772 et
1171 1723 1264 1780 casti-

228 1802 311 1871 tatis,
330 1800 382 1856 sed
400 1799 528 1856 humana
540 1799 627 1856 lande
639 1800 821 1872 postposita,
848 1817 925 1874 quae
940 1807 1024 1856 tanto
1043 1801 1138 1856 maior
1151 1799 1266 1858 deferri

228 1884 320 1954 solet,
347 1892 460 1958 quanto
481 1891 526 1939 est
543 1884 654 1939 bonum
670 1883 768 1938 rarius
782 1881 861 1956 quod
875 1883 970 1960 exigit
982 1881 1115 1954 laudern,
1144 1893 1264 1956 optasse

227 1967 327 2039 potins
354 1975 388 2022 ut
414 1985 516 2023 earum
531 1967 654 2040 amplior
680 1975 821 2023 numerus
838 1973 930 2036 esset,
958 1982 1046 2040 quam
1071 1974 1105 2022 ut
1128 1966 1208 2038 ipsae
1230 1969 1264 2023 in

227 2050 377 2120 paucitate
391 2051 514 2124 amplius
534 2050 713 2105 eminerent:
740 2066 795 2104 neo
809 2049 901 2118 istae,
928 2065 1003 2122 quae
1023 2050 1097 2104 tales
1120 2057 1207 2119 sunt,
1237 2051 1264 2104 si

228 2148 330 2188 earum
344 2151 461 2208 quoquc
475 2134 587 2208 aliquas
599 2131 753 2187 barbarica
766 2129 856 2186 libido
871 2133 1061 2203 compressit,
1087 2131 1265 2206 permissum

228 2211 284 2268 hoc
305 2232 370 2270 esse
389 2224 565 2286 causentur·;
592 2233 647 2270 nee
669 2213 735 2269 ideo
760 2211 882 2270 credant
904 2212 1002 2269 Deum
1018 2215 1076 2268 ista
1095 2215 1263 2290 negligere,

138 2349 141 2354 .
228 2296 298 2368 quia
311 2299 456 2368 permittit
469 2297 548 2372 quod
560 2315 647 2352 nemo
666 2297 785 2369 impune
805 2296 969 2351 committit.
1014 2295 1164 2362 Quaedam
1181 2298 1262 2352 enim

227 2379 310 2433 velut
321 2379 452 2452 pondera
465 2381 608 2435 malarum
622 2378 830 2452 cupiditatum,
850 2387 881 2433 ct
893 2395 946 2451 per
959 2381 1108 2436 oecultum
1119 2397 1263 2452 praesens

228 2458 362 2517 divinum
375 2461 518 2520 indicium
536 2463 725 2532 relaxantur,
753 2469 784 2516 et
800 2461 957 2516 manifesto
978 2463 1081 2518 ultimo
1100 2479 1262 2517 reservan-

227 2551 286 2598 tur.
330 2544 478 2600 Fortassis
492 2554 591 2602 autem
603 2545 696 2616 istae,
718 2561 793 2618 quae
806 2543 881 2598 bene
895 2544 951 2598 sibi
965 2552 1035 2600 sunt
1048 2545 1186 2599 consciae
1199 2562 1264 2600 non

229 2643 261 2680 se
274 2645 312 2682 cx
326 2629 385 2682 isto
400 2629 545 2684 castitatis
559 2629 638 2684 bono
652 2645 704 2682 cor
717 2623 853 2682 inflatum
866 2627 1025 2698 extulisse,
1047 2634 1187 2682 ettamen
1200 2629 1264 2684 vim

227 2706 366 2766 hostilem
390 2713 424 2766 in
450 2729 539 2768 carne
564 2727 722 2782 perpessae
747 2717 828 2779 runt,
855 2706 1002 2764 habebant
1017 2707 1128 2782 aliquid
1141 2711 1264 2766 latentis

227 2791 420 2862 infirmitatis,
445 2811 521 2865 quae
534 2799 636 2864 posset
650 2792 682 2846 in
696 2791 850 2864 superbiae
864 2790 984 2862 fastum,
1011 2793 1038 2846 si
1050 2789 1125 2847 hanc
1140 2789 1263 2848 humili-

228 2880 320 2927 tatem
332 2875 364 2928 in
383 2875 551 2928 vastatione
564 2874 615 2927 illa
634 2875 813 2942 evasissent,
839 2868 953 2928 extolli.
996 2872 1082 2930 Sicut
1101 2892 1172 2950 ergo
1193 2877 1264 2948 qui-

229 2953 295 3009 dam
307 2962 402 3010 morte
415 2957 493 3027 rapti
506 2963 591 3024 sunt,
618 2973 656 3009 ne
667 2956 780 3009 malitia
793 2962 921 3010 mutaret
939 2957 1121 3012 intellectum
1139 2973 1264 3029 eorum3

228 3037 271 3090 ita
285 3035 423 3110 quiddam
434 3037 469 3092 ab
481 3038 547 3092 istis
560 3037 592 3093 ri
604 3045 720 3110 raptum
733 3045 789 3110 est,
809 3055 847 3092 ne
859 3041 1039 3112 prosperitas
1054 3047 1182 3095 mutaret
1195 3057 1264 3094 mo-

229 3117 354 3175 destiam
373 3137 483 3175 earum.
533 3117 672 3196 Vtrisque
692 3121 801 3197 igitur,
828 3138 904 3194 quae
925 3121 960 3176 dc
978 3140 1067 3178 carne
1085 3140 1154 3192 sua,
1181 3123 1265 3196 quod

228 3209 345 3274 turpem
358 3203 468 3258 nullius
483 3211 583 3258 essent
600 3220 740 3277 perpessa
759 3211 942 3275 contactum,
968 3207 1017 3260 vel
1034 3206 1093 3261 iam
1106 3205 1263 3278 superbie-

148 3352 160 3362 ..
227 3283 314 3355 bant,
338 3286 386 3340 vel
399 3285 566 3359 superbire,
592 3287 619 3340 si
632 3305 687 3342 nce
707 3284 838 3342 hostium
856 3287 1000 3342 violentia
1014 3296 1199 3344 contrectata
1213 3306 1263 3343 es-

227 3375 289 3438 set,
313 3367 440 3432 forsitan
468 3377 624 3441 poterant,
645 3371 817 3426 nomablata
831 3377 876 3424 ιιι
889 3371 1021 3440 castitas,
1044 3369 1096 3425 sed
1109 3368 1264 3426 humilitas

226 3467 384 3522 persuasa:
411 3452 528 3507 illarum
540 3452 651 3506 tumori
669 3469 844 3508 succursum
862 3461 908 3506 est
925 3453 1112 3522 immanenti,
1134 3453 1265 3508 istarum

227 3549 384 3588 occursum
398 3541 443 3588 cst
455 3534 631 3606 imminenti.
852 3529 883 3609 (i
895 3533 929 3588 cl
943 3532 1048 3590 CAPV
1049 3533 1077 3591 Τ
1087 3531 1264 3610 XXVIII.)

291 3617 467 3689 Quanquam
489 3623 519 3668 et
537 3613 611 3670 illud
634 3615 756 3670 nonsit
777 3615 951 3687 tacendum,
979 3615 1058 3690 quod
1084 3616 1264 3690 quibusdam

226 3713 301 3769 quae
314 3698 372 3750 ista
384 3713 542 3770 perpessae
555 3704 636 3766 sunt,
662 3698 761 3768 potuit
773 3696 869 3753 videri
884 3699 1087 3755 continentiae
1100 3699 1216 3755 bonum
1232 3702 1264 3756 in

225 3777 311 3830 bonis
327 3779 533 3850 corporalibus
554 3777 766 3850 deputandum:
794 3787 825 3833 et
842 3787 915 3834 tunc
935 3798 1072 3852 manere,
1103 3783 1129 3836 ιί
1148 3784 1266 3838 nullius

225 3855 347 3913 libidine
361 3877 468 3931 corpus
482 3868 707 3930 attrectaretur;
731 3878 792 3916 non
805 3869 904 3918 autem
918 3879 983 3918 esse
1001 3865 1131 3938 positum
1145 3865 1178 3919 in
1198 3867 1266 3920 solo
