2592 4396
212 180 253 234 24
441 163 543 223 DlVl
564 159 752 221 AVRELll
773 155 1028 216 AVGVSTlNl

213 344 284 386 vero
298 341 357 380 non
369 318 486 375 habent.
530 316 603 382 Quis
619 314 697 370 enim
709 311 795 369 facile
807 311 931 387 dixerit,
945 309 1015 385 quid
1027 319 1147 366 vocetur
1160 311 1242 369 libido
1260 290 1261 352 l

213 404 397 474 dominandi,
423 419 508 475 quam
527 407 624 454 tamen
644 398 801 471 plurimum
818 396 916 452 valere
928 394 961 450 iu
974 402 1168 469 tyrannorum
1184 398 1242 452 ani·
1261 384 1262 448 l

212 494 285 558 mis,
305 489 393 545 etiam
406 485 505 541 civilia
517 481 593 538 bella
606 475 770 537 testanturl
1262 478 1263 546 l

212 703 256 756 De
267 700 386 756 libidinis
396 701 479 759 molo,
500 695 576 748 cuius
587 711 681 747 nomen
695 711 776 763 quom
786 692 878 745 multis
887 692 962 744 vitiis
974 703 1124 761 congruat,
1140 698 1244 762 proprie
1264 685 1265 688 ¹

388 777 478 820 tamen
491 765 608 817 moribus
619 764 752 816 obscoenis
765 763 885 832 corporis
900 762 1076 814 adscribitur.
1265 760 1266 766 ’

278 861 372 926 Quum
390 857 484 934 igitur
503 856 563 910 sint
583 855 739 910 multarum
758 852 894 909 libidines
914 870 1028 921 rerum,
1050 861 1148 908 tamen
1163 871 1244 927 quum

214 945 303 1002 libido
317 941 442 1014 dicitur²
454 956 508 994 nec
525 939 609 994 cuius
624 937 669 993 rei
682 935 770 992 libido
784 937 824 991 sit
837 935 971 1004 additur,
995 953 1055 991 non
1070 934 1132 990 fere
1143 939 1245 991 assolet

214 1029 312 1085 animo
327 1041 480 1080 occurrere
500 1023 559 1076 nisi
576 1022 643 1089 illa,
668 1038 726 1094 qua
739 1019 903 1075 obscoenae
916 1019 1045 1092 corporis
1057 1028 1155 1092 partes
1170 1021 1245 1074 exci-

213 1119 323 1167 tantur.
367 1105 448 1162 Haec
463 1114 560 1160 autem
573 1104 629 1160 sibi
643 1122 703 1158 non
717 1105 811 1158 solum
824 1111 918 1158 totum
938 1119 1058 1174 corpus,
1085 1119 1140 1157 nee
1159 1104 1246 1158 solum

215 1194 413 1260 extrinsecus,
426 1207 530 1244 verum
544 1190 632 1243 etiam
645 1187 825 1243 intrinsecus
838 1185 985 1255 vindicat,
1006 1193 1159 1260 totumque
1173 1205 1246 1241 com-

213 1284 312 1333 movet
327 1273 475 1330 homiuem
493 1273 584 1327 animi
602 1271 690 1326 simul
708 1267 812 1326 affectu
831 1287 896 1324 cum
916 1269 1013 1324 carnis
1032 1269 1162 1342 appetitu
1180 1287 1247 1324 con-

214 1363 315 1416 iuncto
331 1367 418 1432 atque
433 1356 597 1429 permixto,
624 1363 658 1410 ut
671 1371 706 1410 ea
718 1355 852 1426 voluptas
867 1360 1022 1426 sequatur,
1045 1369 1102 1425 qua
1114 1351 1206 1407 maior
1220 1355 1249 1408 in

214 1443 346 1516 eorporis
359 1438 557 1512 voluptatibus
570 1439 651 1493 nulla
667 1445 729 1493 est:
756 1438 798 1492 ita
813 1444 847 1490 ut
858 1443 1008 1490 momento
1022 1435 1086 1508 ipso
1100 1437 1249 1509 temporis,

214 1544 271 1600 quo
295 1523 413 1578 adeius
434 1523 606 1594 pervenitur
627 1529 805 1590 extremum,
831 1536 906 1592 pene
920 1519 1014 1573 omnis
1028 1519 1105 1572 acies
1120 1528 1150 1572 et
1170 1521 1251 1593 quasi

215 1606 318 1684 vigilia
337 1603 524 1680 cogitationis
545 1601 694 1659 obruatur.
738 1603 810 1669 Quis
835 1610 931 1658 autem
956 1602 1065 1656 amicus
1092 1601 1251 1675 sapientiae

216 1696 443 1760 sanctorumque
455 1685 647 1761 gaudiorum,
671 1687 857 1764 coniugalem
870 1702 961 1762 agens
975 1685 1082 1755 vitam,
1097 1683 1165 1755 sed,
1179 1687 1252 1740 sicut

214 1771 372 1845 Apostolus
386 1769 511 1836 monuit,
525 1770 621 1824 sciens
634 1785 689 1825 vos
704 1785 788 1825 soum
795 1768 955 1846 possidere
969 1769 1000 1824 in
1013 1767 1252 1838 sanctificatione

216 1852 383 1920 ethonore,
409 1868 466 1906 non
484 1851 514 1906 in
528 1850 625 1907 morbo
640 1852 804 1921 desiderii,
830 1853 909 1908 sicut
922 1861 952 1906 ot
964 1860 1068 1926 gentes
1083 1868 1158 1926 quoe
1172 1853 1252 1927 igno-

214 1946 288 1993 rant
301 1933 411 2003 Deum,
438 1952 499 1989 non
511 1935 626 2005 mullet,
645 1935 672 1990 si
685 1944 800 2008 posset,
815 1937 879 1990 sine
893 1932 946 1990 hae
959 1932 1081 1989 libidine
1094 1932 1171 1990 lilios
1186 1953 1251 2008 pro·

214 2033 331 2088 creare3
359 2025 393 2072 ut
406 2018 494 2072 etiam
507 2018 540 2072 in
553 2015 608 2073 hoe
622 2017 764 2073 serendae
778 2019 869 2092 prolis
883 2016 994 2088 officio,
1021 2018 1064 2072 sie
1083 2018 1145 2071 eius
1164 2019 1254 2073 menti
1279 2076 1280 2082 ,

215 2119 339 2178 eaquae
357 2099 394 2156 ad
410 2099 466 2156 hoc
486 2119 557 2172 opus
578 2111 676 2158 creata
696 2111 779 2172 sunt,
805 2099 1044 2176 quemadmodum
1060 2109 1179 2156 caetera
1195 2103 1253 2156 suis

214 2203 346 2261 quaeque
361 2184 496 2257 operibus
512 2183 670 2241 distributa
683 2185 812 2241 membra
825 2185 988 2255 servirent,
1007 2192 1079 2240 nutu
1092 2185 1254 2240 voluntatis

214 2279 295 2339 acta,
309 2287 369 2323 uon
382 2277 466 2323 aestu
479 2267 609 2322 libidinis
623 2263 766 2324 incitatai
793 2265 853 2324 Sed
866 2285 961 2342 neque
972 2269 1028 2342 ipsi
1041 2275 1187 2323 amatores
1201 2266 1254 2323 hu-

214 2355 262 2407 ius
275 2351 450 2423 voluptatis,
465 2351 528 2406 sire
541 2349 577 2405 ad
590 2352 761 2406 concubitus
775 2351 955 2427 coniugales,
970 2352 1032 2406 sive
1046 2350 1082 2404 ad
1095 2350 1254 2406 immundi-

214 2437 271 2490 tias
285 2431 480 2510 flagitiorum,
505 2451 594 2507 quum
607 2435 757 2490 voluerint
769 2443 1004 2490 commoventur:
1031 2431 1081 2488 sed
1094 2432 1254 2508 aliquando

213 2526 310 2574 motus
325 2518 375 2572 ille
389 2519 575 2592 importunus
590 2527 635 2572 est
648 2518 728 2572 nullo
741 2525 897 2592 poscente,
921 2515 1075 2592 aliquando
1089 2526 1192 2572 autem
1206 2518 1255 2572 de·

215 2601 312 2656 stituit
324 2598 501 2671 inhiantem,
516 2609 546 2655 et
556 2617 644 2675 quum
655 2602 686 2656 in
697 2601 794 2656 animo
808 2601 1045 2675 concupiscentia
1059 2599 1187 2673 ferveat,
1202 2601 1257 2656 iri·-

214 2695 266 2762 get
278 2687 310 2740 in
329 2702 463 2759 corpore:
490 2693 578 2757 atque
600 2685 639 2738 ita
658 2685 766 2739 mirum
784 2685 815 2739 in
833 2683 949 2738 modum
969 2702 1028 2738 non
1047 2685 1141 2738 solum
1161 2703 1257 2761 gene-

214 2766 300 2823 randi
313 2767 468 2836 voluntati,
481 2767 684 2821 verumetiam
697 2764 869 2824 lasciviendi
882 2767 997 2822 libidini
1010 2765 1099 2822 libido
1114 2785 1177 2822 non
1193 2786 1257 2822 ser-

213 2851 273 2919 vit,
298 2859 327 2903 et
340 2866 427 2921 quum
442 2856 505 2902 tota
519 2848 689 2922 plerumque
702 2852 794 2906 menti
809 2848 955 2906 cohibenti
969 2849 1157 2920 adversetur,
1177 2869 1257 2906 non·

214 2947 364 3005 nunquam
378 2939 408 2984 et
421 2929 562 2984 adversus
576 2945 609 2983 se
623 2931 715 3004 ipsam
728 2932 879 3004 dividitur,
894 2942 1096 3007 commotoque
1109 2933 1212 2990 auimo
1226 2936 1256 2988 in

214 3011 421 3070 commovendo
437 3029 557 3086 corpore
571 3031 602 3067 se
616 3015 680 3089 ipsa
694 3035 753 3072 non
768 3019 908 3092 sequitur.

585 3152 708 3210 CAP.
750 3153 882 3212 XVll.

228 3232 273 3284 Dc
283 3231 407 3284 nuditate
419 3233 571 3300 primorum
586 3231 735 3300 bominum,
757 3252 836 3304 quom
847 3244 911 3306 post
918 3245 1058 3306 peccatum
1070 3245 1179 3305 turpem
1187 3253 1239 3306 pn·

579 3303 742 3372 ciendamque
752 3305 885 3360 ciderunt.

276 3393 382 3452 Merito
401 3389 487 3446 huius
501 3390 631 3446 libidinis
644 3394 772 3448 maxime
789 3395 894 3470 pudet,
921 3397 1024 3452 merito
1040 3397 1149 3471 etipsa
1162 3415 1258 3452 neem-

211 3479 274 3549 bra,
289 3495 362 3554 quae
377 3491 430 3530 suo
444 3473 579 3548 quodem,
594 3483 629 3530 ut
641 3475 683 3530 ita
696 3475 837 3549 dixerim,
852 3481 932 3551 iure,
947 3497 1007 3536 non
1022 3480 1103 3535 omni
1115 3479 1209 3535 modo
1223 3477 1259 3533 ad

214 3562 365 3616 arbitrium
380 3566 514 3624 nostrum
526 3567 638 3628 movet,
665 3567 788 3618 autnon
803 3571 916 3632 movet,
938 3561 1079 3638 ‘pudenda
1103 3562 1259 3630 dicuntur,

212 3643 288 3714 quod
302 3651 371 3698 ante
385 3649 538 3714 peecatum
551 3638 677 3696 hominis
692 3659 751 3698 non
766 3643 896 3700 fuerunt.
932 3643 1007 3702 Nam
1022 3647 1100 3700 sicut
1112 3649 1260 3722 scriptum

211 3732 270 3776 est:
284 3721 366 3780 Nudi
383 3731 486 3791 erant,
501 3732 531 3778 ct
543 3741 599 3778 non
614 3723 888 3793 confundebantur:
906 3745 966 3784 non
982 3727 1057 3804 quod
1072 3729 1114 3783 eis
1130 3747 1187 3786 sua
1204 3746 1260 3784 nu-

210 3802 288 3857 ditas
304 3815 385 3860 esset
398 3806 569 3879 incognita,
596 3803 647 3860 sed
668 3809 760 3882 turpis
783 3808 900 3867 nuditus
925 3811 1055 3870 nondum
1078 3822 1160 3884 erat3
1191 3811 1265 3887 quia
