2586 4396
213 185 276 244 23⁰
441 175 539 238 Dlvt
559 171 748 234 AVRELll
773 171 1025 232 nvuvs'rlur

614 322 736 384 CAP.
779 321 839 381 Vl.

230 430 274 484 De
285 426 490 484 Platonicorum
499 421 616 478 sensuit
626 439 658 476 eo
668 419 959 544 portpupbs'losopbioe,
979 439 1047 492 quoe
1060 421 1173 493 physico
1185 441 1237 478 no·

613 529 620 554 ι
659 509 731 558 mmo
764 509 788 544 r.
820 557 821 560 Ἴ
870 531 873 538 ,

277 587 422 646 Viderunt
436 604 508 664 ergo
525 584 577 641 isti
595 579 776 658 philosophi,
802 599 874 656 quos
887 577 1011 638 steteris
1024 602 1085 641 non
1097 585 1252 642 immerito

215 675 292 732 lama
305 681 392 747 atque
406 671 500 750 gloria
512 669 656 744 praelatos
665 666 809 737 videmus,
823 666 937 746 nullum
947 682 1050 741 eorpus
1061 666 1252 726 esseDeum:

215 767 245 814 et
256 753 323 812 ideo
337 763 443 812 euneto
451 769 573 826 corporo
585 749 845 808 transscendsrunt
857 749 1141 825 quaerentesDeum.
1154 745 1251 808 Vide-

213 850 284 900 runt
298 836 435 914 quiequid
447 836 586 892 mutabile
599 843 660 906 est,
686 851 747 890 nou
761 850 826 889 esse
843 851 986 890 summum
999 833 1108 892 Deum:
1135 844 1165 891 et
1178 835 1252 893 ideo

215 941 331 981 omnem
346 921 474 978 animiam
487 920 695 994 mutabilesque
715 935 816 974 omnes
833 919 952 992 spiritus
971 917 1252 991 transmundum,

214 1015 389 1082 quaerentes
401 1021 544 1060 summum
556 1003 662 1060 Deum.
705 999 821 1058 Deinde
832 1000 971 1059 viderunt
989 1021 1105 1058 omnem
1117 1004 1252 1077 speeiem

213 1092 247 1148 in
259 1107 292 1146 re
305 1107 478 1164 quoeunque
489 1087 638 1158 mutabili,
665 1095 780 1162 quaest
796 1085 934 1162 quicquid
950 1085 1024 1144 illud
1039 1095 1100 1164 est,
1126 1093 1249 1161 quoquo

213 1173 300 1230 modo
318 1181 349 1229 ιι
365 1173 575 1248 qualiscunque
595 1179 701 1228 natura
720 1179 780 1240 est,
806 1187 951 1227 nonnose
967 1188 1054 1246 posse
1071 1171 1130 1226 nisi
1142 1169 1179 1225 ab
1192 1171 1262 1248 illo¹

214 1259 347 1334 quivere
361 1267 423 1327 est,
443 1255 512 1332 quia
525 1254 802 1312 incommutabiliter
815 1264 869 1311 est.
911 1255 954 1312 Ao
965 1263 1018 1329 per
1030 1252 1087 1310 hoe
1100 1254 1160 1310 sive
1173 1253 1249 1308 uui-

213 1342 294 1399 versi
306 1340 407 1397 mundi
420 1357 541 1414 eorpus,
561 1335 689 1417 figuras,
703 1339 874 1415 qualitates,
888 1337 1110 1412 ordinatumque
1121 1344 1249 1408 motum,

215 1436 245 1482 et
258 1427 403 1481 elementa
416 1423 557 1498 dispositu
569 1441 587 1478 e
600 1425 681 1478 eoelo
695 1439 787 1496 usque
805 1421 842 1479 od
855 1431 977 1496 terrum,
1005 1430 1036 1478 et
1054 1437 1250 1496 quaeeunque

215 1525 339 1582 corpora
350 1509 383 1563 in
397 1507 438 1562 eis
453 1516 536 1576 ιιιιιι;
550 1507 614 1562 sive
627 1519 743 1562 omnem
755 1506 861 1578 vitam,
874 1508 922 1564 rel
935 1523 1008 1582 quse
1022 1506 1115 1562 nutrit
1128 1512 1158 1560 ιι
1171 1520 1248 1559 eou-

214 1593 308 1662 tinet,
334 1591 430 1664 qualis
444 1599 489 1645 ιιι
501 1591 533 1644 in
547 1589 716 1661 arboribus,
742 1590 790 1645 vel
804 1607 878 1664 quae
892 1587 988 1646 ethos
999 1587 1087 1646 habet
1099 1597 1129 1644 et
1142 1588 1248 1658 sentit,

215 1676 311 1751 qualis
330 1682 375 1729 est
392 1674 425 1728 in
441 1673 612 1746 pecoribus3
637 1673 687 1729 vel
704 1689 778 1747 quae
796 1683 826 1728 et
844 1672 916 1730 haee
934 1672 1022 1730 habet
1042 1681 1072 1728 et
1091 1672 1248 1748 intelligit,

159 1750 162 1755 ’
215 1759 310 1834 qualis
325 1766 370 1813 est
383 1757 416 1812 in
428 1755 607 1827 hominibus3
628 1755 678 1813 vel
689 1773 764 1831 quae
778 1755 937 1814 nutritorio
951 1757 1079 1814 subsidio
1093 1774 1153 1812 non
1165 1754 1247 1810 indi-

215 1851 283 1921 get,
298 1840 349 1896 sed
362 1835 479 1896 tautu'm
492 1841 640 1912 eontinet,
654 1841 760 1912 sentit,
773 1841 928 1919 intelligit,
942 1843 1036 1916 qualis
1051 1849 1096 1896 est
1107 1841 1140 1896 in
1152 1855 1246 1916 onge-

214 1928 269 1997 lis,
295 1925 355 1980 nisi
374 1919 409 1980 ab
428 1925 478 1980 illo
497 1941 562 1980 esse
580 1918 642 1980 non
660 1917 815 2000 persequi
833 1926 1005 2000 simpliciter
1018 1934 1076 1982 est:
1102 1924 1171 1998 quia
1184 1941 1246 1980 uon

215 2007 294 2066 uliud
306 2010 350 2064 illi
363 2017 409 2064 est
423 2027 502 2079 esse,
529 2003 608 2064 aliud
626 2008 742 2080 virere,
768 2011 853 2084 quasi
865 2010 960 2084 possit
973 2026 1038 2066 esse
1052 2026 1112 2064 non
1125 2007 1246 2077 vivens3

215 2113 271 2150 neo
284 2091 363 2150 aliud
376 2093 421 2148 illi
435 2102 480 2149 ιιι
491 2093 608 2163 rivere,
635 2090 715 2148 aliud
734 2088 916 2170 intelligere,
942 2095 1028 2167 quasi
1039 2092 1133 2167 possit
1144 2090 1246 2146 vivore

215 2195 276 2234 noo
288 2178 474 2254 intelligeus3
488 2195 544 2232 neo
557 2175 636 2231 aliud
648 2176 693 2230 illi
706 2185 752 2231 est
763 2177 941 2254 intelligere,
954 2177 1032 2246 aliud
1041 2176 1157 2232 beatum
1169 2191 1247 2245 esse,

215 2261 300 2335 quasi
311 2262 405 2333 possit
417 2261 586 2334 intelligere
599 2265 628 2311 et
641 2277 701 2312 uos
713 2256 815 2315 beatus
829 2275 909 2332 esse3
930 2259 981 2316 sed
994 2257 1071 2336 quod
1085 2267 1130 2314 est
1141 2259 1188 2314 illi
1200 2259 1246 2314 vi-

217 2362 302 2414 vere,
315 2342 499 2418 intelligere,
512 2340 630 2396 boatum
643 2357 724 2410 esse,
736 2337 792 2397 boo
806 2352 851 2398 est
863 2343 908 2398 illi
921 2361 995 2398 esse.
1035 2343 1157 2417 Propter
1169 2340 1247 2398 hano

214 2413 573 2483 inodunnutubilitutemet
583 2423 799 2499 simplieitatem
807 2427 1022 2484 intellexerunt
1031 2445 1098 2484 eum
1108 2435 1138 2482 ιι
1148 2427 1249 2482 omnia

215 2510 409 2580 interfecisse,
436 2516 466 2563 et
478 2509 602 2584 ipsruno
617 2509 697 2588 nullo
711 2507 777 2564 fieri
793 2512 934 2582 potuisse.
976 2509 1249 2568 consideraverunt

216 2597 295 2652 enim
307 2592 444 2671 quioquid
458 2602 518 2664 est,
542 2594 591 2649 vel
605 2608 708 2667 eorpus
722 2611 802 2664 esse,
824 2597 872 2650 vel
885 2596 990 2666 vitam3
1007 2596 1177 2669 vmeliusque
1190 2595 1246 2649 ali-

216 2679 285 2754 quid
297 2679 389 2735 vitim
401 2669 482 2749 esse,
510 2693 597 2752 quam
610 2691 733 2750 eorpus3
758 2678 941 2754 speciemque
955 2680 1084 2753 eorporis
1098 2695 1162 2734 esse
1176 2696 1246 2733 sen-

217 2763 347 2833 sibilem,
373 2759 589 2837 intelligibilem
605 2761 694 2816 vitae.
737 2758 864 2828 Proinde
881 2761 1097 2840 intelligibilem
1119 2763 1248 2836 speeiem

216 2845 349 2901 sensibili
362 2845 574 2917 praetulerunt.
618 2840 776 2899 sensibilia
789 2843 928 2918 dicimus,
943 2863 1017 2922 quse
1028 2849 1094 2904 visu
1107 2854 1248 2920 tectoque

215 2929 347 3002 eorporis
362 2923 469 2982 sentiri
481 2935 608 3000 queunt:
634 2926 849 3005 intelligibilis,
875 2947 948 3005 quae
961 2939 1120 3006 conspeetu
1138 2930 1247 2985 mentis

215 3011 344 3088 intelligi
356 3018 489 3084 possunt.
532 3006 622 3066 Nulla
635 3018 680 3066 ιιι
691 3013 770 3068 enim
781 3013 967 3088 pulchritudo
981 3015 1158 3094 corporalis,
1182 3013 1249 3069 sire

214 3096 247 3152 in
262 3103 341 3150 stetu
355 3094 500 3172 eorporis,
515 3095 592 3150 sieut
604 3101 650 3150 est
661 3093 773 3172 figura,
798 3099 905 3154 sivein
918 3106 1014 3170 motu,
1029 3100 1106 3155 siout
1118 3105 1163 3154 est
1175 3115 1246 3154 esu·

214 3179 322 3249 tileno,
337 3176 373 3233 de
386 3194 444 3251 quo
458 3195 517 3234 non
529 3179 646 3234 suiuus
659 3179 777 3237 iudicet.
821 3181 905 3250 Quod
917 3179 1049 3256 profesto
1063 3201 1122 3239 non
1134 3190 1246 3257 posset,

215 3261 275 3318 nisi
287 3262 389 3316 melior
402 3259 498 3317 iuillo
512 3271 590 3318 esset
601 3261 674 3320 haee
688 3267 818 3338 speeies,
844 3266 909 3322 sine
925 3275 1040 3322 tumore
1052 3268 1153 3338 molis,
1179 3267 1247 3321 sine

215 3345 341 3420 strepitu
354 3345 452 3417 rosis,
478 3347 542 3402 sine
556 3349 650 3420 spatio
663 3351 712 3405 vel
723 3350 782 3405 looi
794 3351 842 3406 rel
854 3352 1001 3426 temporis.
1045 3348 1105 3407 Sed
1118 3349 1159 3406 ibi
1173 3367 1245 3424 quo-

215 3447 270 3506 que
284 3429 343 3484 nisi
355 3424 504 3486 mutabilis
525 3440 619 3503 esset,
645 3449 706 3488 non
723 3433 799 3488 alius
815 3435 873 3490 alio
890 3435 994 3490 melius
1006 3432 1047 3490 ‘de
1066 3433 1162 3508 speeie
1176 3451 1247 3492 seu-

215 3513 295 3570 sibili
308 3511 465 3570 iudicaret:
490 3511 595 3572 melius
608 3517 790 3592 ingeniosior
803 3535 889 3592 quam
902 3517 1031 3589 tardior,
1047 3519 1152 3576 melius
1165 3520 1245 3592 peri-

215 3597 273 3654 tior
287 3617 373 3674 quam
385 3597 564 3672 imperitior,
589 3599 694 3654 melius
709 3601 898 3658 exercitatior
911 3619 998 3678 quom
1014 3601 1111 3660 minus
1130 3603 1245 3658 exerci-

214 3689 311 3752 totus,
337 3689 368 3736 ιι
385 3677 463 3736 idem
482 3685 545 3758 ipse
561 3699 637 3762 unus
657 3699 723 3738 eum
741 3684 874 3758 proiicit,
901 3687 1006 3745 melius
1023 3687 1124 3762 utique
1142 3697 1246 3762 postea

214 3765 398 3838 quamprius.
413 3764 498 3831 Quod
505 3775 602 3826 autem
608 3765 713 3839 resipit
725 3770 818 3824 maius
832 3777 862 3824 et
869 3771 977 3844 minus,
989 3770 1053 3826 sine
1063 3769 1246 3828 dubitatione

214 3844 354 3904 mutabile
368 3856 422 3904 ιιι.
465 3841 547 3908 Virdo
565 3849 715 3926 ingeniosi
734 3860 764 3909 et
782 3851 904 3914 doetiet
916 3841 948 3914 iu
961 3854 1006 3914 his
1020 3856 1178 3914 exercitati
1190 3854 1246 3914 ho·
