<?xml version="1.0" encoding="UTF-8"?>
<!DOCTYPE html PUBLIC "-//W3C//DTD XHTML 1.0 Transitional//EN"
    "http://www.w3.org/TR/xhtml1/DTD/xhtml1-transitional.dtd">
<html xmlns="http://www.w3.org/1999/xhtml" xml:lang="en" lang="en">
 <head>
  <title>
</title>
<meta http-equiv="Content-Type" content="text/html;charset=utf-8" />
  <meta name='ocr-system' content='tesseract 3.04.00' />
  <meta name='ocr-capabilities' content='ocr_page ocr_carea ocr_par ocr_line ocrx_word'/>
</head>
<body>
  <div class='ocr_page' id='page_1' title='image "./saureliiaugusti02augugoog_0049.png"; bbox 0 0 2602 4416; ppageno 0'>
   <div class='ocr_carea' id='block_1_1' title="bbox 229 186 1043 256">
    <p class='ocr_par' dir='ltr' id='par_1_1' title="bbox 229 186 1043 256">
     <span class='ocr_line' id='line_1_1' title="bbox 229 186 1043 256; baseline -0.01 -2"><span class='ocrx_word' id='word_1_1' title='bbox 229 200 269 256; x_wconf 59' lang='grc' dir='ltr'><strong>ιι</strong></span> <span class='ocrx_word' id='word_1_2' title='bbox 450 191 548 250; x_wconf 89' lang='lat' dir='ltr'><strong>DlVl</strong></span> <span class='ocrx_word' id='word_1_3' title='bbox 580 187 767 252; x_wconf 71' lang='lat' dir='ltr'><strong>svaran</strong></span> <span class='ocrx_word' id='word_1_4' title='bbox 791 186 1043 248; x_wconf 78' lang='lat' dir='ltr'><strong>AVGVSTlNl</strong></span> 
     </span>
    </p>
   </div>
   <div class='ocr_carea' id='block_1_2' title="bbox 229 337 1261 498">
    <p class='ocr_par' dir='ltr' id='par_1_2' title="bbox 229 337 1261 498">
     <span class='ocr_line' id='line_1_2' title="bbox 229 337 1261 416; baseline -0.008 -12"><span class='ocrx_word' id='word_1_5' title='bbox 229 359 308 404; x_wconf 89' lang='lat' dir='ltr'><strong>trum</strong></span> <span class='ocrx_word' id='word_1_6' title='bbox 321 343 472 402; x_wconf 84' lang='lat' dir='ltr'><strong>aedificari</strong></span> <span class='ocrx_word' id='word_1_7' title='bbox 485 344 518 401; x_wconf 89' lang='lat' dir='ltr'><strong>in</strong></span> <span class='ocrx_word' id='word_1_8' title='bbox 530 343 603 400; x_wconf 89' lang='lat' dir='ltr'><strong>urbe</strong></span> <span class='ocrx_word' id='word_1_9' title='bbox 625 339 747 398; x_wconf 81' lang='lat' dir='ltr'><strong>sortium</strong></span> <span class='ocrx_word' id='word_1_10' title='bbox 773 339 905 396; x_wconf 87' lang='lat' dir='ltr'><strong>virorum</strong></span> <span class='ocrx_word' id='word_1_11' title='bbox 924 337 1091 416; x_wconf 76' lang='lat' dir='ltr'><strong>prohibuit,</strong></span> <span class='ocrx_word' id='word_1_12' title='bbox 1117 341 1159 396; x_wconf 86' lang='lat' dir='ltr'><strong>sic</strong></span> <span class='ocrx_word' id='word_1_13' title='bbox 1173 341 1261 398; x_wconf 85' lang='lat' dir='ltr'><strong>vellet</strong></span> 
     </span>
     <span class='ocr_line' id='line_1_3' title="bbox 230 420 1259 498; baseline -0.009 -11"><span class='ocrx_word' id='word_1_14' title='bbox 230 432 287 488; x_wconf 90' lang='lat' dir='ltr'><strong>ooli</strong></span> <span class='ocrx_word' id='word_1_15' title='bbox 301 437 426 486; x_wconf 83' lang='lat' dir='ltr'><strong>matrem</strong></span> <span class='ocrx_word' id='word_1_16' title='bbox 439 445 540 498; x_wconf 85' lang='lat' dir='ltr'><strong>auam,</strong></span> <span class='ocrx_word' id='word_1_17' title='bbox 566 433 600 480; x_wconf 89' lang='lat' dir='ltr'><strong>ut</strong></span> <span class='ocrx_word' id='word_1_18' title='bbox 613 423 720 480; x_wconf 88' lang='lat' dir='ltr'><strong>talibus</strong></span> <span class='ocrx_word' id='word_1_19' title='bbox 735 420 789 480; x_wconf 85' lang='lat' dir='ltr'><strong>dee</strong></span> <span class='ocrx_word' id='word_1_20' title='bbox 802 425 896 480; x_wconf 88' lang='lat' dir='ltr'><strong>saeris</strong></span> <span class='ocrx_word' id='word_1_21' title='bbox 914 424 1140 497; x_wconf 70' lang='lat' dir='ltr'><strong>propitiaretur,</strong></span> <span class='ocrx_word' id='word_1_22' title='bbox 1166 425 1259 498; x_wconf 84' lang='lat' dir='ltr'><strong>quali-</strong></span> 
     </span>
    </p>
   </div>
   <div class='ocr_carea' id='block_1_3' title="bbox 147 503 1259 574">
    <p class='ocr_par' dir='ltr' id='par_1_3' title="bbox 147 503 1259 574">
     <span class='ocr_line' id='line_1_4' title="bbox 147 503 1259 574; baseline -0.009 -2"><span class='ocrx_word' id='word_1_23' title='bbox 147 559 150 566; x_wconf 89' lang='lat'><em>.</em></span> <span class='ocrx_word' id='word_1_24' title='bbox 229 515 283 574; x_wconf 89' lang='lat' dir='ltr'><strong>bus</strong></span> <span class='ocrx_word' id='word_1_25' title='bbox 298 521 434 570; x_wconf 69' lang='lat' dir='ltr'><strong>mamona</strong></span> <span class='ocrx_word' id='word_1_26' title='bbox 448 511 544 570; x_wconf 85' lang='lat' dir='ltr'><strong>verbis</strong></span> <span class='ocrx_word' id='word_1_27' title='bbox 560 503 767 564; x_wconf 82' lang='lat' dir='ltr'><strong>offenderetur.</strong></span> <span class='ocrx_word' id='word_1_28' title='bbox 811 505 874 564; x_wconf 89' lang='lat' dir='ltr'><strong>Nec</strong></span> <span class='ocrx_word' id='word_1_29' title='bbox 887 505 1048 564; x_wconf 83' lang='lat' dir='ltr'><strong>ullomodo</strong></span> <span class='ocrx_word' id='word_1_30' title='bbox 1063 505 1197 564; x_wconf 84' lang='lat' dir='ltr'><strong>crederet</strong></span> <span class='ocrx_word' id='word_1_31' title='bbox 1210 523 1259 562; x_wconf 86' lang='lat' dir='ltr'><strong>ve-</strong></span> 
     </span>
    </p>
   </div>
   <div class='ocr_carea' id='block_1_4' title="bbox 184 589 1264 1908">
    <p class='ocr_par' dir='ltr' id='par_1_4' title="bbox 184 589 1264 1908">
     <span class='ocr_line' id='line_1_5' title="bbox 229 589 1260 660; baseline -0.012 -6"><span class='ocrx_word' id='word_1_32' title='bbox 229 597 403 655; x_wconf 82' lang='lat' dir='ltr'><strong>recundiam</strong></span> <span class='ocrx_word' id='word_1_33' title='bbox 420 591 573 650; x_wconf 87' lang='lat' dir='ltr'><strong>laudabilis</strong></span> <span class='ocrx_word' id='word_1_34' title='bbox 600 589 744 660; x_wconf 81' lang='lat' dir='ltr'><strong>feminae,</strong></span> <span class='ocrx_word' id='word_1_35' title='bbox 771 590 813 648; x_wconf 85' lang='lat' dir='ltr'><strong>ita</strong></span> <span class='ocrx_word' id='word_1_36' title='bbox 838 591 871 648; x_wconf 87' lang='lat' dir='ltr'><strong>in</strong></span> <span class='ocrx_word' id='word_1_37' title='bbox 899 591 1082 646; x_wconf 72' lang='lat' dir='ltr'><strong>carnarium</strong></span> <span class='ocrx_word' id='word_1_38' title='bbox 1105 589 1260 647; x_wconf 83' lang='lat' dir='ltr'><strong>divinitate</strong></span> 
     </span>
     <span class='ocr_line' id='line_1_6' title="bbox 229 671 1259 750; baseline -0.011 -13"><span class='ocrx_word' id='word_1_39' title='bbox 229 682 348 750; x_wconf 87' lang='lat' dir='ltr'><strong>mutari,</strong></span> <span class='ocrx_word' id='word_1_40' title='bbox 363 686 397 734; x_wconf 88' lang='lat' dir='ltr'><strong>ut</strong></span> <span class='ocrx_word' id='word_1_41' title='bbox 409 673 570 732; x_wconf 80' lang='lat' dir='ltr'><strong>honoribus</strong></span> <span class='ocrx_word' id='word_1_42' title='bbox 585 689 650 728; x_wconf 88' lang='lat' dir='ltr'><strong>eam</strong></span> <span class='ocrx_word' id='word_1_43' title='bbox 663 673 770 729; x_wconf 83' lang='lat' dir='ltr'><strong>talibus</strong></span> <span class='ocrx_word' id='word_1_44' title='bbox 781 671 961 731; x_wconf 75' lang='lat' dir='ltr'><strong>advocarent</strong></span> <span class='ocrx_word' id='word_1_45' title='bbox 973 674 1103 728; x_wconf 89' lang='lat' dir='ltr'><strong>cultores</strong></span> <span class='ocrx_word' id='word_1_46' title='bbox 1117 673 1175 743; x_wconf 90' lang='lat' dir='ltr'><strong>sui,</strong></span> <span class='ocrx_word' id='word_1_47' title='bbox 1189 687 1259 746; x_wconf 87' lang='lat' dir='ltr'><strong>qua-</strong></span> 
     </span>
     <span class='ocr_line' id='line_1_7' title="bbox 229 753 1259 831; baseline -0.012 -11"><span class='ocrx_word' id='word_1_48' title='bbox 229 765 305 820; x_wconf 91' lang='lat' dir='ltr'><strong>libus</strong></span> <span class='ocrx_word' id='word_1_49' title='bbox 321 759 464 818; x_wconf 80' lang='lat' dir='ltr'><strong>conviciis</strong></span> <span class='ocrx_word' id='word_1_50' title='bbox 478 757 511 814; x_wconf 88' lang='lat' dir='ltr'><strong>in</strong></span> <span class='ocrx_word' id='word_1_51' title='bbox 520 757 694 831; x_wconf 61' lang='lat' dir='ltr'><strong>,quempiam</strong></span> <span class='ocrx_word' id='word_1_52' title='bbox 718 757 870 829; x_wconf 84' lang='lat' dir='ltr'><strong>iaculatis,</strong></span> <span class='ocrx_word' id='word_1_53' title='bbox 898 773 965 812; x_wconf 90' lang='lat' dir='ltr'><strong>eum</strong></span> <span class='ocrx_word' id='word_1_54' title='bbox 977 757 1056 812; x_wconf 88' lang='lat' dir='ltr'><strong>inter</strong></span> <span class='ocrx_word' id='word_1_55' title='bbox 1069 753 1203 812; x_wconf 88' lang='lat' dir='ltr'><strong>homines</strong></span> <span class='ocrx_word' id='word_1_56' title='bbox 1216 755 1259 810; x_wconf 85' lang='lat' dir='ltr'><strong>vi-</strong></span> 
     </span>
     <span class='ocr_line' id='line_1_8' title="bbox 229 837 1261 916; baseline -0.011 -13"><span class='ocrx_word' id='word_1_57' title='bbox 229 853 327 913; x_wconf 87' lang='lat' dir='ltr'><strong>veret,</strong></span> <span class='ocrx_word' id='word_1_58' title='bbox 349 842 409 898; x_wconf 89' lang='lat' dir='ltr'><strong>nisi</strong></span> <span class='ocrx_word' id='word_1_59' title='bbox 422 858 509 896; x_wconf 85' lang='lat' dir='ltr'><strong>eures</strong></span> <span class='ocrx_word' id='word_1_60' title='bbox 523 837 687 911; x_wconf 73' lang='lat' dir='ltr'><strong>clauderet,</strong></span> <span class='ocrx_word' id='word_1_61' title='bbox 702 857 826 916; x_wconf 85' lang='lat' dir='ltr'><strong>seseque</strong></span> <span class='ocrx_word' id='word_1_62' title='bbox 838 837 1038 910; x_wconf 84' lang='lat' dir='ltr'><strong>subtraheret,</strong></span> <span class='ocrx_word' id='word_1_63' title='bbox 1054 839 1261 894; x_wconf 72' lang='lat' dir='ltr'><strong>erubescerent</strong></span> 
     </span>
     <span class='ocr_line' id='line_1_9' title="bbox 227 919 1260 1002; baseline -0.007 -20"><span class='ocrx_word' id='word_1_64' title='bbox 227 945 280 1002; x_wconf 88' lang='lat' dir='ltr'><strong>pro</strong></span> <span class='ocrx_word' id='word_1_65' title='bbox 292 927 343 982; x_wconf 88' lang='lat' dir='ltr'><strong>illa</strong></span> <span class='ocrx_word' id='word_1_66' title='bbox 356 932 386 979; x_wconf 91' lang='lat' dir='ltr'><strong>et</strong></span> <span class='ocrx_word' id='word_1_67' title='bbox 398 925 572 1000; x_wconf 88' lang='lat' dir='ltr'><strong>propinqui,</strong></span> <span class='ocrx_word' id='word_1_68' title='bbox 597 931 629 979; x_wconf 91' lang='lat' dir='ltr'><strong>et</strong></span> <span class='ocrx_word' id='word_1_69' title='bbox 640 924 780 996; x_wconf 87' lang='lat' dir='ltr'><strong>maritus,</strong></span> <span class='ocrx_word' id='word_1_70' title='bbox 801 933 831 980; x_wconf 90' lang='lat' dir='ltr'><strong>et</strong></span> <span class='ocrx_word' id='word_1_71' title='bbox 843 923 938 980; x_wconf 88' lang='lat' dir='ltr'><strong>liberi.</strong></span> <span class='ocrx_word' id='word_1_72' title='bbox 981 919 1110 978; x_wconf 84' lang='lat' dir='ltr'><strong>Proinde</strong></span> <span class='ocrx_word' id='word_1_73' title='bbox 1118 923 1187 980; x_wconf 83' lang='lat' dir='ltr'><strong>talis</strong></span> <span class='ocrx_word' id='word_1_74' title='bbox 1201 937 1260 976; x_wconf 87' lang='lat' dir='ltr'><strong>ma-</strong></span> 
     </span>
     <span class='ocr_line' id='line_1_10' title="bbox 227 1004 1260 1082; baseline -0.005 -18"><span class='ocrx_word' id='word_1_75' title='bbox 227 1018 274 1064; x_wconf 90' lang='lat' dir='ltr'><strong>ter</strong></span> <span class='ocrx_word' id='word_1_76' title='bbox 286 1005 387 1078; x_wconf 80' lang='lat' dir='ltr'><strong>deirm,</strong></span> <span class='ocrx_word' id='word_1_77' title='bbox 402 1009 518 1082; x_wconf 85' lang='lat' dir='ltr'><strong>qualern</strong></span> <span class='ocrx_word' id='word_1_78' title='bbox 530 1004 637 1062; x_wconf 84' lang='lat' dir='ltr'><strong>habere</strong></span> <span class='ocrx_word' id='word_1_79' title='bbox 650 1014 775 1062; x_wconf 82' lang='lat' dir='ltr'><strong>matrem</strong></span> <span class='ocrx_word' id='word_1_80' title='bbox 786 1005 910 1082; x_wconf 83' lang='lat' dir='ltr'><strong>puderet</strong></span> <span class='ocrx_word' id='word_1_81' title='bbox 924 1007 1083 1080; x_wconf 87' lang='lat' dir='ltr'><strong>quemlibet</strong></span> <span class='ocrx_word' id='word_1_82' title='bbox 1095 1008 1185 1064; x_wconf 87' lang='lat' dir='ltr'><strong>etiam</strong></span> <span class='ocrx_word' id='word_1_83' title='bbox 1196 1023 1260 1080; x_wconf 87' lang='lat' dir='ltr'><strong>pes·</strong></span> 
     </span>
     <span class='ocr_line' id='line_1_11' title="bbox 229 1087 1262 1164; baseline -0.005 -17"><span class='ocrx_word' id='word_1_84' title='bbox 229 1093 335 1148; x_wconf 84' lang='lat' dir='ltr'><strong>simum</strong></span> <span class='ocrx_word' id='word_1_85' title='bbox 345 1091 458 1162; x_wconf 86' lang='lat' dir='ltr'><strong>virum,</strong></span> <span class='ocrx_word' id='word_1_86' title='bbox 477 1087 626 1146; x_wconf 86' lang='lat' dir='ltr'><strong>Romanas</strong></span> <span class='ocrx_word' id='word_1_87' title='bbox 640 1097 821 1164; x_wconf 75' lang='lat' dir='ltr'><strong>occupatura</strong></span> <span class='ocrx_word' id='word_1_88' title='bbox 833 1097 947 1145; x_wconf 86' lang='lat' dir='ltr'><strong>mentes</strong></span> <span class='ocrx_word' id='word_1_89' title='bbox 961 1090 1109 1164; x_wconf 85' lang='lat' dir='ltr'><strong>quaesivit</strong></span> <span class='ocrx_word' id='word_1_90' title='bbox 1122 1091 1262 1164; x_wconf 89' lang='lat' dir='ltr'><strong>optimum</strong></span> 
     </span>
     <span class='ocr_line' id='line_1_12' title="bbox 184 1171 1262 1250; baseline -0.005 -19"><span class='ocrx_word' id='word_1_91' title='bbox 184 1245 186 1250; x_wconf 17' lang='grc' dir='ltr'>ι</span> <span class='ocrx_word' id='word_1_92' title='bbox 227 1175 343 1245; x_wconf 81' lang='lat' dir='ltr'><strong>virum,</strong></span> <span class='ocrx_word' id='word_1_93' title='bbox 367 1191 530 1248; x_wconf 81' lang='lat' dir='ltr'><strong>nonquam</strong></span> <span class='ocrx_word' id='word_1_94' title='bbox 542 1171 689 1230; x_wconf 89' lang='lat' dir='ltr'><strong>monendo</strong></span> <span class='ocrx_word' id='word_1_95' title='bbox 703 1181 733 1229; x_wconf 90' lang='lat' dir='ltr'><strong>et</strong></span> <span class='ocrx_word' id='word_1_96' title='bbox 749 1171 914 1230; x_wconf 84' lang='lat' dir='ltr'><strong>adiuvando</strong></span> <span class='ocrx_word' id='word_1_97' title='bbox 941 1171 1067 1244; x_wconf 83' lang='lat' dir='ltr'><strong>iaceret,</strong></span> <span class='ocrx_word' id='word_1_98' title='bbox 1099 1172 1151 1228; x_wconf 87' lang='lat' dir='ltr'><strong>sed</strong></span> <span class='ocrx_word' id='word_1_99' title='bbox 1177 1189 1262 1246; x_wconf 89' lang='lat' dir='ltr'><strong>quem</strong></span> 
     </span>
     <span class='ocr_line' id='line_1_13' title="bbox 228 1253 1263 1331; baseline -0.005 -17"><span class='ocrx_word' id='word_1_100' title='bbox 228 1256 357 1314; x_wconf 75' lang='lat' dir='ltr'><strong>fabendo</strong></span> <span class='ocrx_word' id='word_1_101' title='bbox 372 1255 537 1331; x_wconf 85' lang='lat' dir='ltr'><strong>deciperet:</strong></span> <span class='ocrx_word' id='word_1_102' title='bbox 565 1257 593 1311; x_wconf 89' lang='lat' dir='ltr'><strong>ei</strong></span> <span class='ocrx_word' id='word_1_103' title='bbox 605 1257 709 1312; x_wconf 80' lang='lat' dir='ltr'><strong>similit</strong></span> <span class='ocrx_word' id='word_1_104' title='bbox 724 1254 760 1312; x_wconf 93' lang='lat' dir='ltr'><strong>de</strong></span> <span class='ocrx_word' id='word_1_105' title='bbox 773 1274 831 1331; x_wconf 88' lang='lat' dir='ltr'><strong>qua</strong></span> <span class='ocrx_word' id='word_1_106' title='bbox 845 1256 1060 1330; x_wconf 86' lang='lat' dir='ltr'><strong>scriptumest,</strong></span> <span class='ocrx_word' id='word_1_107' title='bbox 1085 1253 1198 1311; x_wconf 79' lang='lat' dir='ltr'><strong>Mulier</strong></span> <span class='ocrx_word' id='word_1_108' title='bbox 1212 1271 1263 1310; x_wconf 83' lang='grc' dir='ltr'><strong>οι-</strong></span> 
     </span>
     <span class='ocr_line' id='line_1_14' title="bbox 229 1335 1262 1417; baseline -0.01 -19"><span class='ocrx_word' id='word_1_109' title='bbox 229 1350 288 1398; x_wconf 84' lang='lat' dir='ltr'><strong>tem</strong></span> <span class='ocrx_word' id='word_1_110' title='bbox 299 1342 432 1398; x_wconf 77' lang='lat' dir='ltr'><strong>virorum</strong></span> <span class='ocrx_word' id='word_1_111' title='bbox 439 1340 596 1417; x_wconf 77' lang='lat' dir='ltr'><strong>pretiosos</strong></span> <span class='ocrx_word' id='word_1_112' title='bbox 606 1340 724 1396; x_wconf 78' lang='lat' dir='ltr'><strong>animoa</strong></span> <span class='ocrx_word' id='word_1_113' title='bbox 737 1347 860 1417; x_wconf 77' lang='lat' dir='ltr'><strong>captat:</strong></span> <span class='ocrx_word' id='word_1_114' title='bbox 885 1346 919 1394; x_wconf 87' lang='lat' dir='ltr'><strong>ut</strong></span> <span class='ocrx_word' id='word_1_115' title='bbox 932 1339 982 1393; x_wconf 93' lang='lat' dir='ltr'><strong>il-le</strong></span> <span class='ocrx_word' id='word_1_116' title='bbox 1008 1355 1133 1415; x_wconf 80' lang='lat' dir='ltr'><strong>magnae</strong></span> <span class='ocrx_word' id='word_1_117' title='bbox 1153 1335 1262 1392; x_wconf 89' lang='lat' dir='ltr'><strong>indolis</strong></span> 
     </span>
     <span class='ocr_line' id='line_1_15' title="bbox 229 1420 1263 1492; baseline -0.005 -14"><span class='ocrx_word' id='word_1_118' title='bbox 229 1424 344 1479; x_wconf 84' lang='lat' dir='ltr'><strong>animus</strong></span> <span class='ocrx_word' id='word_1_119' title='bbox 358 1420 414 1477; x_wconf 89' lang='lat' dir='ltr'><strong>hoc</strong></span> <span class='ocrx_word' id='word_1_120' title='bbox 436 1424 520 1478; x_wconf 85' lang='lat' dir='ltr'><strong>velut</strong></span> <span class='ocrx_word' id='word_1_121' title='bbox 545 1421 651 1480; x_wconf 84' lang='lat' dir='ltr'><strong>divino</strong></span> <span class='ocrx_word' id='word_1_122' title='bbox 672 1423 844 1480; x_wconf 77' lang='lat' dir='ltr'><strong>testiinonio</strong></span> <span class='ocrx_word' id='word_1_123' title='bbox 870 1421 1060 1492; x_wconf 86' lang='lat' dir='ltr'><strong>sublimatus,</strong></span> <span class='ocrx_word' id='word_1_124' title='bbox 1080 1427 1110 1476; x_wconf 90' lang='lat' dir='ltr'><strong>et</strong></span> <span class='ocrx_word' id='word_1_125' title='bbox 1133 1435 1207 1476; x_wconf 82' lang='lat' dir='ltr'><strong>rere</strong></span> <span class='ocrx_word' id='word_1_126' title='bbox 1236 1433 1263 1474; x_wconf 85' lang='lat' dir='ltr'><strong>ae</strong></span> 
     </span>
     <span class='ocr_line' id='line_1_16' title="bbox 230 1503 1262 1579; baseline -0.006 -19"><span class='ocrx_word' id='word_1_127' title='bbox 230 1505 370 1579; x_wconf 85' lang='lat' dir='ltr'><strong>optimum</strong></span> <span class='ocrx_word' id='word_1_128' title='bbox 384 1503 573 1571; x_wconf 83' lang='lat' dir='ltr'><strong>existimans,</strong></span> <span class='ocrx_word' id='word_1_129' title='bbox 586 1519 688 1558; x_wconf 83' lang='lat' dir='ltr'><strong>veram</strong></span> <span class='ocrx_word' id='word_1_130' title='bbox 699 1503 839 1576; x_wconf 87' lang='lat' dir='ltr'><strong>pietatem</strong></span> <span class='ocrx_word' id='word_1_131' title='bbox 851 1505 1085 1578; x_wconf 80' lang='lat' dir='ltr'><strong>religionemque</strong></span> <span class='ocrx_word' id='word_1_132' title='bbox 1098 1519 1159 1558; x_wconf 90' lang='lat' dir='ltr'><strong>non</strong></span> <span class='ocrx_word' id='word_1_133' title='bbox 1174 1518 1262 1574; x_wconf 90' lang='lat' dir='ltr'><strong>quae·</strong></span> 
     </span>
     <span class='ocr_line' id='line_1_17' title="bbox 228 1582 1263 1660; baseline -0.004 -18"><span class='ocrx_word' id='word_1_134' title='bbox 228 1593 324 1656; x_wconf 87' lang='lat' dir='ltr'><strong>reret,</strong></span> <span class='ocrx_word' id='word_1_135' title='bbox 350 1585 416 1640; x_wconf 90' lang='lat' dir='ltr'><strong>sine</strong></span> <span class='ocrx_word' id='word_1_136' title='bbox 432 1601 490 1658; x_wconf 81' lang='lat' dir='ltr'><strong>qua</strong></span> <span class='ocrx_word' id='word_1_137' title='bbox 505 1600 592 1640; x_wconf 87' lang='lat' dir='ltr'><strong>omne</strong></span> <span class='ocrx_word' id='word_1_138' title='bbox 620 1585 753 1658; x_wconf 80' lang='lat' dir='ltr'><strong>quamvis</strong></span> <span class='ocrx_word' id='word_1_139' title='bbox 779 1583 926 1640; x_wconf 83' lang='lat' dir='ltr'><strong>laudabile</strong></span> <span class='ocrx_word' id='word_1_140' title='bbox 949 1584 1105 1660; x_wconf 80' lang='lat' dir='ltr'><strong>ingenium</strong></span> <span class='ocrx_word' id='word_1_141' title='bbox 1129 1582 1263 1657; x_wconf 85' lang='lat' dir='ltr'><strong>superbia</strong></span> 
     </span>
     <span class='ocr_line' id='line_1_18' title="bbox 229 1665 1264 1745; baseline -0.006 -21"><span class='ocrx_word' id='word_1_142' title='bbox 229 1668 365 1724; x_wconf 74' lang='lat' dir='ltr'><strong>senescit</strong></span> <span class='ocrx_word' id='word_1_143' title='bbox 391 1675 421 1722; x_wconf 91' lang='lat' dir='ltr'><strong>et</strong></span> <span class='ocrx_word' id='word_1_144' title='bbox 439 1665 557 1722; x_wconf 87' lang='lat' dir='ltr'><strong>decidit.</strong></span> <span class='ocrx_word' id='word_1_145' title='bbox 603 1665 756 1733; x_wconf 78' lang='lat' dir='ltr'><strong>Quomodo</strong></span> <span class='ocrx_word' id='word_1_146' title='bbox 770 1667 866 1745; x_wconf 75' lang='lat' dir='ltr'><strong>igitur</strong></span> <span class='ocrx_word' id='word_1_147' title='bbox 879 1667 939 1722; x_wconf 87' lang='lat' dir='ltr'><strong>nisi</strong></span> <span class='ocrx_word' id='word_1_148' title='bbox 951 1665 1096 1724; x_wconf 84' lang='lat' dir='ltr'><strong>insidiose</strong></span> <span class='ocrx_word' id='word_1_149' title='bbox 1110 1673 1264 1742; x_wconf 85' lang='lat' dir='ltr'><strong>quaereret</strong></span> 
     </span>
     <span class='ocr_line' id='line_1_19' title="bbox 230 1749 1261 1825; baseline -0.004 -18"><span class='ocrx_word' id='word_1_150' title='bbox 230 1751 284 1808; x_wconf 88' lang='lat' dir='ltr'><strong>dea</strong></span> <span class='ocrx_word' id='word_1_151' title='bbox 297 1753 348 1806; x_wconf 87' lang='lat' dir='ltr'><strong>illa</strong></span> <span class='ocrx_word' id='word_1_152' title='bbox 359 1750 502 1824; x_wconf 88' lang='lat' dir='ltr'><strong>optimum</strong></span> <span class='ocrx_word' id='word_1_153' title='bbox 514 1749 629 1822; x_wconf 85' lang='lat' dir='ltr'><strong>viram,</strong></span> <span class='ocrx_word' id='word_1_154' title='bbox 643 1767 711 1806; x_wconf 82' lang='lat' dir='ltr'><strong>cuns</strong></span> <span class='ocrx_word' id='word_1_155' title='bbox 724 1751 796 1806; x_wconf 86' lang='lat' dir='ltr'><strong>talia</strong></span> <span class='ocrx_word' id='word_1_156' title='bbox 809 1756 933 1825; x_wconf 85' lang='lat' dir='ltr'><strong>quaerat</strong></span> <span class='ocrx_word' id='word_1_157' title='bbox 944 1751 977 1806; x_wconf 89' lang='lat' dir='ltr'><strong>in</strong></span> <span class='ocrx_word' id='word_1_158' title='bbox 991 1751 1054 1806; x_wconf 90' lang='lat' dir='ltr'><strong>suis</strong></span> <span class='ocrx_word' id='word_1_159' title='bbox 1068 1750 1179 1822; x_wconf 85' lang='lat' dir='ltr'><strong>sacris,</strong></span> <span class='ocrx_word' id='word_1_160' title='bbox 1194 1765 1261 1823; x_wconf 86' lang='lat' dir='ltr'><strong>que-</strong></span> 
     </span>
     <span class='ocr_line' id='line_1_20' title="bbox 228 1829 1035 1908; baseline -0.001 -19"><span class='ocrx_word' id='word_1_161' title='bbox 228 1835 268 1889; x_wconf 77' lang='lat' dir='ltr'><strong>lia</strong></span> <span class='ocrx_word' id='word_1_162' title='bbox 280 1835 337 1891; x_wconf 81' lang='lat' dir='ltr'><strong>riri</strong></span> <span class='ocrx_word' id='word_1_163' title='bbox 352 1833 455 1908; x_wconf 87' lang='lat' dir='ltr'><strong>optimi</strong></span> <span class='ocrx_word' id='word_1_164' title='bbox 468 1830 629 1890; x_wconf 81' lang='lat' dir='ltr'><strong>abhorrent</strong></span> <span class='ocrx_word' id='word_1_165' title='bbox 642 1835 705 1890; x_wconf 86' lang='lat' dir='ltr'><strong>suis</strong></span> <span class='ocrx_word' id='word_1_166' title='bbox 719 1831 851 1892; x_wconf 79' lang='lat' dir='ltr'><strong>adhiberi</strong></span> <span class='ocrx_word' id='word_1_167' title='bbox 870 1829 1035 1890; x_wconf 81' lang='lat' dir='ltr'><strong>conviviisl</strong></span> 
     </span>
    </p>
   </div>
   <div class='ocr_carea' id='block_1_5' title="bbox 632 1982 856 2042">
    <p class='ocr_par' dir='ltr' id='par_1_5' title="bbox 632 1982 856 2042">
     <span class='ocr_line' id='line_1_21' title="bbox 632 1982 856 2042; baseline -0.009 -2"><span class='ocrx_word' id='word_1_168' title='bbox 632 1982 753 2042; x_wconf 82' lang='lat' dir='ltr'><strong>CAP.</strong></span> <span class='ocrx_word' id='word_1_169' title='bbox 798 1983 856 2039; x_wconf 89' lang='lat' dir='ltr'><strong>Vl.</strong></span> 
     </span>
    </p>
   </div>
   <div class='ocr_carea' id='block_1_6' title="bbox 292 2077 1261 2247">
    <p class='ocr_par' dir='ltr' id='par_1_6' title="bbox 292 2077 1261 2247">
     <span class='ocr_line' id='line_1_22' title="bbox 303 2077 1190 2150; baseline 0.003 -20"><span class='ocrx_word' id='word_1_170' title='bbox 303 2077 375 2130; x_wconf 83' lang='lat' dir='ltr'><strong>Deos</strong></span> <span class='ocrx_word' id='word_1_171' title='bbox 383 2095 554 2150; x_wconf 79' lang='lat' dir='ltr'><strong>paganorum</strong></span> <span class='ocrx_word' id='word_1_172' title='bbox 564 2093 700 2146; x_wconf 80' lang='lat' dir='ltr'><strong>uunquam</strong></span> <span class='ocrx_word' id='word_1_173' title='bbox 711 2078 774 2130; x_wconf 79' lang='lat' dir='ltr'><strong>benc</strong></span> <span class='ocrx_word' id='word_1_174' title='bbox 784 2079 889 2132; x_wconf 77' lang='lat' dir='ltr'><strong>visendi</strong></span> <span class='ocrx_word' id='word_1_175' title='bbox 899 2081 1019 2134; x_wconf 78' lang='lat' dir='ltr'><strong>sanxisse</strong></span> <span class='ocrx_word' id='word_1_176' title='bbox 1030 2081 1190 2133; x_wconf 78' lang='lat' dir='ltr'><strong>doctrinam.</strong></span> 
     </span>
     <span class='ocr_line' id='line_1_23' title="bbox 292 2165 1261 2247; baseline 0.003 -24"><span class='ocrx_word' id='word_1_177' title='bbox 292 2165 371 2224; x_wconf 88' lang='lat' dir='ltr'><strong>Hinc</strong></span> <span class='ocrx_word' id='word_1_178' title='bbox 385 2167 523 2242; x_wconf 79' lang='lat' dir='ltr'><strong>estquod</strong></span> <span class='ocrx_word' id='word_1_179' title='bbox 537 2167 573 2224; x_wconf 88' lang='lat' dir='ltr'><strong>de</strong></span> <span class='ocrx_word' id='word_1_180' title='bbox 586 2170 650 2225; x_wconf 83' lang='lat' dir='ltr'><strong>vita</strong></span> <span class='ocrx_word' id='word_1_181' title='bbox 661 2176 692 2224; x_wconf 93' lang='lat' dir='ltr'><strong>et</strong></span> <span class='ocrx_word' id='word_1_182' title='bbox 705 2167 837 2224; x_wconf 89' lang='lat' dir='ltr'><strong>moribus</strong></span> <span class='ocrx_word' id='word_1_183' title='bbox 858 2171 1013 2228; x_wconf 80' lang='lat' dir='ltr'><strong>civitatum</strong></span> <span class='ocrx_word' id='word_1_184' title='bbox 1031 2179 1120 2247; x_wconf 88' lang='lat' dir='ltr'><strong>atque</strong></span> <span class='ocrx_word' id='word_1_185' title='bbox 1142 2171 1261 2246; x_wconf 88' lang='lat' dir='ltr'><strong>populo-</strong></span> 
     </span>
    </p>
   </div>
   <div class='ocr_carea' id='block_1_7' title="bbox 227 2251 1263 3902">
    <p class='ocr_par' dir='ltr' id='par_1_7' title="bbox 227 2251 1263 3644">
     <span class='ocr_line' id='line_1_24' title="bbox 229 2251 1262 2325; baseline 0.003 -20"><span class='ocrx_word' id='word_1_186' title='bbox 229 2267 310 2320; x_wconf 85' lang='lat' dir='ltr'><strong>rum,</strong></span> <span class='ocrx_word' id='word_1_187' title='bbox 333 2251 470 2324; x_wconf 89' lang='lat' dir='ltr'><strong>aquibus</strong></span> <span class='ocrx_word' id='word_1_188' title='bbox 484 2252 656 2307; x_wconf 83' lang='lat' dir='ltr'><strong>colebantur</strong></span> <span class='ocrx_word' id='word_1_189' title='bbox 669 2252 720 2306; x_wconf 87' lang='lat' dir='ltr'><strong>illa</strong></span> <span class='ocrx_word' id='word_1_190' title='bbox 733 2253 871 2324; x_wconf 81' lang='lat' dir='ltr'><strong>numina,</strong></span> <span class='ocrx_word' id='word_1_191' title='bbox 899 2271 961 2311; x_wconf 89' lang='lat' dir='ltr'><strong>non</strong></span> <span class='ocrx_word' id='word_1_192' title='bbox 976 2262 1134 2325; x_wconf 87' lang='lat' dir='ltr'><strong>curarunt,</strong></span> <span class='ocrx_word' id='word_1_193' title='bbox 1161 2262 1262 2311; x_wconf 87' lang='lat' dir='ltr'><strong>uttam</strong></span> 
     </span>
     <span class='ocr_line' id='line_1_25' title="bbox 229 2331 1263 2414; baseline 0.004 -28"><span class='ocrx_word' id='word_1_194' title='bbox 229 2331 386 2388; x_wconf 89' lang='lat' dir='ltr'><strong>horrendis</strong></span> <span class='ocrx_word' id='word_1_195' title='bbox 401 2341 431 2388; x_wconf 87' lang='lat' dir='ltr'><strong>et</strong></span> <span class='ocrx_word' id='word_1_196' title='bbox 444 2332 664 2390; x_wconf 88' lang='lat' dir='ltr'><strong>detestabilibus</strong></span> <span class='ocrx_word' id='word_1_197' title='bbox 677 2335 778 2404; x_wconf 88' lang='lat' dir='ltr'><strong>malis,</strong></span> <span class='ocrx_word' id='word_1_198' title='bbox 804 2337 910 2392; x_wconf 90' lang='lat' dir='ltr'><strong>nonin</strong></span> <span class='ocrx_word' id='word_1_199' title='bbox 924 2355 996 2414; x_wconf 79' lang='lat' dir='ltr'><strong>agro</strong></span> <span class='ocrx_word' id='word_1_200' title='bbox 1011 2346 1040 2393; x_wconf 87' lang='lat' dir='ltr'><strong>et</strong></span> <span class='ocrx_word' id='word_1_201' title='bbox 1052 2337 1180 2410; x_wconf 85' lang='lat' dir='ltr'><strong>vitibus,</strong></span> <span class='ocrx_word' id='word_1_202' title='bbox 1206 2353 1263 2392; x_wconf 91' lang='lat' dir='ltr'><strong>non</strong></span> 
     </span>
     <span class='ocr_line' id='line_1_26' title="bbox 228 2412 1262 2494; baseline 0.002 -25"><span class='ocrx_word' id='word_1_203' title='bbox 228 2415 261 2469; x_wconf 90' lang='lat' dir='ltr'><strong>in</strong></span> <span class='ocrx_word' id='word_1_204' title='bbox 279 2412 364 2470; x_wconf 91' lang='lat' dir='ltr'><strong>domo</strong></span> <span class='ocrx_word' id='word_1_205' title='bbox 391 2423 480 2490; x_wconf 89' lang='lat' dir='ltr'><strong>atque</strong></span> <span class='ocrx_word' id='word_1_206' title='bbox 504 2417 648 2490; x_wconf 87' lang='lat' dir='ltr'><strong>pecunie,</strong></span> <span class='ocrx_word' id='word_1_207' title='bbox 674 2434 736 2472; x_wconf 90' lang='lat' dir='ltr'><strong>non</strong></span> <span class='ocrx_word' id='word_1_208' title='bbox 751 2415 877 2492; x_wconf 91' lang='lat' dir='ltr'><strong>denique</strong></span> <span class='ocrx_word' id='word_1_209' title='bbox 897 2421 1007 2494; x_wconf 77' lang='lat' dir='ltr'><strong>inipso</strong></span> <span class='ocrx_word' id='word_1_210' title='bbox 1022 2437 1161 2494; x_wconf 91' lang='lat' dir='ltr'><strong>corpore,</strong></span> <span class='ocrx_word' id='word_1_211' title='bbox 1190 2415 1262 2494; x_wconf 93' lang='lat' dir='ltr'><strong>quod</strong></span> 
     </span>
     <span class='ocr_line' id='line_1_27' title="bbox 228 2497 1260 2576; baseline 0.001 -24"><span class='ocrx_word' id='word_1_212' title='bbox 228 2497 322 2552; x_wconf 87' lang='lat' dir='ltr'><strong>menti</strong></span> <span class='ocrx_word' id='word_1_213' title='bbox 336 2497 488 2570; x_wconf 84' lang='lat' dir='ltr'><strong>subditur,</strong></span> <span class='ocrx_word' id='word_1_214' title='bbox 515 2497 567 2554; x_wconf 87' lang='lat' dir='ltr'><strong>sed</strong></span> <span class='ocrx_word' id='word_1_215' title='bbox 580 2499 612 2554; x_wconf 89' lang='lat' dir='ltr'><strong>in</strong></span> <span class='ocrx_word' id='word_1_216' title='bbox 625 2500 690 2574; x_wconf 81' lang='lat' dir='ltr'><strong>ipae</strong></span> <span class='ocrx_word' id='word_1_217' title='bbox 702 2507 818 2571; x_wconf 87' lang='lat' dir='ltr'><strong>mente,</strong></span> <span class='ocrx_word' id='word_1_218' title='bbox 839 2502 944 2576; x_wconf 88' lang='lat' dir='ltr'><strong>inipso</strong></span> <span class='ocrx_word' id='word_1_219' title='bbox 955 2511 1072 2558; x_wconf 87' lang='lat' dir='ltr'><strong>rectore</strong></span> <span class='ocrx_word' id='word_1_220' title='bbox 1086 2502 1187 2558; x_wconf 84' lang='lat' dir='ltr'><strong>earnis</strong></span> <span class='ocrx_word' id='word_1_221' title='bbox 1200 2499 1260 2555; x_wconf 86' lang='lat' dir='ltr'><strong>ani·</strong></span> 
     </span>
     <span class='ocr_line' id='line_1_28' title="bbox 228 2581 1259 2660; baseline 0.003 -25"><span class='ocrx_word' id='word_1_222' title='bbox 228 2597 293 2651; x_wconf 89' lang='lat' dir='ltr'><strong>mo,</strong></span> <span class='ocrx_word' id='word_1_223' title='bbox 322 2597 372 2636; x_wconf 85' lang='lat' dir='ltr'><strong>cos</strong></span> <span class='ocrx_word' id='word_1_224' title='bbox 387 2581 502 2655; x_wconf 87' lang='lat' dir='ltr'><strong>impleri</strong></span> <span class='ocrx_word' id='word_1_225' title='bbox 515 2599 550 2638; x_wconf 82' lang='lat' dir='ltr'><strong>ee</strong></span> <span class='ocrx_word' id='word_1_226' title='bbox 562 2583 708 2656; x_wconf 83' lang='lat' dir='ltr'><strong>pessiraos</strong></span> <span class='ocrx_word' id='word_1_227' title='bbox 718 2581 783 2638; x_wconf 88' lang='lat' dir='ltr'><strong>fieri</strong></span> <span class='ocrx_word' id='word_1_228' title='bbox 798 2583 863 2639; x_wconf 89' lang='lat' dir='ltr'><strong>sine</strong></span> <span class='ocrx_word' id='word_1_229' title='bbox 875 2587 936 2641; x_wconf 87' lang='lat' dir='ltr'><strong>ulla</strong></span> <span class='ocrx_word' id='word_1_230' title='bbox 949 2603 1003 2641; x_wconf 82' lang='lat' dir='ltr'><strong>sua</strong></span> <span class='ocrx_word' id='word_1_231' title='bbox 1015 2585 1144 2641; x_wconf 87' lang='lat' dir='ltr'><strong>terribili</strong></span> <span class='ocrx_word' id='word_1_232' title='bbox 1164 2581 1259 2660; x_wconf 86' lang='lat' dir='ltr'><strong>prohi·</strong></span> 
     </span>
     <span class='ocr_line' id='line_1_29' title="bbox 227 2663 1259 2741; baseline 0.004 -23"><span class='ocrx_word' id='word_1_233' title='bbox 227 2663 341 2720; x_wconf 89' lang='lat' dir='ltr'><strong>bitione</strong></span> <span class='ocrx_word' id='word_1_234' title='bbox 352 2665 571 2738; x_wconf 88' lang='lat' dir='ltr'><strong>permitterent,</strong></span> <span class='ocrx_word' id='word_1_235' title='bbox 597 2665 657 2722; x_wconf 82' lang='lat' dir='ltr'><strong>Aut</strong></span> <span class='ocrx_word' id='word_1_236' title='bbox 670 2667 697 2722; x_wconf 92' lang='lat' dir='ltr'><strong>si</strong></span> <span class='ocrx_word' id='word_1_237' title='bbox 715 2663 925 2741; x_wconf 88' lang='lat' dir='ltr'><strong>prohibebant,</strong></span> <span class='ocrx_word' id='word_1_238' title='bbox 952 2667 1008 2725; x_wconf 94' lang='lat' dir='ltr'><strong>hoc</strong></span> <span class='ocrx_word' id='word_1_239' title='bbox 1022 2665 1196 2726; x_wconf 84' lang='lat' dir='ltr'><strong>ostendetur</strong></span> <span class='ocrx_word' id='word_1_240' title='bbox 1209 2681 1259 2740; x_wconf 89' lang='lat' dir='ltr'><strong>po-</strong></span> 
     </span>
     <span class='ocr_line' id='line_1_30' title="bbox 228 2744 1260 2827; baseline 0.002 -26"><span class='ocrx_word' id='word_1_241' title='bbox 228 2746 306 2816; x_wconf 91' lang='lat' dir='ltr'><strong>tius,</strong></span> <span class='ocrx_word' id='word_1_242' title='bbox 333 2744 391 2802; x_wconf 91' lang='lat' dir='ltr'><strong>hoe</strong></span> <span class='ocrx_word' id='word_1_243' title='bbox 416 2747 566 2820; x_wconf 89' lang='lat' dir='ltr'><strong>probetur.</strong></span> <span class='ocrx_word' id='word_1_244' title='bbox 610 2746 770 2804; x_wconf 87' lang='lat' dir='ltr'><strong>Neonobis</strong></span> <span class='ocrx_word' id='word_1_245' title='bbox 780 2751 883 2805; x_wconf 84' lang='lat' dir='ltr'><strong>nescio</strong></span> <span class='ocrx_word' id='word_1_246' title='bbox 906 2768 980 2826; x_wconf 88' lang='lat' dir='ltr'><strong>quos</strong></span> <span class='ocrx_word' id='word_1_247' title='bbox 993 2768 1134 2808; x_wconf 85' lang='lat' dir='ltr'><strong>susurros</strong></span> <span class='ocrx_word' id='word_1_248' title='bbox 1146 2749 1260 2827; x_wconf 84' lang='lat' dir='ltr'><strong>pancis-</strong></span> 
     </span>
     <span class='ocr_line' id='line_1_31' title="bbox 229 2826 1259 2914; baseline 0.003 -32"><span class='ocrx_word' id='word_1_249' title='bbox 229 2827 371 2882; x_wconf 88' lang='lat' dir='ltr'><strong>simorum</strong></span> <span class='ocrx_word' id='word_1_250' title='bbox 396 2827 518 2883; x_wconf 87' lang='lat' dir='ltr'><strong>auribus</strong></span> <span class='ocrx_word' id='word_1_251' title='bbox 531 2826 684 2884; x_wconf 88' lang='lat' dir='ltr'><strong>anhelatos</strong></span> <span class='ocrx_word' id='word_1_252' title='bbox 699 2837 729 2885; x_wconf 86' lang='lat' dir='ltr'><strong>et</strong></span> <span class='ocrx_word' id='word_1_253' title='bbox 741 2847 851 2886; x_wconf 84' lang='lat' dir='ltr'><strong>arcena</strong></span> <span class='ocrx_word' id='word_1_254' title='bbox 865 2834 948 2890; x_wconf 82' lang='lat' dir='ltr'><strong>velut</strong></span> <span class='ocrx_word' id='word_1_255' title='bbox 969 2835 1116 2914; x_wconf 74' lang='lat' dir='ltr'><strong>religione</strong></span> <span class='ocrx_word' id='word_1_256' title='bbox 1138 2831 1259 2889; x_wconf 83' lang='lat' dir='ltr'><strong>traditor</strong></span> 
     </span>
     <span class='ocr_line' id='line_1_32' title="bbox 227 2909 1260 2991; baseline 0.006 -29"><span class='ocrx_word' id='word_1_257' title='bbox 227 2910 356 2978; x_wconf 85' lang='lat' dir='ltr'><strong>iactent,</strong></span> <span class='ocrx_word' id='word_1_258' title='bbox 382 2909 494 2982; x_wconf 87' lang='lat' dir='ltr'><strong>quibus</strong></span> <span class='ocrx_word' id='word_1_259' title='bbox 513 2910 593 2965; x_wconf 82' lang='lat' dir='ltr'><strong>ritae</strong></span> <span class='ocrx_word' id='word_1_260' title='bbox 607 2911 738 2983; x_wconf 81' lang='lat' dir='ltr'><strong>probitas</strong></span> <span class='ocrx_word' id='word_1_261' title='bbox 766 2915 947 2991; x_wconf 89' lang='lat' dir='ltr'><strong>castitasque</strong></span> <span class='ocrx_word' id='word_1_262' title='bbox 973 2916 1118 2974; x_wconf 79' lang='grc' dir='ltr'>ιΙίιοοιιιιι</span> <span class='ocrx_word' id='word_1_263' title='bbox 1145 2911 1198 2970; x_wconf 86' lang='lat' dir='ltr'><strong>sed</strong></span> <span class='ocrx_word' id='word_1_264' title='bbox 1211 2912 1260 2968; x_wconf 90' lang='lat' dir='ltr'><strong>de·</strong></span> 
     </span>
     <span class='ocr_line' id='line_1_33' title="bbox 228 2992 1258 3076; baseline 0.005 -30"><span class='ocrx_word' id='word_1_265' title='bbox 228 2997 432 3046; x_wconf 87' lang='lat' dir='ltr'><strong>monstrentur</strong></span> <span class='ocrx_word' id='word_1_266' title='bbox 455 2992 504 3046; x_wconf 84' lang='lat' dir='ltr'><strong>rel</strong></span> <span class='ocrx_word' id='word_1_267' title='bbox 531 3003 797 3052; x_wconf 88' lang='lat' dir='ltr'><strong>commemorentur</strong></span> <span class='ocrx_word' id='word_1_268' title='bbox 812 2997 878 3054; x_wconf 86' lang='lat' dir='ltr'><strong>loca</strong></span> <span class='ocrx_word' id='word_1_269' title='bbox 895 3001 1002 3059; x_wconf 82' lang='lat' dir='ltr'><strong>talibus</strong></span> <span class='ocrx_word' id='word_1_270' title='bbox 1016 2995 1172 3076; x_wconf 85' lang='lat' dir='ltr'><strong>aliquando</strong></span> <span class='ocrx_word' id='word_1_271' title='bbox 1191 3013 1258 3053; x_wconf 89' lang='lat' dir='ltr'><strong>con-</strong></span> 
     </span>
     <span class='ocr_line' id='line_1_34' title="bbox 227 3073 1258 3159; baseline 0.004 -30"><span class='ocrx_word' id='word_1_272' title='bbox 227 3073 387 3130; x_wconf 76' lang='lat' dir='ltr'><strong>venticulis</strong></span> <span class='ocrx_word' id='word_1_273' title='bbox 400 3082 588 3148; x_wconf 81' lang='lat' dir='ltr'><strong>consecrata3</strong></span> <span class='ocrx_word' id='word_1_274' title='bbox 615 3094 677 3132; x_wconf 91' lang='lat' dir='ltr'><strong>non</strong></span> <span class='ocrx_word' id='word_1_275' title='bbox 691 3077 742 3134; x_wconf 89' lang='lat' dir='ltr'><strong>ubi</strong></span> <span class='ocrx_word' id='word_1_276' title='bbox 758 3078 821 3134; x_wconf 90' lang='lat' dir='ltr'><strong>ludi</strong></span> <span class='ocrx_word' id='word_1_277' title='bbox 834 3093 997 3159; x_wconf 78' lang='lat' dir='ltr'><strong>agerentur</strong></span> <span class='ocrx_word' id='word_1_278' title='bbox 1012 3082 1167 3140; x_wconf 81' lang='lat' dir='ltr'><strong>obscoenis</strong></span> <span class='ocrx_word' id='word_1_279' title='bbox 1179 3079 1258 3137; x_wconf 82' lang='lat' dir='ltr'><strong>roei-</strong></span> 
     </span>
     <span class='ocr_line' id='line_1_35' title="bbox 228 3154 1258 3243; baseline 0.01 -31"><span class='ocrx_word' id='word_1_280' title='bbox 228 3156 284 3212; x_wconf 81' lang='lat' dir='ltr'><strong>bus</strong></span> <span class='ocrx_word' id='word_1_281' title='bbox 296 3163 328 3210; x_wconf 90' lang='lat' dir='ltr'><strong>et</strong></span> <span class='ocrx_word' id='word_1_282' title='bbox 340 3155 468 3212; x_wconf 85' lang='lat' dir='ltr'><strong>motibus</strong></span> <span class='ocrx_word' id='word_1_283' title='bbox 482 3154 676 3231; x_wconf 86' lang='lat' dir='ltr'><strong>histrionum,</strong></span> <span class='ocrx_word' id='word_1_284' title='bbox 701 3162 823 3218; x_wconf 88' lang='lat' dir='ltr'><strong>necubi</strong></span> <span class='ocrx_word' id='word_1_285' title='bbox 840 3163 965 3243; x_wconf 79' lang='lat' dir='ltr'><strong>Fugalia</strong></span> <span class='ocrx_word' id='word_1_286' title='bbox 979 3167 1200 3223; x_wconf 83' lang='lat' dir='ltr'><strong>celebrarentur</strong></span> <span class='ocrx_word' id='word_1_287' title='bbox 1217 3160 1258 3216; x_wconf 87' lang='lat' dir='ltr'><strong>ef·</strong></span> 
     </span>
     <span class='ocr_line' id='line_1_36' title="bbox 228 3237 1258 3327; baseline 0.006 -31"><span class='ocrx_word' id='word_1_288' title='bbox 228 3237 296 3296; x_wconf 74' lang='lat' dir='ltr'><strong>tura</strong></span> <span class='ocrx_word' id='word_1_289' title='bbox 310 3240 393 3294; x_wconf 85' lang='lat' dir='ltr'><strong>amni</strong></span> <span class='ocrx_word' id='word_1_290' title='bbox 404 3239 526 3296; x_wconf 86' lang='lat' dir='ltr'><strong>licentia</strong></span> <span class='ocrx_word' id='word_1_291' title='bbox 539 3241 771 3316; x_wconf 66' lang='lat' dir='ltr'><strong>turpitudinum</strong></span> <span class='ocrx_word' id='word_1_292' title='bbox 797 3240 841 3322; x_wconf 78' lang='lat' dir='ltr'><strong>(et</strong></span> <span class='ocrx_word' id='word_1_293' title='bbox 852 3264 922 3304; x_wconf 83' lang='lat' dir='ltr'><strong>vere</strong></span> <span class='ocrx_word' id='word_1_294' title='bbox 936 3249 1078 3327; x_wconf 76' lang='lat' dir='ltr'><strong>Fugalia,</strong></span> <span class='ocrx_word' id='word_1_295' title='bbox 1104 3246 1157 3304; x_wconf 90' lang='lat' dir='ltr'><strong>sed</strong></span> <span class='ocrx_word' id='word_1_296' title='bbox 1168 3243 1258 3321; x_wconf 86' lang='lat' dir='ltr'><strong>pudo-</strong></span> 
     </span>
     <span class='ocr_line' id='line_1_37' title="bbox 227 3319 1259 3407; baseline 0.004 -30"><span class='ocrx_word' id='word_1_297' title='bbox 227 3321 270 3378; x_wconf 91' lang='lat' dir='ltr'><strong>ris</strong></span> <span class='ocrx_word' id='word_1_298' title='bbox 284 3329 315 3377; x_wconf 90' lang='lat' dir='ltr'><strong>et</strong></span> <span class='ocrx_word' id='word_1_299' title='bbox 323 3319 488 3378; x_wconf 85' lang='lat' dir='ltr'><strong>honestatis</strong></span> <span class='ocrx_word' id='word_1_300' title='bbox 497 3320 517 3400; x_wconf 77' lang='lat' dir='ltr'><strong>r)</strong></span> <span class='ocrx_word' id='word_1_301' title='bbox 532 3323 584 3380; x_wconf 91' lang='lat' dir='ltr'><strong>sed</strong></span> <span class='ocrx_word' id='word_1_302' title='bbox 596 3325 646 3381; x_wconf 92' lang='lat' dir='ltr'><strong>ubi</strong></span> <span class='ocrx_word' id='word_1_303' title='bbox 658 3329 759 3401; x_wconf 90' lang='lat' dir='ltr'><strong>populi</strong></span> <span class='ocrx_word' id='word_1_304' title='bbox 771 3327 911 3388; x_wconf 88' lang='lat' dir='ltr'><strong>audirent</strong></span> <span class='ocrx_word' id='word_1_305' title='bbox 923 3333 996 3407; x_wconf 91' lang='lat' dir='ltr'><strong>quid</strong></span> <span class='ocrx_word' id='word_1_306' title='bbox 1006 3331 1049 3388; x_wconf 90' lang='lat' dir='ltr'><strong>dii</strong></span> <span class='ocrx_word' id='word_1_307' title='bbox 1060 3331 1259 3406; x_wconf 81' lang='lat' dir='ltr'><strong>praeciperent</strong></span> 
     </span>
     <span class='ocr_line' id='line_1_38' title="bbox 228 3403 1258 3491; baseline 0.009 -32"><span class='ocrx_word' id='word_1_308' title='bbox 228 3403 264 3460; x_wconf 87' lang='lat' dir='ltr'><strong>de</strong></span> <span class='ocrx_word' id='word_1_309' title='bbox 280 3403 442 3461; x_wconf 82' lang='lat' dir='ltr'><strong>cohibenda</strong></span> <span class='ocrx_word' id='word_1_310' title='bbox 455 3408 599 3479; x_wconf 81' lang='lat' dir='ltr'><strong>avaritia,</strong></span> <span class='ocrx_word' id='word_1_311' title='bbox 624 3409 785 3466; x_wconf 85' lang='lat' dir='ltr'><strong>ambitione</strong></span> <span class='ocrx_word' id='word_1_312' title='bbox 811 3411 992 3491; x_wconf 69' lang='lat' dir='ltr'><strong>frangenda,</strong></span> <span class='ocrx_word' id='word_1_313' title='bbox 1017 3411 1258 3471; x_wconf 79' lang='lat' dir='ltr'><strong>luxuriarefree-</strong></span> 
     </span>
     <span class='ocr_line' id='line_1_39' title="bbox 228 3485 1258 3568; baseline 0.003 -24"><span class='ocrx_word' id='word_1_314' title='bbox 228 3485 342 3559; x_wconf 83' lang='lat' dir='ltr'><strong>nanda3</strong></span> <span class='ocrx_word' id='word_1_315' title='bbox 368 3487 419 3544; x_wconf 93' lang='lat' dir='ltr'><strong>ubi</strong></span> <span class='ocrx_word' id='word_1_316' title='bbox 434 3487 583 3547; x_wconf 87' lang='lat' dir='ltr'><strong>discerent</strong></span> <span class='ocrx_word' id='word_1_317' title='bbox 594 3491 712 3562; x_wconf 84' lang='lat' dir='ltr'><strong>miseri,</strong></span> <span class='ocrx_word' id='word_1_318' title='bbox 739 3492 818 3568; x_wconf 93' lang='lat' dir='ltr'><strong>quod</strong></span> <span class='ocrx_word' id='word_1_319' title='bbox 831 3493 1006 3554; x_wconf 83' lang='lat' dir='ltr'><strong>discendum</strong></span> <span class='ocrx_word' id='word_1_320' title='bbox 1017 3496 1138 3554; x_wconf 76' lang='lat' dir='ltr'><strong>Peraia·</strong></span> <span class='ocrx_word' id='word_1_321' title='bbox 1166 3497 1258 3550; x_wconf 85' lang='lat' dir='ltr'><strong>incre·</strong></span> 
     </span>
     <span class='ocr_line' id='line_1_40' title="bbox 228 3569 435 3644; baseline 0 -18"><span class='ocrx_word' id='word_1_322' title='bbox 228 3569 435 3644; x_wconf 87' lang='lat' dir='ltr'><strong>pavitdieens:</strong></span> 
     </span>
    </p>

    <p class='ocr_par' dir='ltr' id='par_1_8' title="bbox 311 3651 1118 3736">
     <span class='ocr_line' id='line_1_41' title="bbox 311 3651 1118 3736; baseline 0.017 -29"><span class='ocrx_word' id='word_1_323' title='bbox 311 3651 486 3727; x_wconf 89' lang='lat' dir='ltr'><strong>Disciteque</strong></span> <span class='ocrx_word' id='word_1_324' title='bbox 499 3671 516 3710; x_wconf 92' lang='lat' dir='ltr'><strong>o</strong></span> <span class='ocrx_word' id='word_1_325' title='bbox 530 3656 647 3727; x_wconf 87' lang='lat' dir='ltr'><strong>miseri,</strong></span> <span class='ocrx_word' id='word_1_326' title='bbox 670 3665 702 3712; x_wconf 89' lang='lat' dir='ltr'><strong>et</strong></span> <span class='ocrx_word' id='word_1_327' title='bbox 715 3675 819 3714; x_wconf 80' lang='grc' dir='ltr'>οιιιιιι</span> <span class='ocrx_word' id='word_1_328' title='bbox 839 3663 994 3736; x_wconf 78' lang='lat' dir='ltr'><strong>agnoscite</strong></span> <span class='ocrx_word' id='word_1_329' title='bbox 1007 3681 1118 3734; x_wconf 73' lang='lat' dir='ltr'><strong>mum,</strong></span> 
     </span>
    </p>

    <p class='ocr_par' dir='ltr' id='par_1_9' title="bbox 313 3733 1161 3821">
     <span class='ocr_line' id='line_1_42' title="bbox 313 3733 1161 3821; baseline 0.012 -32"><span class='ocrx_word' id='word_1_330' title='bbox 313 3733 391 3800; x_wconf 75' lang='lat' dir='ltr'><strong>Quid</strong></span> <span class='ocrx_word' id='word_1_331' title='bbox 405 3753 523 3810; x_wconf 84' lang='lat' dir='ltr'><strong>snmus,</strong></span> <span class='ocrx_word' id='word_1_332' title='bbox 553 3746 605 3794; x_wconf 85' lang='lat' dir='ltr'><strong>aut</strong></span> <span class='ocrx_word' id='word_1_333' title='bbox 619 3738 759 3813; x_wconf 86' lang='lat' dir='ltr'><strong>quidnam</strong></span> <span class='ocrx_word' id='word_1_334' title='bbox 770 3742 881 3798; x_wconf 78' lang='lat' dir='ltr'><strong>victuri</strong></span> <span class='ocrx_word' id='word_1_335' title='bbox 892 3744 1060 3821; x_wconf 76' lang='lat' dir='ltr'><strong>gignirnur;</strong></span> <span class='ocrx_word' id='word_1_336' title='bbox 1088 3743 1161 3802; x_wconf 89' lang='lat' dir='ltr'><strong>ordo</strong></span> 
     </span>
    </p>

    <p class='ocr_par' dir='ltr' id='par_1_10' title="bbox 315 3816 1182 3902">
     <span class='ocr_line' id='line_1_43' title="bbox 315 3816 1182 3902; baseline 0.013 -31"><span class='ocrx_word' id='word_1_337' title='bbox 315 3817 388 3882; x_wconf 78' lang='lat' dir='ltr'><strong>Quis</strong></span> <span class='ocrx_word' id='word_1_338' title='bbox 402 3816 500 3890; x_wconf 83' lang='lat' dir='ltr'><strong>datus,</strong></span> <span class='ocrx_word' id='word_1_339' title='bbox 527 3829 579 3877; x_wconf 88' lang='lat' dir='ltr'><strong>aut</strong></span> <span class='ocrx_word' id='word_1_340' title='bbox 590 3830 687 3878; x_wconf 81' lang='lat' dir='ltr'><strong>metae</strong></span> <span class='ocrx_word' id='word_1_341' title='bbox 700 3840 787 3898; x_wconf 82' lang='lat' dir='ltr'><strong>qnam</strong></span> <span class='ocrx_word' id='word_1_342' title='bbox 799 3825 895 3882; x_wconf 83' lang='lat' dir='ltr'><strong>mullis</strong></span> <span class='ocrx_word' id='word_1_343' title='bbox 910 3823 1023 3902; x_wconf 81' lang='lat' dir='ltr'><strong>flexus,</strong></span> <span class='ocrx_word' id='word_1_344' title='bbox 1042 3837 1074 3885; x_wconf 86' lang='lat' dir='ltr'><strong>et</strong></span> <span class='ocrx_word' id='word_1_345' title='bbox 1086 3825 1182 3898; x_wconf 84' lang='lat' dir='ltr'><strong>unde3</strong></span> 
     </span>
    </p>
   </div>
   <div class='ocr_carea' id='block_1_8' title="bbox 0 0 1306 4416">
    <p class='ocr_par' dir='ltr' id='par_1_11' title="bbox 0 0 1306 4416">
     <span class='ocr_line' id='line_1_44' title="bbox 0 0 1306 4416; baseline 0 0"><span class='ocrx_word' id='word_1_346' title='bbox 0 0 1306 4416; x_wconf 95' lang='lat' dir='ltr'><strong> </strong></span> 
     </span>
    </p>
   </div>
  </div>
 </body>
</html>
