2586 4396
181 290 184 296 .
261 201 320 260 DE
344 199 565 260 CIVITATE
589 202 666 262 DEI
688 204 766 264 ΗΒ.
789 206 877 267 XVI.
1019 216 1076 272 los

409 355 477 414 CA
499 354 531 413 P.
572 353 722 414 XXVI.

46 456 92 512 De
111 452 303 524 testificatione
321 451 376 504 Dei
395 453 432 504 ad
448 453 598 518 Abrabam.
619 469 671 522 qua
688 453 770 506 eidem
784 455 842 508 seni
857 458 887 510 de
901 460 989 513 sterili
1005 462 1076 518 dara

72 525 167 596 filium
178 523 297 590 spondet,
304 531 461 591 patremque
472 540 531 576 eum
536 523 661 592 gentium
671 525 781 590 statuit,
792 535 819 578 et
825 529 1041 599 promissifidem

294 602 461 646 sacramento
476 593 685 646 circumcisionis
694 593 826 664 obsignat.

109 701 179 759 Post
197 699 268 757 haec
287 711 332 757 est
349 709 433 758 ιιιιιιι
454 700 558 758 Ιιηιιὸι
576 720 613 758 ex
625 703 719 780 Agar,
743 705 773 759 in
792 723 848 778 quo
861 715 964 780 putare
976 718 1075 782 posset

41 789 204 862 impletum,
219 783 295 860 quod
304 786 331 841 ei
340 787 513 859 promissum
523 785 630 856 ficerat,
645 805 710 842 ιιιιιι
722 786 777 844 sibi
789 792 977 846 vernaculum
990 809 1074 848 ιιιιιιιι

42 871 183 946 adoptare
197 871 349 941 voluisset,
362 868 477 926 dicente
490 869 571 927 Deo:
597 866 660 927 Non
674 872 733 929 erit
746 869 851 930 baeres
864 883 931 930 tuus
945 872 1010 949 bio,·
1021 875 1076 934 sed

41 957 99 1035 qui
108 957 187 1012 eniel
202 953 237 1010 de
250 963 295 1023 te,
314 953 364 1010 ille
380 956 439 1010 erit
455 953 561 1012 baares
579 963 657 1011 tuus.
682 951 749 1011 Hoc
763 974 833 1034 ergo
851 959 1023 1032 promissum
1036 977 1075 1016 ιιι

40 1043 73 1096 ιιι
90 1039 216 1095 ancillae
227 1036 290 1092 filio
302 1044 418 1112 putaret
430 1039 596 1114 impletum,
618 1038 677 1094 ἰιιιιι
692 1057 755 1096 cum
774 1049 851 1097 esset
869 1059 1011 1099 annorum
1023 1059 1076 1100 no-

39 1124 173 1200 naginta
190 1132 219 1179 et
236 1139 348 1192 nocem,
372 1124 518 1199 apparuit
537 1123 566 1180 ei
584 1120 684 1192 Deus,
708 1131 738 1178 et
756 1123 834 1180 dicit
844 1123 906 1180 illi:
932 1123 996 1202 Ego
1011 1141 1074 1183 sum

41 1207 146 1276 Deus,
168 1205 256 1284 place
269 1205 299 1261 in
313 1216 470 1281 conspectu
483 1223 555 1275 meo,
580 1215 610 1263 et
624 1215 685 1263 esto
699 1207 763 1263 sine
776 1207 911 1282 querela,
925 1218 955 1264 et
962 1223 1074 1284 ponam

39 1299 250 1349 testamentum
262 1307 354 1344 meum
368 1290 447 1346 inter
458 1307 503 1346 me
516 1297 546 1346 et
556 1288 636 1346 inter
649 1298 689 1360 te,
701 1297 731 1346 et
742 1287 863 1367 implebo
877 1299 906 1346 te
918 1290 1014 1348 valde.
1031 1289 1076 1350 ιιι

33 1373 175 1457 procidit
187 1370 298 1429 Abram
310 1373 340 1428 in
351 1371 471 1444 faciem
484 1389 577 1430 suam.
613 1371 654 1429 Et
666 1370 780 1430 locatas
793 1382 839 1430 est
852 1373 900 1430 illi
911 1372 1010 1445 Deus,
1029 1373 1076 1432 dt-

38 1474 131 1516 cens:
156 1455 195 1512 Et
213 1473 283 1532 ego,
304 1475 369 1514 ecce
391 1465 598 1515 tentamentum
617 1475 708 1513 meum
726 1465 836 1530 tecum‚·
857 1466 887 1516 et
906 1458 966 1515 eris
979 1466 1075 1536 patet·

37 1540 242 1598 multitudinis
253 1539 404 1616 gentium:
428 1550 457 1598 et
474 1559 530 1596 non
548 1537 750 1618 appellabitur
770 1538 865 1597 adbuc
879 1559 979 1598 nomen
993 1550 1075 1599 tuum

37 1624 163 1692 Abram,
176 1623 230 1680 sed
241 1624 301 1680 erit
313 1641 414 1680 nomen
428 1632 508 1680 tuum
521 1621 686 1697 Abrabam
703 1623 773 1700 quia
783 1633 901 1698 patrem
914 1623 1074 1682 multarum

37 1705 174 1781 gentium
176 1703 270 1781 poeni
279 1712 324 1761 te:
332 1712 362 1761 et
371 1703 481 1780 augebo
493 1712 522 1760 te
531 1701 778 1783 ealde,etponam
788 1710 818 1760 te
829 1703 859 1758 in
867 1709 1017 1778 pertenet
1024 1719 1072 1759 ro·

36 1803 95 1857 ges
103 1803 139 1842 en
146 1785 357 1843 teenibnnt:et
365 1795 496 1844 statuam
504 1794 709 1846 testamentum
716 1804 807 1844 meum
816 1786 895 1842 inter
903 1799 948 1843 nte
956 1793 986 1842 et
993 1784 1073 1840 inter

32 1870 76 1930 tc,
94 1869 124 1917 et
139 1861 220 1917 inter
232 1876 328 1916 semen
343 1868 423 1916 tuam
430 1869 504 1937 post
517 1871 546 1918 te
560 1863 589 1916 in
603 1863 810 1938 generationes
821 1879 919 1919 eorum
932 1863 962 1918 in
976 1872 1072 1920 testa·

32 1955 166 2001 mentum
179 1952 347 2012 aeternum,
367 1953 401 2000 ut
414 1945 468 2000 sim
483 1943 538 2000 tibi
549 1942 642 2014 Deus,
659 1954 688 2000 et
702 1946 806 2002 semini
818 1955 868 2002 tuo
874 1955 949 2020 post
961 1956 1000 2003 te.
1032 1945 1074 2002 Et

33 2028 112 2086 dabo
128 2026 185 2085 tibi
198 2035 228 2083 et
242 2025 347 2082 semini
359 2035 408 2083 tuo
416 2036 490 2104 post
503 2036 532 2084 te
546 2037 668 2096 terram,
683 2029 713 2082 in
727 2045 785 2103 qua
799 2027 950 2098 incolo‘es,
965 2047 1074 2086 omnem

33 2123 154 2170 terram
183 2106 325 2165 Obancon
343 2110 561 2185 possessionem
586 2119 753 2178 aeternam,
779 2119 808 2166 et
826 2128 876 2169 ero
899 2110 961 2166 illis
982 2109 1072 2172 Deus.

31 2195 81 2252 Et
96 2195 175 2250 dicit
185 2191 268 2250 Dens
280 2193 322 2250 ad
330 2191 496 2249 Abrabam:
513 2191 557 2249 Τιι
570 2202 668 2250 autern
682 2201 888 2249 tentamentum
899 2211 991 2250 meum
1004 2211 1073 2250 con·

32 2275 189 2347 servabis,
214 2287 245 2333 et
261 2291 356 2332 semen
374 2285 455 2332 tuum
465 2285 540 2354 post
552 2286 582 2333 te
596 2277 626 2332 in
638 2276 846 2352 generationes
859 2292 939 2334 snos.
965 2275 1007 2334 Et
1019 2273 1074 2335 boc

31 2373 84 2422 est
99 2369 310 2418 testamentum
325 2357 440 2436 [meum]
463 2360 539 2437 quod
557 2357 743 2416 conservabis
762 2360 842 2416 inter
855 2361 1020 2431 mensos,
1043 2370 1073 2418 ιι

30 2450 118 2506 ιιιιιι·
132 2461 229 2502 semen
242 2452 322 2500 tuum
333 2453 448 2520 postte
461 2445 491 2498 in
509 2444 716 2519 generationes
730 2459 810 2499 snas.
840 2441 1073 2502 Circumcidetur

30 2549 118 2589 omne
128 2526 468 2596 aestrummasculinam,
483 2535 512 2582 et
525 2525 774 2602 circumcidemini
782 2544 903 2596 carnem
915 2523 960 2600 [in
968 2521 1072 2604 carne]

22 2611 195 2692 praeputii
206 2613 316 2668 nestri:
339 2619 369 2668 et
382 2611 441 2667 erit
454 2611 485 2665 in
499 2610 615 2686 signum
629 2609 803 2667 testamenti
820 2609 900 2666 inter
912 2627 957 2666 me
970 2617 1000 2665 et
1012 2624 1072 2666 sos.

28 2696 80 2754 Et
86 2713 168 2772 puer
181 2704 246 2758 octo
261 2694 373 2752 dierum
387 2692 631 2762 circumcidetur,
643 2701 775 2748 oestrum
789 2709 870 2749 omne
882 2691 1073 2760 masculinum

28 2784 67 2838 in
75 2779 240 2856 progenies
253 2787 381 2836 vestras.
405 2773 586 2834 Vernaculus
600 2784 631 2846 et
641 2775 772 2832 emtitius
786 2775 822 2833 ab
836 2777 915 2832 omni
918 2774 989 2848 filio
1001 2775 1075 2832 olie-

29 2865 167 2940 nigcna,
190 2862 242 2940 qni
255 2871 372 2919 nonest
386 2861 543 2918 desemine
557 2867 625 2930 tuo,
648 2859 870 2918 circumcisione
886 2859 1075 2916 circumcide-

27 2959 103 3006 tur:
125 2946 304 3004 vernaculus
324 2945 423 3002 domus
437 2953 508 3002 tuae
521 2952 552 3001 et
565 2945 705 3003 emtitius.
732 2941 775 3000 Et
793 2945 854 3002 erit
868 2953 1075 3001 testamentum

25 3050 129 3089 meum
150 3031 183 3086 in
200 3047 291 3086 carne
307 3039 410 3086 oestro
429 3029 460 3085 in
478 3037 685 3086 testamentum
703 3037 863 3086 aeternnm.
897 3026 939 3096 Et
956 3029 1007 3106 qui
1018 3045 1075 3086 non

19 3116 137 3191 fuerit
162 3114 369 3182 circumcisas,
393 3112 541 3168 masculus
561 3113 612 3189 qui
631 3131 687 3168 non
706 3112 934 3169 circumcidetur
957 3129 1076 3168 carnem

22 3198 197 3276 praeputii
213 3198 261 3252 sui
279 3205 382 3252 octaoo
401 3196 462 3264 die,
484 3195 620 3251 interibit
638 3196 738 3252 animo
757 3194 811 3250 illo
830 3195 985 3270 degenere
998 3195 1076 3266 eius‚·

25 3285 103 3360 qaia
115 3289 330 3338 testamentum
341 3296 432 3336 meum
444 3279 613 3354 dissipavit.
625 3277 667 3334 Et
678 3278 757 3336 dicit
769 3275 852 3334 Deus
862 3278 903 3334 ad
909 3274 1076 3332 Abrabam:

25 3365 115 3423 Sara
133 3359 259 3440 [Sorai]
274 3380 350 3419 asor
364 3371 427 3430 tuo,
441 3379 497 3417 non
511 3359 712 3436 appellabitur
725 3377 826 3416 nomen
841 3361 905 3416 eins
918 3357 1001 3414 Sara
1017 3353 1076 3430 [ul-

24 3461 85 3506 tra
98 3443 226 3522 Sarae],
241 3447 294 3504 sed
302 3444 401 3503 Sarra
413 3445 472 3502 erit
483 3461 583 3500 nomen
598 3446 669 3500 eius.
683 3441 861 3499 Benedicam
873 3451 971 3499 autem
984 3438 1076 3508 illam,

23 3543 58 3590 et
73 3533 157 3591 dabo
172 3531 230 3589 tibi
243 3548 280 3588 en
292 3527 451 3601 eafilium:
475 3537 504 3584 et
519 3525 685 3584 benedicam
699 3525 795 3598 illum‚·
818 3525 920 3582 eterit
934 3523 965 3576 in
980 3523 1078 3578 notio-

21 3634 96 3688 nes,
114 3625 151 3676 et
163 3631 253 3691 reges
264 3615 397 3690 gentium
411 3629 448 3670 es
461 3631 492 3668 eo
507 3619 602 3666 erant.
627 3609 670 3667 Et
676 3607 812 3687 procidit
824 3603 974 3664 Abrabam
987 3621 1078 3682 super

13 3702 151 3774 faciem
165 3715 269 3773 saam3
292 3706 322 3754 et
334 3697 421 3766 risit,
444 3705 474 3752 et
488 3693 567 3751 dicte
579 3694 610 3748 in
624 3694 721 3749 animo
735 3707 802 3759 suo,
817 3691 935 3748 dicens:
961 3685 1081 3746 Simili

19 3795 155 3842 centnm
170 3798 266 3838 annos
280 3779 401 3836 babenti
413 3787 554 3835 nascetur
564 3775 662 3847 filins,
677 3785 706 3831 et
720 3775 749 3829 si
760 3771 859 3830 Sarra
872 3791 1014 3830 annorum
1027 3790 1078 3828 no-

18 3870 169 3945 naginta
176 3861 308 3945 parieti
344 3861 432 3920 Dicit
444 3872 542 3919 antem
556 3857 706 3916 Abrabam
720 3857 761 3914 ad
772 3855 884 3914 Deum:
910 3851 1021 3913 Ismail
1031 3852 1080 3911 tte
