2530 4392
194 209 255 267 DE
279 209 499 269 ClVlTA'l'E
523 208 602 268 DEI
630 210 709 268 ΗΒ.
731 211 829 274 xxi.
968 221 1029 280 333

45 363 153 420 credulis
166 365 312 434 volumus,
331 364 403 420 satis
418 364 468 420 illa
482 361 650 435 sufficiunt,
677 381 751 440 quae
765 384 819 422 nos
833 385 947 445 quoque
959 389 1027 446 poa.

44 467 100 504 mus
119 449 257 522 experiri,
285 456 429 504 eteorum
443 457 533 504 testes
547 445 667 505 idoncos
682 465 742 504 non
757 448 872 506 difficile
886 461 931 508 est
943 455 1025 512 inve·

44 551 75 587 re.
116 531 157 588 Dc
170 532 226 587 isto
246 539 344 587 autem
362 531 432 587 sano
453 529 577 587 Veneris
598 541 628 586 et
646 533 765 589 lucerna
779 535 1025 613 inexstinguibili,

44 634 61 672 n
74 615 203 671 salumin
217 617 313 671 nullas
327 624 494 671 coartamur
507 617 676 692 angustias,
702 634 803 671 verum
818 619 906 673 etiem
923 620 1024 676 latitu-

44 702 76 756 1is
91 699 165 755 nobis
179 717 294 774 campus
309 700 449 771 aperitur.
481 697 618 756 Addimus
633 699 712 754 enim
727 698 763 754 ad
777 702 862 757 istam
876 703 1027 758 lucernam

44 784 271 860 sxstinguibilcrn,
286 792 316 838 et
328 780 524 839 humanarum
537 792 567 838 et
579 783 776 860 magicarum,
791 783 822 840 id
836 793 896 854 est,
910 803 962 859 per
974 783 1026 841 bo·

44 886 90 924 ncs
103 865 331 922 daemonicarum
342 867 460 936 artium,
475 875 504 922 et
517 867 647 940 ipsorum
657 885 710 941 per
718 885 750 922 sc
763 868 843 942 ipsos
853 866 1027 925 daemonum

46 954 86 1007 lta
97 951 246 1007 miracula:
270 968 343 1025 quae
357 951 383 1005 si
396 967 507 1028 negare
522 951 711 1022 voluerimus,
725 950 818 1007 eidam
830 952 888 1026 ipsi
902 953 949 1007 cui
963 970 1012 1007 cre

44 1053 88 1089 sus
101 1052 243 1090 sacrarum
255 1035 409 1091 literarum
422 1033 643 1092 adversabimur
662 1034 793 1091 veritati.
836 1040 895 1092 Aut
909 1053 980 1114 ergo
995 1037 1025 1092 in

44 1137 111 1174 erne
128 1119 175 1174 illa
193 1116 395 1175 mechanicum
408 1117 520 1194 aliquid
534 1117 569 1173 de
582 1117 677 1192 lapide
691 1117 814 1174 Asbesto
833 1137 882 1174 ars
901 1117 1028 1176 humans

44 1205 93 1258 lita
106 1211 162 1274 est,
176 1211 225 1258 aut
237 1211 301 1260 arte
314 1204 430 1280 magica
443 1203 553 1258 factmn
567 1210 622 1270 cst,
637 1201 715 1276 quod
727 1200 861 1258 homines
875 1203 925 1258 illo
937 1205 1028 1258 mira·

43 1297 95 1344 tur
114 1287 144 1342 in
166 1289 289 1360 templo,
316 1296 368 1342 aut
388 1287 513 1344 daemon
533 1286 678 1360 quispiam
696 1285 750 1342 sub
770 1287 890 1342 nomine
903 1284 1028 1342 Veneris

43 1381 73 1430 ta
86 1388 116 1425 se
131 1369 257 1427 efficacia
270 1371 487 1444 praesentavit,
510 1378 543 1425 ut
556 1367 611 1425 hoc
625 1367 666 1426 ibi
679 1369 847 1448 prodigium
862 1377 893 1426 et
905 1387 1027 1446 appare-

46 1454 227 1526 hominibus,
253 1465 283 1510 ct
296 1455 406 1510 diutius
420 1461 616 1528 permaneret.
666 1451 834 1510 illiciuntur
848 1464 944 1512 autern
958 1456 1027 1512 dae-

43 1557 88 1594 nes
99 1537 135 1594 ad
146 1535 366 1596 inhabitandum
379 1557 432 1614 pcr
446 1547 612 1607 creaturas,
637 1554 709 1612 quas
723 1556 783 1594 non
796 1539 869 1612 ipsi,
883 1538 934 1596 sed
946 1537 1027 1597 Deus

46 1622 134 1693 didit,
160 1621 379 1678 delectabilibus
397 1639 451 1695 pro
471 1639 524 1678 sua
548 1620 720 1678 diversitate
743 1619 884 1693 diversis,
911 1641 973 1680 non
994 1633 1028 1680 ut

43 1709 124 1762 naalia
137 1705 224 1778 cibis,
251 1705 303 1762 sed
322 1715 355 1762 ut
374 1707 495 1782 spiritus
515 1705 627 1784 signis,
655 1723 729 1780 quac
744 1706 886 1781 cuiusque
900 1705 1027 1763 delecta·

43 1792 61 1846 n
76 1799 259 1868 congruunt,
282 1809 335 1865 pcr
348 1791 430 1848 varia
442 1807 554 1868 genera
567 1787 713 1864 lapidum,
728 1787 908 1866 botherum,
927 1792 1027 1868 ligno·

43 1896 65 1945 ι,
85 1876 267 1945 animalium,
288 1876 465 1946 carminum,
488 1876 606 1931 rituum.
651 1872 690 1929 Vt
703 1883 801 1930 eutem
816 1874 978 1930 illiciantur
991 1873 1025 1932 ai

43 1959 165 2029 sinibus,
192 1959 273 2033 prius
287 1977 336 2015 eos
355 1960 414 2033 ipsi
426 1958 608 2014 astutissima
622 1957 782 2013 calliditate
797 1955 954 2028 seducunt,
980 1959 1028 2013 vel

43 2041 153 2098 ‚irando
168 2060 268 2098 corum
283 2041 420 2098 cordibus
433 2041 515 2097 virus
528 2042 691 2108 occultum,
709 2041 758 2095 vel
771 2041 858 2094 ctiam
873 2039 1026 2096 fallacibus

42 2127 120 2181 citiis
140 2124 321 2200 apparendo,
349 2139 631 2197 corumquepaucos
646 2121 804 2194 discipulos
820 2121 1026 2192 sucrificium,

42 2212 231 2284 imorumquc
256 2209 400 2266 doctores.
445 2205 547 2280 Neque
574 2206 652 2260 enim
678 2205 792 2278 potuit,
819 2204 877 2258 nisi
900 2206 1027 2278 primum

42 2314 50 2350 s
71 2293 259 2362 docentibus,
286 2291 361 2350 disci
374 2289 445 2366 quid
458 2290 583 2364 quisquc
594 2289 711 2344 illorum
725 2295 860 2362 appetat,
887 2287 958 2362 quid
973 2305 1026 2347 ex-

42 2387 113 2446 eat,
129 2395 186 2452 quo
201 2377 345 2433 invitetur
358 2375 495 2444 nornine,
509 2389 565 2447 quo
576 2381 714 2449 cogatur:
741 2369 819 2427 unde
831 2373 964 2448 magicae
978 2390 1026 2428 ar-

42 2479 199 2536 surumque
213 2459 342 2517 artifices
362 2459 553 2514 exstiterunt.
596 2455 725 2512 Maxime
750 2463 850 2510 autem
872 2454 1026 2528 possident

42 2565 65 2601 n
78 2546 266 2615 mortalium,
281 2562 339 2618 qua
352 2543 536 2617 potissimum
550 2541 738 2613 possessione
752 2539 935 2615 gloriantur,
959 2558 1026 2594 eum

42 2628 242 2705 ·ansfigurant
261 2629 293 2684 in
307 2626 436 2704 Angelos
451 2625 534 2680 lucis.
579 2620 656 2678 Sunt
670 2641 740 2700 ergo
753 2621 832 2678 lacta
845 2639 948 2676 eorum
960 2623 1024 2696 plu-

42 2739 64 2780 ι,
94 2729 171 2786 quac
191 2721 301 2786 quanto
321 2711 415 2788 magis
432 2706 579 2764 mirabilia
598 2706 788 2777 confitemur,
814 2713 898 2762 tanto
912 2706 1025 2760 cautius

42 2815 70 2853 re
85 2795 235 2850 debemus.
280 2792 340 2850 Sed
359 2792 396 2850 ad
414 2790 470 2848 hoc
487 2789 565 2846 unde
585 2808 663 2846 nunc
676 2791 808 2867 agimus,
837 2788 921 2844 nobis
936 2790 1025 2846 etiam

44 2877 224 2956 proficiunt.
248 2877 283 2936 Si
297 2879 375 2936 enirn
387 2875 459 2933 hacc
468 2871 610 2932 immundi
622 2873 778 2930 daemones
791 2882 925 2948 possunt,
939 2881 1023 2930 tanto

42 2965 161 3022 ntiores
177 2973 247 3020 usnt
265 2964 363 3034 sancti
375 2961 499 3038 Angeli,
520 2967 629 3034 quanto
649 2959 799 3032 potentior
816 2965 862 3012 est
887 2955 933 3012 his
960 2975 1022 3014 nm-

42 3067 57 3103 s
76 3047 179 3118 Deus,
208 3048 258 3124 qui
276 3056 426 3104 tantarum
444 3043 654 3100 miraculorum
674 3039 826 3100 effectores
841 3041 929 3098 etism
943 3042 1023 3116 ipsos

42 3132 105 3187 clos
123 3129 206 3187 fecit.

42 3214 240 3281 Quamobrem
252 3217 278 3271 si
292 3224 337 3271 tot
350 3224 379 3270 et
392 3223 475 3270 tanta
489 3206 633 3288 [tamque]
649 3208 789 3276 mirifica,
809 3224 883 3281 quae
895 3197 1023 3286 μηχανή-

42 3320 50 3355 s
73 3299 245 3373 appellant,
272 3299 332 3356 Dei
345 3306 481 3353 creatura
501 3294 649 3350 utentibus
663 3289 797 3346 humanis
811 3290 922 3346 artibus
937 3289 1025 3360 liunt,

42 3405 47 3439 ι
64 3384 119 3457 qui
132 3383 276 3438 nesciunt
289 3382 451 3456 opinentur
464 3396 530 3434 esse
549 3376 666 3444 divina;
692 3371 771 3428 unde
784 3370 893 3427 iactum
907 3379 967 3441 cst,
993 3380 1027 3426 ut

42 3465 149 3522 sudam
163 3467 272 3540 templo
287 3463 434 3539 lapidibus
447 3459 631 3540 magnetibus
652 3458 683 3512 in
702 3456 765 3510 solo
785 3462 815 3508 ct
828 3471 942 3510 camera
956 3471 1024 3527 pro-

42 3567 110 3606 ,one
123 3549 344 3628 magnitudinis
358 3546 481 3622 positis,
509 3537 697 3600 simulacrum
711 3539 842 3594 ferreum
855 3537 931 3593 acris
946 3538 1026 3594 illius

43 3654 63 3689 ο
80 3635 169 3689 inter
183 3642 340 3708 utrumque
353 3628 495 3704 lapidem,
518 3623 723 3705 ignorantibus
738 3619 806 3697 qnid
820 3637 934 3676 usrsum
949 3630 1027 3676 essct

42 3735 184 3786 sorsum,
212 3718 295 3792 quasi
314 3714 445 3772 numinis
465 3717 608 3788 potestate
625 3705 781 3782 penderet3
807 3706 893 3780 quale
917 3703 1026 3779 aliquid

44 3822 55 3856 ι
70 3803 106 3857 in
123 3801 181 3856 illa
195 3801 319 3857 lucerna
331 3797 460 3854 Veneris
474 3795 511 3852 de
523 3790 619 3868 lapide
638 3790 755 3846 asbesto
774 3787 810 3844 ab
830 3787 943 3846 artifice
962 3788 1026 3844 fieri

42 3889 103 3941 lssc
134 3885 199 3940 iam
223 3884 366 3944 diximus:
393 3883 419 3938 si
437 3895 594 3958 magorum
613 3891 717 3950 opera,
744 3889 817 3950 quos
832 3883 934 3930 nostra
948 3870 1029 3928 Scri-
