2602 4416
230 219 271 276 24
454 206 551 265 DIVI
576 203 763 264 AVRELII
787 203 1042 263 AVGVSTlNl

230 363 310 442 quod
322 362 381 418 duo
396 361 530 430 fuerunt,
550 366 580 413 ct
594 353 777 420 adulterium,
786 371 864 410 unus
877 353 1010 427 admisit,
1027 355 1079 412 sed
1088 359 1188 430 potius
1202 376 1273 416 am-

230 452 266 506 bo
296 445 475 502 adulterium
502 439 728 507 commiserunt,
751 455 829 492 unus
854 438 1011 494 manifesta
1024 441 1197 513 invasione,
1222 445 1274 498 al-

229 543 298 589 tera
309 532 423 586 latente
437 523 649 588 consensione,
675 537 737 574 non
763 537 795 574 se
821 519 931 576 occidit
950 522 1113 581 insontem:
1143 533 1173 580 et
1198 523 1273 580 ideo

230 621 331 689 potest
344 631 362 668 a
374 609 514 666 litteratis
529 605 592 660 eius
609 601 815 659 defensoribus
829 601 888 658 dici
906 621 967 660 non
981 607 1046 661 e'sse
1060 606 1138 679 apud
1150 607 1273 664 inferos

229 697 410 762 interillos,
436 690 488 764 qui
506 688 563 743 sibi
581 688 675 742 letum
692 687 827 742 insontes
846 704 988 760 peperere
1002 707 1101 746 manu.
1145 687 1205 746 Sed
1224 693 1274 746 ita

231 780 305 837 baec
319 792 408 832 causa
423 789 461 828 ex
473 779 601 845 utroque
619 771 712 828 latere
732 777 898 842 coartatur,
925 773 999 827 utri
1018 781 1198 828 extenuatur
1210 770 1273 828 bo-

231 859 398 927 micidium,
425 853 603 910 adulterium
629 851 836 925 confirmetur,
869 855 895 909 si
912 863 1059 932 purgatur
1077 855 1274 934 adulterium,

230 939 422 999 homicidium
436 937 616 994 cumuletur:
643 955 700 992 nec
714 937 835 991 omnino
849 937 1002 994 invenitur
1014 939 1132 1008 exitus,
1156 939 1208 994 ubi
1223 937 1274 993 di-

233 1027 327 1094 citur,
350 1020 386 1078 Si
411 1020 592 1090 adulterata,
620 1037 674 1076 cur
699 1015 837 1074 laudata?
863 1021 890 1074 si
915 1019 1038 1093 pudica,
1065 1039 1119 1076 cur
1147 1017 1276 1076 occisa'.l

295 1105 389 1162 Nobis
402 1113 502 1160 tamen
519 1105 552 1158 in
563 1101 620 1158 hoe
634 1111 695 1157 tam
712 1101 806 1156 nobili
824 1101 952 1157 feminae
965 1101 1054 1159 huius
1069 1105 1204 1176 exemplo
1233 1103 1278 1159 ad

230 1193 306 1246 istos
320 1185 512 1258 refutandos,
542 1186 593 1259 qui
612 1182 789 1241 Christianis
811 1183 932 1238 feminis
946 1185 979 1240 in
1000 1188 1172 1258 captivitate
1187 1204 1278 1242 com-

231 1273 359 1346 pressis,
386 1271 478 1326 alieni
491 1269 527 1324 ab
541 1269 622 1323 omni
636 1265 818 1344 cogitatione
832 1267 999 1323 sanctitatis
1013 1269 1176 1340 insultant,
1204 1269 1278 1324 suf-

230 1356 295 1412 ficit
304 1353 383 1429 quod
396 1355 429 1410 in
441 1351 601 1425 praeclaris
615 1351 679 1405 eius
692 1347 828 1404 laudibus
842 1347 954 1406 dictum
968 1357 1027 1406 est:
1050 1348 1119 1406 Duo
1133 1351 1280 1422 fuerunt,

232 1447 263 1494 et
275 1437 454 1492 adulterium
467 1452 545 1490 unus
560 1431 686 1490 admisit.
723 1429 805 1486 Talis
820 1433 898 1487 onim
911 1433 945 1488 ab
961 1434 1003 1486 eis
1017 1431 1155 1488 Lucretia
1171 1435 1279 1510 magis

233 1518 347 1575 credita
360 1525 423 1585 est,
450 1533 526 1588 quae
541 1533 574 1570 se
586 1517 669 1570 nullo
690 1512 859 1570 adulterino
880 1516 1012 1586 potuerit
1028 1517 1177 1571 maculare
1197 1533 1280 1572 con-

234 1617 335 1656 sensu.
379 1596 466 1664 Quod
494 1600 566 1673 crgo
593 1614 625 1651 se
650 1597 759 1667 ipsam,
787 1597 927 1670 qnoniam
944 1596 1111 1653 adulterum
1134 1600 1280 1670 pertulit,

233 1685 323 1740 etiam
335 1699 398 1737 non
411 1675 576 1734 adulterata
589 1677 713 1748 occidit,
741 1686 862 1732 nonest
885 1678 1047 1751 pudicitiae
1068 1681 1192 1752 caritas,
1219 1681 1279 1737 sed

232 1765 355 1841 pudoris
375 1761 541 1819 infirmitas.
585 1759 696 1816 Puduit
708 1759 787 1816 enim
805 1778 870 1816 eam
887 1761 1082 1834 turpitudinis
1104 1764 1220 1818 alienae
1240 1765 1278 1820 in

232 1867 265 1905 se
280 1847 467 1916 commissae,
488 1845 545 1900 etsi
560 1861 622 1900 non
636 1860 752 1898 secum:
783 1851 813 1898 et
825 1841 959 1900 Romana
972 1846 1078 1901 mulier
1092 1844 1189 1901 laudis
1205 1849 1277 1902 avi-

232 1929 270 1986 de
282 1930 407 1986 nimium
419 1929 516 1985 verita
529 1935 585 1998 est,
611 1945 650 1982 ne
663 1933 835 1998 putaretur,
863 1926 942 2002 quod
954 1929 1102 1984 violenter
1121 1937 1166 1984 est
1182 1946 1277 2000 passa

233 2032 301 2070 eum
313 2013 445 2082 viveret,
471 2010 601 2066 libenter
622 2025 710 2082 passa
724 2009 750 2063 si
764 2010 886 2066 viveret.
929 2009 1014 2066 Vnde
1036 2011 1074 2066 od
1093 2013 1194 2068 oculos
1214 2009 1276 2068 ho-

232 2098 346 2154 minum
358 2095 465 2150 mentis
480 2111 553 2149 suae
565 2100 673 2148 testem
690 2092 770 2148 illam
788 2109 916 2165 poenam
932 2092 1125 2151 adhibendam
1142 2097 1277 2167 putavit,

233 2180 340 2253 quibus
355 2177 568 2234 conscientiam
581 2173 785 2232 demonstrare
798 2193 860 2230 non
877 2177 984 2248 potuit.
1029 2175 1148 2233 Sociam
1162 2179 1277 2252 quippe

233 2261 307 2317 facti
320 2278 352 2315 se
365 2259 448 2318 credi
461 2259 591 2328 erubuit,
609 2259 636 2312 si
650 2255 729 2331 quod
742 2259 818 2313 alius
832 2259 865 2314 in
879 2276 913 2314 ea
926 2259 1038 2315 facerat
1050 2261 1188 2333 turpiter,
1208 2261 1275 2316 fer-

233 2351 281 2399 ret
298 2344 363 2414 ipsa
377 2343 532 2416 patienter.
576 2339 645 2397 Non
668 2337 725 2395 hoe
753 2341 891 2396 fecerunt
916 2341 1044 2404 sentinae
1070 2341 1275 2415 Christianae,

234 2443 310 2500 quae
323 2443 428 2498 passae
443 2425 550 2480 similia
563 2424 678 2481 vivunt.
723 2421 836 2480 Tamen
848 2426 949 2480 necin
967 2443 999 2480 se
1022 2427 1101 2480 ultae
1115 2433 1186 2480 sunt
1210 2429 1274 2482 cri-

233 2527 302 2564 men
316 2509 456 2579 alienum,
468 2527 506 2563 ne
518 2509 647 2562 aliorum
661 2507 821 2562 sceleribus
835 2506 977 2584 adderent
990 2523 1058 2584 sua,
1079 2509 1115 2578 si,
1129 2509 1276 2581 quoniam

233 2589 381 2646 hostetin
396 2593 439 2645 eis
454 2587 691 2664 concupiscendo
719 2598 821 2662 stupra
840 2592 1064 2660 commiserant,
1091 2592 1162 2644 illae
1178 2592 1212 2646 in
1240 2611 1275 2647 se

234 2675 306 2746 ipsis
319 2671 480 2729 homicidia
494 2671 695 2728 erubescendo
712 2673 938 2728 committerent.
970 2673 1089 2730 Habent
1101 2673 1209 2746 quippe
1223 2675 1274 2730 in-

234 2765 284 2810 tus
305 2758 432 2831 gloriam
446 2755 607 2822 eastitatis,
631 2756 833 2810 testimonium
850 2757 1063 2812 conscientiae:
1090 2753 1200 2811 habent
1217 2775 1275 2814 au·

234 2845 295 2891 tem
314 2853 414 2890 coram
434 2835 529 2890 oculis
549 2834 605 2889 Dei
621 2835 685 2904 sui3
711 2854 767 2890 neo
786 2839 945 2910 requirunt
962 2841 1103 2912 amplius,
1128 2838 1180 2894 ubi
1199 2840 1276 2913 quid

235 2926 317 2972 recte
331 2917 453 2987 faciant,
482 2933 543 2970 non
559 2915 684 2987 amplius
711 2917 831 2990 babent,
858 2938 896 2976 ne
910 2921 1029 2978 devient
1042 2922 1077 2977 ab
1092 2922 1275 2977 auctoritate

233 3001 308 3076 legis
335 2997 467 3070 divinae,
500 3015 568 3054 cum
593 2999 669 3053 male
702 2999 834 3056 devitant
866 3000 1059 3060 offensionem
1090 3004 1273 3077 suspicionis

233 3079 388 3138 humanae.

627 3180 749 3238 CAP.
791 3181 878 3239 XX.

233 3257 263 3308 N
264 3260 345 3311 ullam
355 3274 410 3312 eoae
420 3261 622 3323 auctoritatem,
642 3279 711 3329 quae
723 3259 888 3314 Christianis
908 3263 937 3314 ia
953 3261 1073 3330 qualibet
1083 3279 1165 3316 causa
1175 3265 1219 3316 ius
1228 3283 1274 3318 oo-

573 3331 711 3383 luntars'ae
726 3331 798 3383 necis
814 3331 927 3382 tribuat.

294 3416 398 3492 Neque
420 3421 498 3476 enim
516 3421 629 3477 frustra
646 3422 679 3476 in
701 3421 813 3476 sanctis
834 3420 986 3474 canonicis
1012 3421 1096 3476 libris
1125 3439 1273 3494 nusquam

232 3501 317 3555 nobis
337 3500 482 3558 divinitus
501 3511 692 3577 praeceptum
719 3502 932 3575 permissumve
951 3503 1078 3574 reperiri
1095 3511 1210 3576 potest,
1238 3515 1273 3560 ut

233 3584 280 3636 vel
293 3584 387 3654 ipsius
403 3583 610 3657 adipiscendae
635 3585 881 3654 immortalitatis,
910 3587 959 3640 vel
971 3586 1061 3640 ullius
1083 3585 1206 3640 carendi
1221 3605 1271 3642 ca-

230 3662 359 3718 vendive
374 3667 444 3720 mali
459 3685 559 3738 causa,
586 3667 805 3738 nobissmetipis
820 3684 924 3722 necem
937 3667 1110 3723 inferamus.
1150 3666 1227 3723 Nam
1242 3678 1272 3724 et

232 3741 397 3814 prohibitos
411 3765 467 3804 nos
482 3766 546 3802 csse
559 3747 786 3824 intelligendum
799 3756 860 3818 est,
887 3749 939 3804 ubi
964 3751 1013 3803 lex
1027 3750 1084 3804 ait:
1110 3747 1175 3806 Non
1193 3753 1272 3807 ocei-

233 3823 294 3882 dos.
336 3823 516 3886 Praesertim
537 3831 605 3905 quia
631 3847 692 3886 non
718 3827 842 3901 addidit,
867 3831 1036 3903 proximum
1062 3841 1162 3888 tuum:
1190 3833 1271 3890 sicut

697 3999 712 4032 *Ι
