2538 4392
213 211 273 276 Dii
296 215 515 276 civitatis
538 219 616 278 DEI
637 221 719 280 LIB.
742 223 873 286 XVIII.
1002 235 1061 292 tau

46 369 146 434 fudisse
157 368 234 426 aiunt
245 381 346 424 semen
359 369 390 426 in
404 377 530 442 terram,
553 375 643 448 atque
656 373 725 430 inde
738 373 848 436 homini
862 387 931 438 nata
945 383 982 440 ab
996 403 1060 443 eam

45 469 150 509 causam
161 453 214 508 tale
227 451 352 509 inditum
365 469 482 510 acmen.
519 454 634 514 Graeca
654 459 732 516 enim
750 461 853 539 lingua
866 456 925 543 ἔρις
939 477 1060 526 conten-

42 538 100 608 tio,
122 543 148 590 et
161 527 240 612 χθὼν
254 543 332 592 terra
346 545 406 608 cst,
433 555 471 594 ex
484 539 592 614 quibus·
602 538 712 598 duobus
726 548 918 619 compositum
932 550 1058 608 vocabu-

39 622 100 678 lum
112 627 151 674 cst
160 616 375 676 Erichthonius.
404 619 526 694 Verum,
550 623 627 698 quod
639 623 789 684 fatendum
803 639 858 702 est,
879 630 1017 690 refellunt
1030 645 1061 692 at

39 722 57 760 a
70 703 128 760 suis
140 701 188 759 diis
201 703 347 777 repellunt
359 704 417 761 ista
431 703 588 778 doctiores,
613 709 663 782 qni
676 706 753 766 banc
766 713 935 786 opinionem
947 715 1059 773 fabulo·

37 805 97 843 sam
109 784 170 842 ltine
182 795 314 844 exortum
325 787 442 859 lerunt,
470 790 580 863 quiain
593 794 700 866 templo
715 791 839 852 Vulcani
852 807 885 853 ct
895 795 1059 872 Minervae,

37 868 112 946 qnod
123 869 197 925 ambo
208 887 299 926 unum
309 867 455 930 habebant
463 870 598 946 Athenis,
612 878 761 950 expositus
776 881 915 936 inventus
929 890 974 937 est
985 899 1061 956 puer

35 954 154 1010 dracoue
165 953 326 1023 involutus,
353 955 403 1028 qui
422 973 488 1012 eum
506 957 687 1034 significavit
699 979 837 1039 magnum
855 963 1005 1034 futurum,
1032 975 1062 1022 et

31 1045 147 1112 propter
160 1054 307 1096 summum
320 1039 475 1111 templum,
502 1057 590 1114 quum
604 1052 706 1098 essent
723 1055 861 1116 parentes
874 1049 937 1103 eius
953 1051 1059 1126 ignoti,

31 1119 151 1175 Vuleaai
167 1127 195 1174 et
208 1117 357 1178 lliuervae
374 1120 485 1176 dietum
508 1141 573 1178 csse
595 1124 704 1182 filium:
731 1131 859 1197 nominis
880 1139 977 1187 waren
996 1128 1060 1187 cius

31 1203 172 1279 originem
188 1199 287 1259 fabula
305 1203 356 1262 illa
372 1205 471 1276 potius
489 1223 574 1278 quam
593 1208 650 1262 ista
669 1207 806 1284 designat
822 1209 956 1273 historia.
1000 1211 1060 1270 Sed

30 1285 99 1361 quid
111 1283 147 1340 ad
157 1279 227 1343 noel
253 1283 319 1342 Hoc
343 1281 445 1360 [quum
456 1283 519 1361 isti]
539 1289 572 1344 in
591 1289 745 1348 veracibus
763 1291 847 1348 libris
864 1291 998 1350 hemines
1011 1297 1058 1352 in-

29 1377 126 1427 struat
138 1363 307 1442 [instruant]
321 1369 488 1445 religiosos,
515 1371 589 1428 illud
601 1374 633 1428 in
646 1371 798 1430 fallacibus
811 1375 888 1432 ludis
901 1376 1060 1434 daemonas
1152 1419 1158 1430 .

27 1453 151 1510 delectet
162 1453 306 1525 impuros:
329 1467 403 1526 quos
426 1461 525 1510 tamen
549 1456 593 1514 illi
615 1457 750 1533 religiosi
768 1466 908 1532 tauquam
924 1459 995 1516 deos
1007 1479 1059 1518 co-

24 1539 107 1602 lunt;
122 1544 149 1590 et
160 1552 247 1609 quum
257 1533 295 1590 do
309 1535 373 1592 illis
382 1532 455 1592 baec
468 1547 596 1614 nogant,
604 1539 640 1596 ab
655 1541 800 1596 amnicos
815 1543 942 1598 orinsine
951 1543 1060 1622 purga·

22 1639 57 1676 re
71 1635 132 1676 aon
144 1626 280 1692 purant,
304 1619 443 1692 quoniam
460 1619 545 1677 ludos
565 1623 608 1678 eis
626 1625 813 1696 poscentibus
828 1623 985 1698 exhibeat,
1011 1627 1061 1683 ubi

21 1701 150 1776 turpiter
160 1709 299 1778 aguntur,
314 1718 388 1776 quae
397 1703 478 1758 velut
489 1705 641 1780 sapienter
654 1717 813 1784 negantur,
827 1718 858 1764 et
870 1707 917 1766 his
931 1710 1013 1766 falsis
1028 1726 1062 1766 ac

20 1785 156 1860 turpibus
168 1783 208 1840 dii
220 1785 389 1858 placantur,
412 1787 462 1845 ubi
482 1789 538 1844 etsi
556 1788 657 1846 fabula
669 1800 770 1848 canat
782 1793 894 1850 crimen
907 1795 1061 1851 numinum

18 1870 138 1940 falsum,
152 1867 289 1928 delectari
302 1877 399 1926 tamen
414 1868 489 1928 falso
503 1873 639 1944 crimine,
653 1875 765 1931 crimen
780 1885 826 1931 est
837 1895 950 1933 verum.
1052 1906 1055 1915 ι

350 2073 352 2080 ,
394 2035 417 2094 C
441 2038 466 2094 Α
488 2037 521 2094 Ρ.
564 2038 684 2096 XIII.

16 2135 152 2201 Qualium
163 2131 327 2206 fabularum
333 2131 471 2202 figmenta
486 2142 584 2186 exorta
600 2134 656 2187 sint
672 2151 703 2186 eo
718 2143 848 2202 tompore,
867 2151 919 2203 pao
928 2133 1063 2189 Hebraeis

340 2201 443 2256 ludices
449 2218 575 2270 praeesse
585 2213 739 2272 coeperunt.

80 2292 156 2350 Post
167 2302 292 2350 martem
304 2290 485 2364 IesuNave,
512 2296 636 2370 populus
651 2293 710 2351 Dei
724 2291 838 2350 ludices
850 2293 968 2366 'habuit
995 2296 1061 2370 quti-

10 2383 69 2438 bus
83 2376 267 2450 temporibus
282 2377 507 2434 alternaverunt
518 2377 597 2453 apud
615 2395 665 2434 eos
679 2388 710 2434 et
728 2376 910 2436 humilitates
928 2378 1061 2438 laborum

10 2482 67 2539 pro
84 2477 191 2517 eorum
202 2461 343 2534 peccatis,
357 2468 388 2516 et
400 2463 610 2534 prosperitates
626 2463 860 2518 consolationum
872 2469 995 2536 propter
1006 2463 1062 2516 mi·

10 2545 201 2606 serationem
213 2541 280 2600 Dei.
319 2541 375 2598 His
388 2543 568 2616 temporibus
581 2543 698 2600 fabulae
711 2544 798 2600 fictae
811 2555 880 2600 cunt
893 2543 929 2599 de
943 2541 1062 2618 Tripto-
1132 2611 1135 2616 Ι

10 2636 107 2700 lema,
134 2625 216 2702 quod
228 2627 351 2684 iubente
363 2624 489 2698 Cerere,
515 2627 662 2703 anguibus
674 2635 807 2702 portatas
821 2627 958 2698 alitibus,
984 2623 1062 2682 indi-

10 2711 158 2794 gentibus
184 2711 273 2766 terris
299 2709 448 2768 numento
471 2709 598 2766 volando
624 2711 800 2768 contulerit:
827 2709 863 2764 de
882 2709 1063 2780 Minotauro,

10 2795 92 2874 puod
106 2793 208 2852 bestia
221 2793 313 2850 faerit
325 2793 441 2850 inclusa
452 2790 631 2869 Labyrintbo
642 2809 650 2866 3
677 2811 734 2870 quo
748 2811 818 2857 aum
835 2793 999 2850 intrassent
1010 2790 1061 2848 lio-

10 2884 131 2950 mines,
152 2877 357 2936 inextricabili
371 2895 486 2948 errore,
501 2875 570 2933 inde
583 2879 668 2934 exire
681 2896 743 2938 non
755 2886 906 2952 putarant:
935 2876 971 2932 de
983 2875 1062 2934 Cen·

12 2965 128 3034 auris,
156 2959 237 3037 quod
261 2979 402 3036 equorum
423 2959 630 3036 bominumque
652 2961 744 3019 luserit
765 2970 872 3020 natura
891 2963 1063 3018 eoniunctat

10 3053 37 3106 le
56 3043 217 3115 Cerbero,
247 3045 325 3121 quod
347 3047 387 3102 sit
409 3047 518 3120 triceps
540 3044 703 3104 inferorum
722 3047 821 3103 canis:
851 3043 1021 3122 dePhryxo
1034 3056 1064 3101 et

10 3132 97 3190 {elle
121 3129 190 3184 eius
205 3145 322 3200 sorore,
349 3128 426 3204 quod
443 3131 524 3186 vecti
542 3131 634 3185 ariete
651 3131 833 3187 volaverint:
860 3128 896 3186 de
910 3128 1063 3206 Gorgona,

10 3214 86 3290 ¹uod
101 3212 205 3268 fuerit
219 3213 327 3267 crinita
344 3212 545 3284 serpentibus,
573 3220 602 3266 et
615 3212 811 3286 adspicientes
826 3211 1019 3266 convertebat
1031 3212 1062 3264 in

10 3297 144 3373 apides:
177 3293 215 3350 de
227 3292 470 3368 Bellerophonte,
497 3292 576 3368 quod
597 3311 672 3368 equo
692 3295 797 3367 pennis
817 3293 935 3348 volante
954 3292 994 3345 sit
1010 3309 1062 3346 ve-

10 3393 87 3452 tus,
106 3379 168 3452 qui
183 3395 277 3452 equus
290 3375 532 3455 Pegasus-dictus
546 3386 606 3434 est:
635 3377 670 3431 de
683 3373 862 3449 Amphione,
880 3371 957 3448 quod
971 3371 1063 3427 citha·

10 3484 49 3522 sc
73 3462 241 3518 suavitate
259 3460 369 3534 Iapides
388 3460 523 3518 mulserit
536 3469 566 3518 et
578 3459 749 3518 attraxerit:
775 3456 810 3512 do
823 3455 907 3513 labro
921 3453 1064 3530 Daedalo,

10 3560 19 3605 t
49 3549 128 3603 eius
152 3543 221 3602 filio
239 3542 338 3615 Icaro,
362 3542 439 3618 quod
457 3542 514 3600 sibi
534 3544 678 3617 coaptatis
695 3541 801 3616 pennis
820 3538 1001 3597 volaverint:
1029 3535 1064 3592 de

10 3630 147 3704 *edipo,
180 3629 235 3704 qui
247 3638 413 3684 mansuum
426 3625 584 3702 quoddam,
598 3625 674 3703 qnod
688 3621 816 3701 sphinga
829 3619 996 3691 dicebatur,
1009 3617 1063 3678 liu-

10 3733 91 3772 ,ana
108 3713 201 3770 facie
216 3710 434 3786 quadrupedem
450 3706 660 3786 [quadrupes],
688 3709 784 3765 soluta
797 3720 871 3780 quae
884 3703 920 3760 ab
934 3705 985 3760 illa
996 3721 1064 3780 pro·

10 3799 71 3856 >ni
88 3795 224 3854 solebat
238 3797 319 3857 velut
332 3793 485 3854 insolubili
498 3796 687 3870 quaestuose,
712 3808 767 3850 auo
780 3789 954 3866 praecipitio
967 3789 1066 3864 perire

10 3875 219 3956 impulerit:
247 3879 424 3950 deantueo,
451 3895 539 3954 quem
563 3875 857 4018 ηοοανίῐὶίῑῐῖοιιὴε,
883 3871 963 3948 quod
986 3871 1066 3928 filius
