2586 4396
271 231 336 288 DE
361 228 579 290 clvlTnTE
603 233 685 292 DEI
708 235 789 294 LlB.
811 238 845 296 V.
1027 249 1083 304 159

38 391 82 466 pai
94 389 158 444 iam
171 383 221 442 bis
236 385 343 442 consul
355 382 479 456 fuisset,
507 403 545 442 cx
564 386 616 442 illo
635 396 740 446 senatu
759 407 918 465 pauperum
934 393 1084 459 bominum

38 475 200 549 pelleretur
214 468 371 524 notatione
386 470 533 541 censoria,
548 469 626 543 quod
637 470 737 528 decem
747 473 846 548 pondo
859 482 976 555 argenti
988 483 1020 537 in
1031 502 1082 540 ra-

36 559 72 612 sis
86 553 203 612 habere
217 559 387 623 compertus
402 561 463 623 est3
477 554 519 609 ita
532 552 622 610 iidem
632 555 689 628 ipsi
696 575 839 632 pauperes
851 569 945 632 erant,
960 581 1082 637 quorum

37 636 195 712 triumphis
209 635 361 708 publicum
374 633 521 694 (litabatur
535 639 695 696 aerarium:
710 658 810 698 nonne
824 661 925 700 omnes
940 643 1082 704 Christia-

37 726 75 795 ni,
94 723 151 796 qui
166 719 382 777 excellentiore
394 721 545 794 proposito
559 719 677 778 divitias
692 741 759 780 suas
773 745 946 786 communes
959 729 1083 802 faciunt,

35 805 203 862 seeundum
216 803 249 860 id
261 801 340 878 quod
351 805 550 877 scriptumest
562 805 594 861 in
609 807 690 862 Actis
703 808 920 882 Apostolorum,
935 821 969 868 ut
982 813 1082 872 distri-

35 893 141 948 buatur
155 888 338 961 unicuique,
357 888 435 944 sicut
448 888 552 964 cuique
567 907 640 962 opus
655 899 715 964 est3
741 902 771 948 et
783 913 869 952 nemo
883 895 961 951 dicat
973 898 1083 972 aliquid

35 975 205 1048 proprium,
230 971 283 1026 sed
300 971 363 1028 rint
382 971 441 1026 illis
456 973 553 1028 omnia
565 975 746 1048 cummunia3
772 979 944 1057 intelligunt
957 999 989 1035 ιο
1001 983 1083 1037 nulla

37 1059 70 1114 ob
82 1056 142 1112 hoe
155 1055 300 1112 ventilari
313 1062 450 1128 oportere
464 1056 623 1129 iaetantia,
646 1057 676 1114 id
695 1058 831 1118 iaciendo
850 1082 903 1138 pro
923 1063 1083 1121 obtinenda

37 1143 185 1198 societate
198 1139 395 1215 Angelorum,
420 1156 486 1196 cum
505 1158 581 1214 pene
604 1142 663 1200 tale
685 1144 794 1218 aliquid
816 1147 860 1201 illi
883 1145 1009 1204 iecerint
1030 1167 1083 1224 pro

37 1221 245 1282 conservanda
258 1222 357 1298 gloria
371 1219 589 1280 numerarunt

96 1305 185 1364 Haec
200 1314 232 1360 et
245 1306 322 1376 alia,
344 1305 372 1360 si
385 1323 443 1379 qua
457 1303 661 1364 huiuscemodi
675 1309 865 1380 reperiuntur
878 1311 910 1366 in
924 1312 1018 1367 literis
1033 1330 1082 1370 eo-

36 1410 112 1462 rum,
129 1387 253 1464 quaudo
263 1389 307 1444 sic
321 1389 555 1460 innotescerent,
570 1389 687 1464 quando
698 1399 780 1446 tanta
790 1391 868 1448 lama
877 1394 1083 1469 praedicaren-

37 1486 96 1545 tur,
110 1474 175 1530 uiai
187 1470 358 1530 Romanum
371 1473 526 1546 imperium
538 1475 628 1550 longe
641 1475 758 1548 lateque
769 1486 952 1549 porrectum,
967 1481 1082 1556 magni-

36 1559 100 1614 licir
124 1555 317 1614 successibus
337 1553 517 1631 augereturl
543 1555 673 1614 Proinde
691 1577 745 1632 per
765 1559 839 1616 illud
856 1562 1011 1636 imperium
1024 1572 1083 1618 tam

37 1643 126 1698 letum
134 1649 257 1713 tamque
267 1636 449 1710 diuturnum,
463 1640 653 1714 virorumque
663 1649 816 1698 tantorum
826 1645 987 1701 virtutibus
997 1663 1082 1722 prac-

38 1727 147 1780 elarum
166 1731 258 1799 atque
278 1722 454 1798 gloriosum,
481 1731 511 1776 et
533 1725 652 1780 illorum
675 1725 836 1782 intentioni
858 1746 972 1784 mercer
997 1747 1084 1804 quam

38 1807 221 1882 quaerebant
235 1814 282 1862 ert
293 1803 427 1875 reddita,
454 1814 483 1860 et
495 1806 580 1862 nobis
592 1810 743 1881 proposita
755 1812 942 1867 neocesariae
955 1829 1082 1869 commo-

37 1892 161 1948 nitionis
175 1891 328 1963 exempla:
356 1897 391 1947 ut
404 1889 431 1944 si
443 1891 584 1960 virtuter,
609 1909 731 1966 quarum
749 1893 827 1950 istac
845 1903 995 1969 uteunque
1014 1907 1084 1952 sunt

38 1976 163 2044 similes,
189 1991 265 2048 quas
284 1973 335 2030 isti
353 1989 408 2046 pro
428 1974 556 2030 civitatis
571 1983 708 2032 terrenae
722 1977 817 2054 gloria
830 1987 1006 2050 tenuerunt,
1030 1997 1083 2051 pro

38 2057 92 2114 Dei
106 2057 328 2134 gloriosissima
342 2054 469 2112 Ciuitate
483 2075 544 2112 non
555 2060 755 2130 tenuerimus,
772 2060 885 2134 pudore
902 2076 1093 2137 pungamur,v

37 2143 61 2195 ri
73 2141 272 2210 tenuerimus,
294 2139 433 2214 superbia
446 2158 506 2197 uon
521 2144 707 2200 extollamur.
735 2144 897 2213 Quoniam,
922 2145 1000 2198 deut
1012 2143 1084 2198 dicit

38 2225 210 2296 Apostolus,
224 2223 369 2298 indiguae
383 2227 622 2300 euatpaaar'onee
635 2224 722 2283 butue
736 2227 879 2302 temporie
892 2226 1084 2298 adfuturam

37 2308 177 2382 gloriam,
191 2326 269 2384 qaae
282 2305 466 2364 revelabitur
480 2309 510 2364 ia
524 2308 615 2364 eolis.
645 2309 691 2366 Ad
703 2308 860 2366 humanam
875 2328 945 2367 vero
958 2311 1084 2387 gloriam

37 2393 265 2465 praesentisque
279 2391 421 2464 temporis
435 2392 507 2446 ratis
525 2389 616 2468 digna
632 2393 695 2449 rita
714 2393 939 2450 existimabatur
956 2395 1082 2449 illorum.

38 2473 120 2532 Vnde
135 2475 228 2532 etiam
241 2471 343 2530 ludaei
356 2475 407 2548 qui
421 2471 570 2531 Christum
589 2474 779 2546 oeciderunt,
805 2479 958 2533 revelante
976 2475 1081 2532 Testa-

37 2568 138 2614 menta
153 2576 249 2629 novo,
277 2556 356 2631 qnod
369 2559 402 2612 in
415 2555 522 2614 Vetere
538 2560 664 2615 relatum
677 2559 745 2628 luit,
769 2568 802 2613 ut
815 2577 876 2614 non
888 2577 942 2632 pro
956 2559 1082 2612 terrenis

37 2651 68 2698 et
80 2641 293 2716 temporalibus
304 2639 467 2712 benefieiis,
483 2659 559 2714 quae
568 2640 668 2697 divina
678 2640 865 2714 providentia
875 2640 1021 2712 permixte
1031 2639 1084 2694 bo-

37 2727 88 2780 nis
101 2726 244 2800 melipepue
258 2722 405 2795 coneedit,
417 2723 470 2780 sed
478 2741 532 2798 pro
539 2731 661 2779 aeterua
669 2724 732 2778 rita
742 2723 971 2797 muneribusque
980 2739 1083 2796 perpe·

36 2809 103 2861 tuis
118 2815 148 2862 et
164 2809 254 2882 ipsine
278 2825 424 2881 supernae
437 2806 573 2864 Civitatis
588 2807 729 2862 societate
743 2806 856 2862 colatur
869 2803 951 2862 Deus
964 2823 1040 2862 unua
1056 2815 1085 2861 ct

37 2907 140 2962 verua,
163 2892 330 2948 rectissime
345 2893 469 2948 istorum
482 2892 596 2969 gloriae
609 2889 710 2946 donati
724 2899 808 2962 aunt3
835 2899 869 2946 ut
881 2887 912 2944 hi
926 2890 976 2964 qui
988 2890 1083 2964 quali-

37 2975 210 3050 buscunque
222 2975 383 3032 virtutibus
397 2983 546 3032 terrenam
557 2975 681 3052 gloriam
692 2974 883 3049 quaesierunt
895 2981 925 3028 ct
937 2973 1083 3048 acquisie-

37 3068 126 3130 runt,
151 3060 310 3116 vincerent
324 3077 374 3116 eos
389 3060 440 3133 qui
454 3061 570 3136 magnis
583 3059 666 3116 vitiis
681 3058 813 3115 datorem
825 3075 914 3114 verae
927 3059 1040 3138 gloriae
1055 3065 1084 3111 et

37 3140 176 3199 Civitatis
190 3152 331 3200 aeternae
346 3143 520 3202 occiderunt
533 3151 621 3221 atque
634 3150 819 3222 respuerunt.

420 3299 542 3356 CAP.
585 3295 698 3355 xlx.

53 3393 113 3457 Quo
122 3393 200 3446 inter
211 3408 238 3445 ae
249 3392 384 3463 efflarunt
395 3395 531 3462 cupiditas
538 3395 660 3464 gloriae,
681 3403 709 3448 et
719 3395 855 3463 cupiditas
866 3395 1065 3448 dorrtiaatiom'e.

99 3483 234 3541 Interest
247 3501 320 3538 sane
335 3485 415 3540 inter
428 3484 615 3558 cupiditatem
627 3483 772 3540 hnmanae
786 3488 911 3562 gloriae,
926 3493 956 3539 et
970 3479 1082 3555 cupidi-

35 3577 123 3624 tatem
138 3567 366 3624 dominationis.
389 3565 464 3624 Nam
477 3569 547 3624 licet
559 3569 691 3643 proclive
704 3569 754 3638 sit,
768 3577 802 3623 ut
814 3571 865 3642 qui
877 3567 1005 3622 humana
1017 3565 1066 3639 glo

34 3653 75 3707 ria
90 3653 222 3709 nimium
235 3650 412 3722 delectatur,
428 3653 517 3708 etiam
530 3653 677 3708 dominari
689 3649 828 3708 ardenter
839 3647 971 3718 affectet,
985 3655 1083 3702 tumen

32 3738 79 3811 qui
92 3754 201 3794 veram
214 3737 287 3790 licet
299 3732 494 3794 humanarum
506 3735 623 3792 laudum
636 3733 762 3811 gloriam
776 3733 999 3805 concupiscunt,
1012 3729 1084 3786 dant

32 3837 150 3893 operam
168 3818 250 3876 bene
269 3816 468 3875 iudicantibus
488 3837 550 3874 non
568 3819 732 3892 displicere.
766 3815 844 3872 Sunt
856 3815 935 3871 enim
946 3815 1038 3870 multa
1052 3814 1082 3868 in

33 3903 161 3962 moribus
176 3903 272 3975 bona,
289 3901 325 3957 da
340 3903 444 3977 quibua
458 3904 544 3960 multi
558 3903 633 3958 bene
646 3899 790 3972 iudicant,
806 3899 937 3976 quamvis
952 3916 987 3954 ea
999 3895 1083 3953 multi
