2510 4404
224 205 283 262 380
447 195 546 256 DlVl
568 193 758 252 AVRELll
778 191 1031 250 Al'GVSTlNl

225 356 331 410 iterum
346 358 506 419 secaretur,
520 345 596 422 quod
611 347 638 401 ei
649 344 831 419 praedixerat
843 345 917 400 alius
930 343 1063 402 medicus
1080 345 1235 401 domestica

226 439 299 506 eius,
313 452 396 510 quem
409 427 468 489 non
481 431 656 488 admiserant
667 429 721 498 illi,
736 437 769 484 ut
782 428 884 482 saltem
896 425 1026 498 videret,
1049 448 1125 484 cum
1137 431 1236 503 primm

227 528 322 576 sectus
337 526 394 586 est,
415 513 555 589 quomodo
569 512 599 568 id
618 511 762 580 facerent,
780 511 929 584 iratusque
942 511 1027 565 illum
1041 510 1136 568 domo
1151 512 1237 566 abiere

224 612 288 671 rat,
313 601 422 673 vixque
443 605 607 671 receperat,
635 595 745 668 erupit,
770 602 858 668 atque
878 593 934 664 ait,
958 592 1074 650 lterum
1088 614 1142 651 me
1156 607 1238 650 sactu

226 679 317 740 cstisi
346 681 390 737 Ad
402 682 491 748 illius,
505 696 589 753 quem
602 678 737 734 noluistis
750 694 815 732 esse
827 686 1024 750 praesentem,
1043 678 1145 734 verba
1157 689 1237 734 venta·

226 787 276 824 rus
290 760 372 822 sumi
394 761 518 818 lrriderc
531 762 575 816 illi
587 761 729 816 medicum
742 761 923 832 imperitum,
944 768 1125 836 metumque
1139 760 1240 817 homini

226 851 308 906 bonis
318 846 414 906 verbis
425 843 720 919 promissionibusque
733 844 835 916 lenire.
848 840 1076 900 Praeterierunt
1092 854 1126 900 et
1139 847 1190 900 alii
1201 843 1241 898 die

226 933 353 1008 plurimi,
367 927 495 1003 nihilque
507 925 677 1002 proficiebat
688 945 773 982 omne
785 925 859 1000 quod
871 924 967 981 fiebat.
985 925 1106 984 Medici
1120 937 1214 984 tamen
1226 929 1241 979 ὶι

228 1035 280 1071 sua
292 1012 503 1088 pollicitatione
517 1009 727 1086 persistebant,
751 1027 811 1065 non
828 1026 859 1063 se
876 1009 957 1064 illum
971 1011 1078 1065 sinum
1092 1010 1191 1078 ferro,
1211 1011 1242 1063 rel

227 1096 442 1153 medicamentis
455 1111 519 1149 esse
536 1095 696 1149 clausuros.
731 1089 929 1148 Adbibuerunt
947 1101 977 1147 et
994 1095 1096 1148 alium
1121 1093 1243 1172 grandae

226 1200 294 1238 vum
306 1182 364 1235 iam
376 1177 535 1247 medicum,
552 1177 687 1250 *sausque
704 1176 736 1231 in
748 1175 799 1230 illa
812 1183 874 1229 arte
886 1173 1039 1230 laudatum
1061 1173 1176 1252 (adbuc
1189 1180 1242 1232 eris

227 1259 353 1340 vivebat)
361 1261 553 1331 Ammonium,
567 1261 618 1334 qui
627 1261 692 1314 loco
704 1259 846 1334 inspecto,
860 1256 937 1312 idem
948 1257 1030 1332 quod
1044 1259 1096 1315 illi
1107 1279 1205 1317 eorum
1216 1259 1242 1314 di·

228 1348 350 1425 ligentia
361 1341 523 1421 peritiaque
534 1343 676 1417 promisit.
709 1341 797 1399 Cuius
811 1342 859 1396 ille
872 1340 965 1396 iactus
979 1345 1171 1400 auctoritate
1184 1361 1241 1399 ιιιι

228 1451 293 1502 ιιι,
315 1429 473 1486 domestico
491 1445 543 1482 suo
557 1424 684 1496 medico,
707 1427 756 1500 qui
769 1424 896 1480 futuram
907 1424 1110 1498 praedixerat
1121 1430 1205 1484 aliam
1215 1447 1242 1480 ιι

229 1516 355 1571 ctionem
366 1511 460 1567 faceta
471 1509 632 1580 hilaritate,
650 1509 730 1564 velut
742 1509 799 1563 iam
813 1509 919 1578 salvus,
932 1508 1040 1564 illusit.
1071 1511 1156 1578 Quid
1167 1507 1241 1586 plun'

229 1597 334 1652 Postea
347 1605 393 1651 tot
405 1595 466 1650 dies
486 1594 614 1650 inaniter
636 1592 780 1647 consumti
796 1591 993 1661 transierunt,
1021 1601 1061 1648 ut
1083 1594 1160 1651 fessi
1180 1605 1242 1668 atque

229 1678 341 1736 confusi
353 1679 515 1733 faterentur
529 1693 594 1730 eum
606 1676 665 1730 nisi
676 1675 754 1730 ferro
767 1675 847 1730 nullo
860 1673 943 1729 modo
955 1693 1050 1748 posse
1064 1681 1179 1734 sanari.
1202 1678 1242 1734 Es·

229 1763 325 1836 pavit,
352 1760 492 1834 expalluit
510 1759 600 1814 nimio
618 1759 722 1813 timore
740 1757 887 1814 turbatus:
912 1765 1001 1831 atque
1013 1760 1073 1816 ubi
1087 1779 1124 1817 se
1138 1763 1244 1838 collegit

228 1845 340 1918 farique
352 1843 455 1916 potuit,
478 1841 557 1897 abire
569 1842 634 1896 illos
647 1842 743 1912 iussit,
759 1840 835 1896 etad
849 1859 880 1896 sc
893 1841 1015 1912 amplius
1033 1861 1103 1900 non
1119 1845 1244 1905 necuere,

231 1947 283 1983 nec
296 1925 374 1982 aliud
387 1926 514 1982 occurrit
526 1923 648 2000 fatigato
669 1925 806 2000 lacrymis
820 1933 849 1980 et
860 1925 911 1980 illa
922 1924 981 1980 iam
994 1931 1178 1985 necessitate
1189 1945 1244 1983 ecn-

231 2012 342 2082 stricto,
356 2011 414 2066 nisi
428 2018 461 2064 ut
474 2005 623 2063 adhiberet
635 2007 864 2063 Alexandrinum
877 2006 1034 2083 quendam,
1051 2013 1107 2086 qui
1121 2023 1188 2069 tune
1200 2010 1243 2066 cli-

231 2112 337 2172 rurgus
350 2091 489 2149 mirabilis
503 2089 676 2161 habebatur,
700 2100 734 2146 ut
750 2093 811 2165 ipse
831 2091 940 2148 faceret
961 2093 1044 2166 quod
1067 2095 1107 2151 ab
1130 2099 1188 2151 illis
1200 2095 1243 2149 lieri

231 2179 347 2234 nolebat
359 2178 458 2232 iratus.
489 2173 547 2232 Sed
559 2183 758 2248 posteaquam
771 2175 853 2230 venit
866 2176 925 2244 ille,
939 2175 1138 2254 laboremque
1153 2183 1242 2235 illoraa

230 2263 260 2316 in
275 2259 455 2316 cicatricibus
469 2260 545 2313 sicut
557 2257 665 2312 artifex
678 2257 759 2327 vidit,
779 2258 849 2314 boui
863 2258 917 2314 viri
930 2256 1056 2315 functus
1073 2263 1183 2333 officio,
1196 2280 1239 2337 ptr·

230 2345 322 2400 suasit
342 2341 453 2397 homini
475 2351 507 2396 ut
519 2341 576 2398 illis
589 2342 687 2414 potius
712 2342 815 2416 quiin
841 2359 875 2398 eo
901 2349 1016 2396 cantum
1043 2345 1242 2402 laboraverant

231 2435 370 2501 quantum
389 2426 450 2498 ipse
467 2425 625 2498 inspiciens
644 2424 819 2495 mirabatur,
842 2426 1001 2480 curationis
1021 2444 1100 2484 suae
1114 2431 1171 2486 fine
1182 2431 1242 2484 irae·

230 2518 342 2578 rentur,
357 2507 496 2564 adiiciens
510 2507 585 2582 quod
597 2525 710 2564 revera
723 2509 781 2563 nisi
793 2518 889 2564 sectus
903 2517 990 2580 esset,
1003 2511 1112 2568 salvus
1128 2529 1241 2570 essenos

229 2586 342 2667 posset,
364 2591 415 2648 sed
429 2590 511 2647 valde
524 2589 679 2647 abhorrere
694 2610 711 2647 a
725 2592 785 2647 suis
797 2591 940 2662 moribus,
958 2601 993 2648 ut
1005 2591 1177 2653 bominibus
1189 2613 1233 2670 quo

230 2696 294 2732 rum
307 2675 578 2731 artificiosissimam
590 2693 722 2748 operam,
749 2675 938 2746 industriam,
964 2673 1159 2755 diligentiam
1170 2679 1240 2736 admi·

230 2778 298 2815 rans
312 2761 343 2816 in
357 2757 542 2815 cicatricibus
556 2759 617 2812 eius
630 2756 753 2828 videret,
766 2767 883 2832 propter
895 2759 1034 2836 exiguum
1050 2765 1134 2836 quod
1147 2779 1240 2819 ιιιιι-

229 2844 278 2912 ιίι,
291 2843 413 2916 palmam
427 2842 501 2896 tanti
514 2839 619 2895 laboris
633 2839 907 2896 salamanticensi
922 2851 991 2897 sunt
1004 2847 1109 2902 animo
1129 2850 1203 2916 eius,
1220 2855 1240 2898 ιι

228 2926 338 2998 placuit
350 2933 383 2978 ut
396 2923 497 2978 codem
507 2923 705 2980 Alexandrino
719 2926 874 2980 assistente
888 2925 944 2998 ipsi
958 2926 1058 2982 sinum
1072 2931 1157 2985 illum
1171 2931 1239 2985 ierro.

228 3009 280 3080 qui
293 3009 508 3075 iamconsensu
521 3006 649 3060 omnium
669 3007 753 3062 aliter
772 3007 939 3063 insanabilis
957 3010 1139 3084 putabatur,
1163 3013 1238 3086 aperi·

227 3097 304 3144 rent.
327 3089 408 3155 Quae
421 3105 469 3142 res
483 3087 571 3142 dilata
585 3089 675 3149 estin
690 3099 915 3165 consequentem
928 3091 1012 3146 diem
1048 3091 1113 3150 Sed
1130 3115 1188 3152 cum
1199 3094 1238 3148 ab

227 3173 331 3229 iissent
349 3172 408 3241 illi,
433 3187 471 3228 ex
487 3188 620 3226 macrore
638 3173 728 3230 nimio
748 3174 857 3230 domini
875 3183 972 3230 tantus
987 3183 1033 3230 est
1052 3177 1088 3233 in
1111 3178 1190 3236 domo
1201 3179 1239 3232 ills

228 3265 349 3312 exortus
363 3253 460 3325 dolor,
483 3263 516 3310 at
526 3264 665 3328 tanquam
678 3256 789 3313 funeris
801 3258 933 3331 planctus
945 3259 998 3314 rix
1012 3264 1238 3335 comprimeretur

227 3359 244 3395 a
264 3339 356 3396 nobis.
391 3337 555 3395 Visitabant
575 3355 641 3393 eum
660 3340 789 3414 quotidie
808 3342 902 3396 sancti
921 3343 993 3410 viri,
1018 3345 1172 3419 episcopus
1184 3355 1237 3399 ιιιι

226 3422 395 3492 Vraleasis,
417 3421 519 3486 beatae
532 3423 688 3478 memoriae
700 3421 887 3494 Saturninus,
907 3433 936 3480 et
947 3424 1105 3500 presbyter
1119 3427 1233 3484 Gelcsus

226 3525 260 3562 ac
274 3506 388 3562 diaconi
402 3503 639 3581 Carthaginensis
652 3504 814 3563 Ecclesiae:
841 3508 987 3581 inquibus
1001 3519 1077 3580 erat,
1093 3519 1171 3566 etex
1184 3513 1230 3584 qr's

226 3589 277 3645 bus
291 3590 374 3646 solus·
384 3596 429 3643 est
441 3605 519 3643 nunc
533 3588 564 3642 ia
577 3587 661 3642 rebus
674 3587 819 3661 humanis,
832 3590 889 3645 iam
902 3592 1050 3664 episcopus
1061 3611 1130 3649 eum
1139 3593 1230 3650 bonore

225 3689 242 3724 a
257 3671 340 3726 nobis
354 3671 449 3726 debito
463 3669 656 3726 nominandus
669 3671 821 3744 Aurelius,
847 3689 909 3728 curn
924 3691 979 3748 quo
993 3675 1179 3732 recordantes
1189 3677 1229 3730 ssi·

224 3752 328 3806 rabilia
341 3769 428 3825 opera
444 3751 517 3824 Dei,
543 3752 578 3808 de
596 3751 648 3808 bac
665 3771 699 3808 re
718 3771 804 3830 saepe
828 3757 965 3812 collocuti
987 3773 1103 3827 sumus,
1130 3773 1230 3832 eumque

225 3833 305 3888 valde
321 3834 501 3904 meminisse,
522 3835 596 3908 quod
610 3853 882 3908 commemoramus,
905 3839 1079 3895 invenimus.
1114 3843 1167 3907 Qui
1179 3857 1230 3896 ers
