2576 4396
239 199 298 260 DE
327 196 546 259 CIVITATE
570 200 649 259 DEI
670 202 755 260 ΗΒ.
779 205 837 263 Xl.
1005 214 1066 272 329

40 358 101 436 guit
112 357 200 412 istam
213 352 375 408 vanitatem
387 353 437 408 illa
450 351 603 426 Scriptura
616 355 695 429 paris
709 357 909 430 auctoritatis,
922 359 971 418 ubi
983 361 1065 421 Deus

39 441 119 496 dicit:
148 435 276 506 Quando
282 435 379 507 sacta
390 446 462 492 eant
473 437 591 506 sidera,
609 436 810 496 laudaverant
821 459 865 497 mc
877 460 946 499 coco
958 464 1066 521 magna

40 538 128 580 omncs
143 518 248 595 angeli
258 519 323 574 mci.
365 516 426 574 lam
440 535 512 596 crgo
527 527 612 575 erant
624 521 738 598 angeli,
766 523 882 596 qnando
902 523 979 580 iacta
998 539 1067 583 sunt

40 605 137 661 sidera.
180 602 274 658 Facta
287 609 357 656 sunt
369 609 467 656 autem
481 609 583 679 quarto
602 600 657 656 dic.
693 601 911 680 Numquidnam
930 624 1003 685 ergo
1021 609 1066 664 die

39 689 119 742 tertio
133 685 229 743 iactos
244 701 309 739 esso
322 681 469 740 dicemus'l
492 684 583 740 Absit.
626 683 660 740 ln
678 696 794 760 promtu
814 697 860 744 est
879 691 972 761 enim,
999 691 1069 765 quid

37 772 85 825 illo
98 767 145 824 dic
158 768 271 823 factum
285 768 332 822 sit.
350 766 393 824 At
407 768 488 842 aquis
503 768 604 842 utiquc
613 776 694 824 tcrra
705 767 832 826 discreta
844 781 905 843 est,
920 781 950 826 et
962 773 1067 829 distin-

39 861 94 908 ctas
108 851 154 907 sui
168 851 288 929 generis
302 851 413 924 species
427 849 483 905 duo
496 851 553 906 ists
566 851 709 907 clementa
724 863 904 927 sumserunt3
919 863 949 910 et
959 856 1067 930 produ-

36 938 78 990 xit
90 945 170 990 terra
184 932 322 1008 quicquid
335 934 362 988 ei
374 932 514 990 radicitus
524 931 666 990 inhaeret.
694 933 910 1012 Numquidnam
921 934 1068 995 sccundoi

37 1017 162 1076 Nechoc
175 1015 302 1090 quidem.
345 1014 431 1072 Tunc
454 1019 531 1073 enim
552 1016 768 1074 firmamentum
791 1021 901 1078 iactum
924 1031 971 1077 est
990 1023 1068 1078 inter

38 1119 122 1176 aquas
141 1100 308 1174 superiores
327 1107 357 1154 et
373 1098 545 1172 inferiores,
572 1103 743 1176 coelumque
762 1105 938 1178 appellatum
951 1113 1010 1177 est;
1035 1107 1066 1162 in

38 1203 89 1258 qno
102 1183 289 1256 firmamento
301 1180 379 1238 facta
392 1191 461 1240 sunt
474 1183 571 1239 sidera
584 1193 689 1259 quarto
700 1183 755 1239 dic.
798 1184 946 1242 Nimirum
958 1205 1029 1264 crgo
1042 1189 1067 1242 si

38 1267 69 1323 ad
81 1269 204 1322 istorum
217 1263 331 1320 dierum
344 1283 432 1340 opera
444 1265 503 1322 Dei
514 1268 665 1342 pertinent
678 1267 787 1344 angeli,
800 1268 858 1340 ipsi
871 1275 941 1324 sunt
953 1269 1005 1323 lux
1018 1269 1068 1324 illa

38 1369 106 1424 quae
119 1349 180 1405 diei
194 1366 301 1404 nomen
314 1350 443 1422 accepit,
471 1351 555 1404 cuius
567 1351 666 1404 unitas
679 1357 714 1404 ut
727 1348 995 1422 commendaretur,
1008 1369 1067 1407 non

38 1442 78 1488 est
90 1432 186 1488 dictus
205 1431 269 1487 dies
291 1433 416 1505 primus,
443 1429 495 1486 scd
512 1430 574 1486 dies
591 1449 676 1487 unus.
719 1430 782 1487 Nec
795 1433 871 1490 alius
885 1441 931 1490 cst
944 1431 1007 1489 dics
1021 1451 1067 1488 se-

36 1516 161 1586 cundus,
187 1522 239 1570 aut
251 1515 376 1585 tertius,
402 1523 455 1570 aut
474 1516 598 1570 caeteri:
623 1512 674 1570 sed
691 1512 769 1570 idcm
786 1515 850 1590 ipsc
867 1533 943 1572 unus
963 1514 999 1572 ad
1012 1517 1065 1572 im-

34 1597 168 1672 plendum
182 1597 332 1653 senarium
343 1598 391 1653 vel
401 1598 599 1671 septenarium
609 1613 762 1654 numerum
775 1599 918 1673 repetitus
930 1608 986 1670 cst,
999 1617 1065 1674 pro-

33 1691 93 1756 pter
110 1681 260 1736 senariam
278 1682 326 1736 vel
344 1681 539 1754 septenariam
556 1681 769 1758 cognitionem3
795 1682 943 1738 senariam
955 1683 1066 1740 scilicet

34 1782 149 1838 opernm
162 1781 239 1837 quac
252 1762 324 1818 fecit
336 1761 429 1833 Deus,
444 1772 474 1819 ct
485 1766 681 1838 septenariam
695 1765 802 1838 quictis
816 1763 883 1820 Dei.
903 1763 976 1822 Cum
989 1767 1065 1822 enim

35 1847 105 1902 dixit
116 1845 212 1916 Deus,
225 1843 300 1902 Fiat
313 1845 374 1916 luo,
388 1846 519 1919 etfacta
533 1857 579 1904 cot
588 1847 655 1920 1ιιι·;
668 1847 694 1902 si
707 1856 786 1903 recte
799 1849 831 1904 in
844 1845 899 1904 hac
910 1849 975 1905 luce
985 1867 1066 1904 crea-

34 1932 70 1986 tio
82 1929 264 2008 intelligitur
283 1929 470 2006 angelorum,
491 1929 624 2004 profecto
640 1928 711 1986 facti
729 1939 799 1986 sunt
815 1933 972 2005 participes
991 1931 1066 1986 lucis

33 2023 179 2084 aeternae,
188 2010 267 2086 quod
279 2006 380 2090 [quae]
394 2021 439 2069 est
450 2014 513 2088 ipsa
524 2013 769 2069 incommutabilis
777 2011 1002 2088 Sapientiallci‚
1015 2031 1067 2086 per

32 2115 116 2170 quam
129 2094 209 2151 facta
222 2103 293 2151 sunt
305 2096 420 2166 omnia,
440 2113 526 2170 quom
539 2095 662 2151 dicimus
675 2093 862 2174 unigenitum
873 2094 931 2151 Dei
943 2095 1067 2165 Filiuu13

32 2188 63 2234 ut
80 2196 115 2233 ea
136 2180 204 2233 luce
221 2179 395 2249 illuminati,
422 2195 481 2254 quo
494 2179 602 2249 creati,
628 2177 735 2234 fierent
747 2180 816 2249 lux,
843 2187 873 2234 ct
891 2185 1067 2234 vocarentur

30 2262 89 2318 dies
102 2261 332 2335 participatione
348 2261 594 2317 incommutabilis
607 2263 679 2317 lucis
694 2270 724 2318 et
736 2260 814 2332 diei,
841 2261 918 2336 quod
937 2270 982 2317 est
993 2259 1066 2316 Ver-

30 2347 95 2402 bum
108 2344 185 2415 Dei,
203 2361 255 2418 pcr
268 2343 345 2418 quod
357 2353 387 2399 et
400 2345 456 2418 ipsi
470 2354 499 2400 ct
513 2345 611 2402 omnia
624 2345 702 2401 iacta
716 2353 794 2401 sunt.
836 2343 946 2403 Lamon
961 2345 1067 2420 quippe

28 2447 144 2499 acram,
170 2427 249 2504 quod
265 2425 415 2484 illuminat
433 2445 542 2485 omnem
562 2426 705 2484 hominem
728 2429 759 2484 in
777 2426 854 2484 hanc
871 2429 1007 2484 mundum
1018 2447 1053 2484 oc

28 2515 171 2580 nicatori,
185 2508 242 2565 hoc
255 2509 401 2565 illuminat
415 2518 447 2565 et
459 2527 576 2564 omnem
589 2511 728 2584 angelum
740 2508 895 2580 mundum,
915 2519 949 2564 ut
962 2512 1000 2564 sit
1013 2512 1065 2563 lux

28 2615 86 2652 non
100 2594 276 2666 inscripto,
291 2591 388 2648 sedin
402 2591 485 2649 Deo:
512 2607 530 2644 a
545 2607 601 2663 quo
615 2590 641 2643 si
654 2591 799 2644 avertitur
812 2591 951 2667 angelus,
965 2590 998 2644 fit
1010 2591 1065 2644 im-

26 2679 168 2749 mundus;
195 2677 270 2731 sicut
284 2684 352 2732 sunt
365 2691 466 2732 omncs
480 2673 530 2747 qui
542 2679 689 2728 vocantur
700 2670 843 2729 immundi
856 2672 992 2746 spiritus,
1011 2689 1066 2726 nec

27 2764 83 2818 iam
96 2764 152 2816 lux
165 2755 355 2828 in'Domino‚
382 2757 484 2813 sedin
504 2773 537 2810 ιο
556 2755 627 2830 ipsis
648 2753 802 2825 tenebrae,
828 2755 937 2830 privati
947 2753 1066 2829 partici-

26 2846 147 2916 parione
160 2842 236 2897 lucis
250 2849 395 2896 aeternae.
418 2839 490 2897 Mali
503 2839 583 2896 enim
596 2837 675 2894 nulla
691 2846 795 2895 natura
809 2847 868 2910 cst3
882 2835 934 2894 sed
947 2837 1065 2894 amissio

24 2927 107 2998 boni,
134 2925 207 2982 mali
221 2941 327 2981 nomon
344 2923 464 2998 accepit.

359 3037 733 3154 ',cnr.x.·

25 3172 64 3226 lle
74 3171 196 3241 simplici
210 3179 239 3223 et
252 3169 467 3222 incommutabili
481 3171 634 3235 Trinitate,
655 3171 754 3224 Patris
764 3180 790 3224 et
801 3171 883 3235 litii,
903 3181 930 3224 et
941 3171 1063 3239 Spiritus

54 3243 161 3306 soracti,
182 3239 264 3292 onius
274 3237 344 3291 Dei:
364 3238 410 3290 cui
424 3257 476 3293 non
490 3249 531 3294 est
540 3242 617 3294 aliud
625 3241 760 3310 qualitas,
779 3241 856 3292 alind
864 3241 1027 3293 substantia.

80 3349 141 3406 Est
153 3350 257 3422 itaque
271 3345 381 3408 bonum
394 3347 487 3402 solum
500 3348 639 3421 simplcx,
667 3357 696 3403 ct
714 3348 749 3404 ob
768 3344 823 3401 hoc
841 3348 936 3402 solum
948 3348 1061 3402 incom-

22 3433 178 3502 mutabile,
194 3429 274 3504 quod
288 3435 331 3484 est
341 3427 432 3484 Deus.
454 3428 497 3485 Ab
510 3428 563 3484 hoc
575 3431 652 3486 bono
667 3438 766 3486 creata
780 3437 850 3484 sunt
863 3429 961 3483 omnia
974 3427 1062 3495 bona,

22 3515 70 3570 scd
84 3534 148 3572 non
163 3512 328 3585 simplicia,
342 3520 371 3567 ct
385 3511 421 3567 ob
434 3509 489 3568 hoc
501 3514 663 3569 mutabilia.
707 3510 812 3568 Creata
826 3527 913 3580 sane,
932 3511 1062 3580 inquam,

21 3597 123 3670 idest,
144 3597 243 3665 iacta,
257 3611 318 3652 non
330 3595 440 3670 genita.
464 3591 548 3660 Quod
562 3597 641 3651 enim
653 3595 689 3650 de
702 3593 826 3667 simplici
838 3591 916 3646 bono
930 3589 1063 3666 genitum

21 3689 81 3751 est,
96 3690 129 3738 ct
141 3679 200 3736 hoc
215 3687 262 3733 est
276 3677 355 3752 quod
367 3675 440 3732 illud
454 3675 489 3731 dc
503 3692 559 3750 quo
573 3679 706 3755 genitum
719 3684 776 3746 cst3
790 3691 863 3748 quac
878 3671 934 3728 duo
947 3670 1062 3728 Patrem

22 3771 47 3816 et
60 3763 173 3820 Filium
188 3761 330 3816 dicimus:
357 3769 386 3815 et
407 3769 565 3832 utrumque
581 3760 636 3817 hoc
656 3777 723 3815 cunr
736 3755 850 3830 Spiritu
867 3763 969 3811 sancto
987 3771 1063 3810 unus

22 3855 62 3902 est
75 3845 180 3905 Deus:
208 3845 262 3920 qui
276 3841 403 3918 Spiritus
416 3841 512 3900 Patris
526 3851 556 3899 et
567 3843 654 3916 Filii,
674 3840 803 3918 Spiritus
816 3847 934 3897 sancum
946 3838 1063 3916 propria
