2530 4392
184 235 241 293 DE
270 235 484 296 ClVlTATE
512 237 590 297 DEl
614 239 695 303 ΗΒ.
717 240 795 300 XX.
942 249 1001 306 291

53 397 81 445 ut
92 389 142 444 iam
153 383 288 461 diximus,
306 393 374 467 quie
388 400 417 447 et
430 393 461 448 iu
473 391 528 449 boc
542 393 617 450 libro
631 395 783 469 nuperius,¹
808 407 837 454 et
849 399 926 474 apud
940 399 1001 457 Da-

53 491 94 528 cm
104 471 265 549 Prophetam
281 477 409 550 positum
421 473 491 554 est,)
518 477 611 534 tribus
630 481 715 534 annis
734 489 764 536 et
781 499 834 536 aex
853 483 1000 540 mensibus

53 597 56 610 .
90 557 165 624 Quod
176 567 302 633 tempus,
329 562 460 634 quamvis
474 563 628 639 exiguum,
654 571 753 620 utrum
765 563 802 620 ad
814 567 893 622 mille
906 585 1000 624 anuos

53 642 138 712 ineat,
150 643 246 716 quibua
260 652 290 698 et
303 641 450 701 diabolum
458 646 586 722 ligatum
599 645 687 718 dicit,
702 658 732 703 ct
745 657 862 706 sanctos
875 668 1001 729 regnare

53 773 55 780 .
68 723 185 797 Christ03
210 745 248 782 au
262 727 371 784 eisdem
383 730 469 784 annis
486 727 542 785 boc
553 747 675 805 pervum
688 733 814 804 spatium
826 733 1002 809 superadda-

67 818 146 884 atque
157 811 192 866 sit
205 819 305 884 extra,
331 814 437 868 merito
451 813 617 892 ambigitur.
657 815 733 881 Quia
747 817 774 871 si
788 816 946 874 dixerimus
966 817 1002 874 ad

53 893 99 948 lem
111 911 195 950 annos
208 893 261 950 boc
274 899 432 970 pertinere,
446 917 506 954 non
519 907 601 954 tanto
615 907 763 974 tempore,
776 899 827 956 scd
839 903 1001 975 prolixiore

65 975 304 1057 Christorcgnum
318 989 485 1038 sanctorum
497 983 661 1056 reperietur
675 983 809 1055 extendi,
836 1003 922 1061 quam
940 985 1003 1041 dia-

53 1079 64 1115 s
86 1063 201 1140 alligari.
240 1061 375 1122 Profecto
397 1067 476 1122 cuim
499 1067 595 1124 sancti
619 1085 684 1123 cum
707 1085 759 1124 suo
772 1066 855 1147 Rege
868 1071 957 1126 ctiam
970 1071 1003 1126 in
1065 1079 1071 1088 ‘

63 1147 204 1220 praecipue
225 1151 428 1221 perseeutione
451 1151 618 1229 regnabunt
638 1153 713 1207 mala
731 1161 813 1208 tanta
835 1155 1001 1222 vincentes,

53 1229 92 1284 ido
105 1231 159 1285 iam
170 1229 298 1289 diabolus
314 1251 375 1290 non
389 1235 446 1290 crit
458 1237 611 1313 alligatus,
638 1245 673 1291 ut
686 1254 735 1291 cos
750 1229 886 1312 persequi
906 1238 1001 1292 omni-

53 1314 154 1370 viribus
169 1317 268 1389 possit.
308 1317 460 1384 Quomodo
474 1337 545 1398 ergo
563 1320 622 1376 ista
635 1316 788 1393 Scriptura
801 1319 910 1376 eisdem
922 1321 1002 1376 mille

53 1415 63 1452 s
82 1407 228 1474 utrumque
242 1399 430 1469 determinat,
444 1398 553 1459 diaboli
570 1404 688 1459 seilicet
710 1403 928 1482 alligationem,
954 1423 1002 1460 rc-

53 1499 122 1556 uque
144 1493 322 1556 sanctorum3
349 1503 414 1542 cum
426 1487 514 1543 trium
528 1505 673 1544 annorum
687 1496 717 1542 ct
729 1505 782 1546 sex
795 1489 940 1544 meusium
953 1489 1000 1544 in-

53 1567 96 1621 tllo
108 1567 184 1640 prius
198 1566 313 1625 desinat
325 1571 457 1647 alligatio
476 1569 601 1642 diaboli,
628 1587 715 1647 quam
736 1573 859 1650 regnum
881 1583 985 1628 sancte

53 1651 80 1704 in
93 1648 137 1705 bis
151 1653 229 1707 mille
242 1655 327 1710 annis
342 1670 408 1710 eum
422 1651 557 1712 Christol
584 1654 617 1712 Si
631 1665 727 1712 autem
739 1653 915 1726 dixerimus,
932 1675 1000 1731 par-

53 1737 260 1808 pcrsecntiouis
273 1735 359 1794 buius
372 1736 427 1794 boc
440 1741 566 1813 spatium
576 1759 636 1796 non
647 1739 869 1814 computandum
879 1741 909 1795 in
921 1742 1001 1796 mille

53 1839 73 1887 ι,
87 1818 136 1874 sed
149 1821 191 1875 eis
203 1821 329 1896 irnpletis
342 1823 438 1897 potius
452 1821 662 1894 adiiciendum3
676 1833 709 1880 ut
721 1827 838 1899 proprie
848 1825 940 1899 possit
953 1826 1000 1880 in-

54 1903 79 1972 i,
104 1903 180 1978 quod
199 1923 264 1961 cum
284 1905 436 1979 dixisset,
452 1905 630 1966 Sacerdotes
644 1907 705 1964 Dci
717 1919 747 1965 ct
763 1907 877 1965 Christi
890 1927 1001 1984 regno·

53 1988 369 2061 cumcomillcattnis,
395 1991 519 2062 adiecit,
545 1989 664 2048 Etcum
677 1990 901 2064 fintttfpertnt
921 1991 1000 2048 mille

53 2111 54 2128 ι
75 2071 203 2129 solvetur
217 2084 343 2130 satanas
355 2075 391 2131 dc
406 2075 542 2132 custodia
556 2091 627 2146 sua3
651 2075 708 2130 isto
720 2075 799 2128 cuim
811 2073 897 2129 modo
911 2083 940 2129 ct
951 2093 999 2128 rc-

53 2179 56 2208 l
69 2165 234 2213 sanctorum
250 2166 280 2212 et
289 2158 440 2214 vinculum
453 2158 560 2214 diaboli
573 2158 660 2212 simul
670 2166 820 2212 cessatura
831 2175 895 2211 esse
906 2157 1000 2234 signi-

73 2247 105 2294 ut
122 2238 228 2296 deinde
246 2243 461 2316 persecutionis
480 2242 559 2296 illius
579 2249 692 2315 tempus
707 2259 762 2296 nec
775 2239 812 2296 ad
831 2249 1000 2296 sanctorum

53 2341 104 2394 ιιι,
121 2341 179 2380 nec
192 2323 230 2380 ad
243 2324 406 2381 custodiam
417 2335 554 2396 satanae,
573 2341 695 2400 quorum
707 2333 862 2399 utrumque
875 2325 907 2380 in
921 2325 1000 2380 millc

61 2415 125 2478 est,
146 2409 314 2484 pertinere,
342 2409 395 2465 sed
408 2408 626 2484 superadditum
636 2417 666 2463 et
678 2417 763 2464 extra
775 2408 999 2482 computandum

53 2491 191 2549 sedatur:
219 2512 357 2571 cogemur
373 2493 461 2550 fateri
480 2503 598 2549 sanctos
618 2494 649 2548 in
669 2493 720 2548 illa
731 2493 938 2566 persecutione
952 2511 1000 2547 re-

53 2593 101 2630 ros
117 2591 179 2632 non
194 2595 258 2632 csse
272 2597 337 2634 eum
353 2576 478 2635 Christo.
519 2575 580 2634 Sed
592 2577 658 2651 quis
670 2575 775 2632 audeat
789 2574 901 2646 dicere,
928 2586 1000 2631 tunc

53 2661 87 2714 Ilo
101 2668 164 2716 non
178 2671 340 2740 regnatura
353 2679 408 2718 sua
420 2660 568 2732 membra,
594 2660 710 2736 quando
729 2661 757 2714 ei
769 2660 896 2714 maxime
912 2669 999 2734 atquc

53 2745 118 2798 ime
139 2743 355 2816 cohaerebunt,
367 2755 399 2802 et
411 2763 468 2820 quo
482 2754 612 2820 tempore
625 2753 736 2819 quanto
756 2745 815 2799 crit
827 2745 924 2799 acrior
942 2743 998 2798 im-

53 2827 138 2898 belli,
168 2837 253 2886 tanto
267 2831 360 2886 nraior
373 2831 468 2909 gloria
480 2847 541 2886 non
556 2827 694 2898 cedendi,
715 2837 799 2884 tauto
814 2827 933 2884 densior
946 2846 997 2883 co-

53 2909 203 2988 nartyriii
228 2915 286 2970 Aut
299 2915 325 2970 si
337 2924 460 2990 propter
470 2915 692 2984 tribulationes,
704 2929 777 2988 quas
790 2913 904 2988 passuri
917 2921 998 2982 sunt,

55 2997 148 3052 cendi
163 3007 236 3054 sunt
247 3001 416 3078 regnaturi3
439 3017 618 3076 consequens
630 3000 703 3070 erit,
717 3007 750 3054 ut
763 2999 852 3053 etiam
864 2997 996 3072 superio·

54 3079 164 3137 dicbus
189 3083 223 3138 in
246 3083 354 3140 eisdem
377 3086 456 3140 mille
478 3086 564 3140 annis
590 3084 757 3160 quicunque
782 3081 998 3138 tribulabantur

53 3183 136 3235 rum,
155 3185 192 3222 co
208 3168 270 3241 ipso
283 3176 415 3241 tempore
427 3167 628 3224 tribulationis
642 3183 713 3222 suae
726 3183 792 3221 cum
806 3164 921 3222 Christo
935 3183 997 3220 non

56 3267 90 3303 se
116 3249 277 3306 dicantur:
303 3269 337 3305 ac
356 3268 408 3324 pcr
421 3249 476 3304 boo
490 3258 519 3304 et
530 3251 590 3319 illi,
618 3265 744 3324 quorum
764 3250 877 3304 adunas
894 3257 998 3302 auctor

53 3334 116 3388 rius
131 3333 249 3390 vidisse
263 3352 295 3388 sc
309 3333 412 3388 scribit
420 3333 584 3402 occisorum
594 3341 712 3406 propter
719 3331 919 3385 testimouium
931 3327 999 3384 lesu

53 3425 111 3472 >ter
125 3417 256 3474 verbum
270 3415 343 3488 Dei,
357 3433 418 3472 non
430 3417 595 3494 regnabant
608 3433 673 3470 cum
687 3412 803 3470 Christo
816 3411 932 3486 quando
945 3429 998 3484 pa-

53 3519 95 3555 ur
109 3503 375 3575 persecutionem
389 3509 418 3556 et
428 3501 485 3574 ipsi
495 3517 618 3578 regnum
624 3496 735 3554 Christi
746 3513 807 3552 nou
818 3505 912 3565 erant,
923 3511 998 3570 quos

53 3602 77 3638 rs
101 3587 305 3644 excellentius
319 3579 492 3660 possidebat.
525 3581 769 3640 Absurdissimum
790 3578 820 3634 id
836 3577 953 3653 quidem
967 3588 998 3634 et

53 3667 130 3724 rodo
156 3669 366 3726 aversandum.
398 3665 458 3725 Sed
472 3677 551 3724 certe
565 3668 679 3723 animae
691 3665 828 3720 uictrices
842 3663 997 3740 gloriosis-

53 3751 284 3830 mMartyrum,
300 3753 434 3810 omnibus
441 3751 587 3809 doloribus
594 3769 628 3806 ec
640 3747 787 3804 laboribus
797 3749 942 3823 superatis
952 3757 997 3804 at-

56 3837 114 3906 tis,
126 3847 240 3911 postca
248 3857 332 3913 quam
343 3839 477 3894 mortalia
485 3837 613 3893 membra
618 3841 790 3910 posuerunt,
805 3851 870 3890 eum
877 3831 995 3890 Christo

57 3931 280 3999 regnaverunt
292 3932 322 3978 ct
334 3931 479 4002 regnant,
506 3922 599 3979 donce
612 3919 753 3977 liniantur
766 3919 845 3975 nrille
859 3919 947 3991 anni,
963 3926 996 3974 ut

647 4001 706 4061 Ta
