2602 4416
291 179 352 240 DE
379 176 597 239 civium
626 179 706 240 DEI
726 183 810 244 tia.
836 187 858 244 l.
1053 197 1095 254 2³

46 329 376 406 scelusimprobissimi
389 329 509 386 iuvenis
522 331 629 386 marito
637 329 785 390 Collatino
799 345 830 392 ct
841 341 1006 418 propinquo
1017 342 1094 404 Bru.

45 429 86 490 to,
110 417 193 473 viris
219 413 395 470 clarissimis
414 420 445 466 et
469 411 639 469 fortissimis
658 415 817 490 indicarit,
844 437 952 498 eosque
973 426 1011 482 sd
1026 430 1094 485 rin-

45 501 163 557 dictam
179 497 379 554 constrinxit.
393 493 511 551 Deinde
524 495 604 552 foedi
617 498 649 552 in
662 515 694 553 se
707 503 857 558 commissi
870 506 991 563 sceleris
1004 526 1094 588 aegra

46 593 138 658 atque
159 581 326 654 impatiens
348 595 381 633 se
405 579 539 650 peremit.
578 578 657 645 Quid
676 580 827 640 deemusl
858 585 993 645 adultera
1010 591 1093 664 baec,

45 685 83 722 an
97 673 189 720 casta
205 659 373 719 iudicanda
386 657 450 716 esti
478 661 552 727 Quis
566 662 597 718 in
612 660 666 718 bac
679 670 883 726 controversia
902 672 1095 730 laborandum

47 742 225 821 putaveritf
258 744 394 822 Egregie
412 743 536 818 quidam
555 761 593 800 ex
616 743 672 802 boc
691 751 897 826 veraciterque
914 753 1093 827 declamans,

46 833 104 887 ait:
133 829 280 889 Mirabile
294 826 398 897 dictu,
425 825 484 882 duo
502 827 640 900 fuerunt,
666 839 697 886 ct
713 831 891 891 adulterium
909 853 987 894 unus
1000 837 1093 894 adsui-

48 915 93 969 sit.
140 909 312 987 Splendide
339 919 429 984 atque
455 912 619 968 verissime.
663 911 785 972 lntuens
812 918 891 974 enim
908 919 941 974 in
967 918 1094 976 duorum

48 1013 213 1069 corporum
241 993 455 1049 commixtione
480 995 570 1051 unius
596 996 865 1071 inquinatissimam
891 1000 1092 1074 cupiditatem,

47 1080 173 1135 alterius
194 1077 397 1133 castissimam
427 1077 625 1150 voluntatem3
656 1087 686 1134 et
703 1097 764 1137 non
785 1081 855 1157 quid
881 1084 1093 1142 coniunctione

47 1161 273 1231 membrorum,
301 1158 354 1214 sed
370 1157 441 1234 quid
453 1160 619 1216 animorum
637 1160 808 1220 diversitate
820 1175 1091 1242 speratumatten-

50 1243 138 1302 dens:
173 1243 269 1314 Duo,
296 1243 414 1317 inquit,
440 1242 578 1310 filerunt,
605 1253 635 1298 et
657 1244 835 1306 adulterium
860 1265 939 1302 unus
964 1247 1091 1304 admisit.

466 1324 468 1328 ’
719 1322 776 1403 (ol.
793 1325 927 1384 CAPVT
936 1325 1050 1406 XIX.)

113 1408 177 1466 Sed
189 1407 266 1484 quid
280 1415 328 1464 est
339 1405 413 1478 boc,
440 1407 519 1482 quod
531 1409 564 1464 ia
578 1425 642 1465 eam
662 1409 785 1487 gratim
804 1407 990 1480 vindicatur,
1018 1427 1094 1484 quse

55 1491 234 1548 adulterium
247 1507 314 1547 non
327 1487 464 1546 admisitf
478 1489 554 1546 Nam
571 1491 621 1546 ille
634 1493 731 1564 patria
745 1509 811 1548 cum
822 1494 1017 1565 patrepulsns
1031 1503 1091 1549 est:

54 1573 127 1630 baec
140 1591 258 1630 summo
273 1580 321 1628 est
333 1581 461 1628 mactata
472 1573 627 1646 supplicio.
652 1571 758 1630 Sinon
771 1583 817 1630 est
829 1575 881 1630 illa
893 1574 1088 1647 impudicitia,

51 1675 107 1733 qua
131 1658 232 1714 invita
260 1655 452 1729 opprimitur3
478 1672 539 1712 non
558 1665 604 1712 est
615 1653 688 1712 baec
701 1658 836 1728 iustitia,
862 1673 922 1731 qua
940 1667 1021 1713 casta
1036 1676 1091 1730 pu·

49 1742 141 1797 nitur.
186 1736 252 1793 Vos
270 1739 407 1810 appello,
430 1739 512 1816 leges
532 1737 704 1814 iudicesque
719 1737 855 1796 Romani.
894 1737 1007 1814 Nempe
1024 1749 1093 1813 post

49 1829 223 1897 perpetrata
237 1819 385 1890 facinora,
400 1835 457 1877 nec
470 1834 645 1896 quemquam
656 1823 815 1878 scelestum
821 1820 1024 1880 indemnatum
1036 1824 1092 1878 im-

50 1922 129 1978 pune
141 1903 289 1961 voluistis
304 1901 409 1958 occidi.
453 1900 487 1959 Si
501 1921 573 1980 ergo
586 1902 624 1958 ad
635 1913 769 1962 vernum
778 1904 921 1960 iudicium
934 1906 1089 1980 quisquam

52 1988 184 2044 deferret
196 1984 258 2041 boc
268 1984 393 2054 crimen,
418 1985 562 2061 vobisque
574 1987 767 2059 probaretur,
795 2005 856 2043 non
869 1988 965 2044 solum
977 1986 1091 2042 indem-

51 2080 161 2141 natam,
189 2085 300 2126 verum
327 2067 417 2123 etiam
437 2077 549 2125 castam
568 2077 598 2124 et
616 2070 806 2127 innocentem
824 2069 1014 2124 interfectam
1026 2082 1092 2124 esse

53 2155 225 2224 mulierem3
241 2167 345 2206 nonne
352 2166 431 2221 eum,
442 2151 493 2224 qni
498 2150 529 2206 id
534 2151 666 2223 fecisset,
674 2152 833 2208 severitate
840 2151 1086 2228 congruaplecte·

56 2233 142 2292 retisf
157 2233 229 2292 Hoc
245 2233 319 2290 fecit
330 2233 382 2288 ills
393 2231 541 2305 Lucretia,
554 2235 605 2290 illa
618 2235 661 2290 sic
674 2233 844 2308 praedicato
856 2233 995 2290 Lucretia
1002 2234 1090 2290 inno·

55 2328 180 2390 centem,
208 2324 335 2387 castam,
359 2313 421 2370 rim
432 2331 599 2389 perpessam
612 2316 780 2373 Lucretiam
792 2319 915 2390 insuper
927 2315 1089 2372 interemit.

54 2401 189 2458 Profertc
204 2399 397 2456 sententiam.
412 2398 537 2464 Quodsi
549 2409 707 2474 propterea
720 2415 782 2456 nou
794 2399 932 2472 potestis,
946 2399 1017 2472 quia
1029 2413 1091 2452 non

56 2483 150 2540 adstat
162 2499 254 2558 quam
260 2481 371 2554 punire
375 2482 506 2553 possitis,
522 2499 576 2537 cur
588 2481 820 2538 interfectricem
828 2481 998 2538 innocentis
1006 2488 1091 2534 ctes-

57 2575 117 2621 stae
129 2575 216 2623 tanta
228 2562 454 2638 praedicatione
466 2561 611 2619 laudatisf
625 2565 722 2630 Quam
732 2572 812 2620 certe
819 2561 897 2634 apud
903 2560 1038 2614 infernos
1044 2560 1092 2614 iu-

58 2647 148 2720 dices,
161 2649 251 2704 etiam
263 2647 352 2716 tales,
367 2647 467 2719 quales
480 2654 634 2717 poetarum
647 2653 816 2699 vestrorum
829 2639 1007 2698 carminibus
1021 2657 1092 2695 can-

60 2731 195 2801 titantur,
208 2732 291 2787 nulla
304 2729 421 2784 ratione
427 2725 597 2797 defenditis,
611 2727 803 2784 constitutam
808 2721 1007 2782 scilicatiuter
1014 2721 1093 2777 illos.

378 2811 437 2878 Qui
462 2811 520 2868 sibi
545 2812 636 2866 letum

115 2895 252 2952 insontes
266 2909 412 2968 peperere
423 2911 512 2950 manu
526 2895 680 2966 lucemque
695 2894 804 2964 perosi,
852 2928 854 2932 -

117 2977 278 3034 Proiecere
290 2977 415 3034 animas.

60 3059 112 3118 toi
129 3059 167 3116 ad
180 3077 311 3132 superna
328 3056 428 3113 redire
448 3059 581 3134 cupienti

118 3143 193 3199 Fata
205 3143 340 3207 obstant,
368 3139 506 3213 tristique
518 3141 603 3212 palus
617 3139 756 3196 innabilis
769 3137 849 3194 unda

118 3225 176 3282 nui
198 3232 239 3278 at.

62 3309 103 3364 dn
117 3243 197 3364 fort}
212 3304 280 3362 ideo
294 3305 337 3362 ibi
350 3320 414 3360 non
428 3313 488 3376 est,
516 3305 587 3378 quia
611 3322 672 3359 non
685 3305 844 3375 insontem,
871 3301 924 3359 scd
935 3306 1011 3358 male
1036 3302 1093 3357 sibi

63 3389 210 3447 consciam
227 3405 261 3443 se
274 3381 417 3462 peremitf
449 3384 528 3452 Quid
549 3387 576 3442 si
594 3387 687 3456 enim,
712 3383 800 3459 (quod
812 3385 877 3460 ipsa
889 3380 1091 3442 tantummodo

65 3487 146 3528 nosse
157 3471 310 3545 poterat)
339 3470 472 3543 quamvis
491 3469 594 3525 iuveni
606 3469 753 3525 violenter
766 3469 910 3538 irruenti,
936 3467 1026 3520 etism
1038 3478 1093 3516 sua

64 3553 177 3611 libidine
189 3554 293 3610 illecta
316 3553 485 3622 consensit,
512 3549 604 3626 idque
629 3552 661 3608 in
687 3568 719 3606 se
731 3551 859 3623 puniens
874 3551 916 3604 ita
930 3545 1036 3613 doluit,
1060 3551 1093 3598 ut

63 3645 151 3694 oroma
162 3643 286 3710 putaret
298 3629 495 3706 expiandumf
522 3647 759 3709 quamquamnco
769 3633 814 3688 sic
827 3628 945 3704 quidem
958 3623 1093 3682 occidere

62 3735 90 3774 se
101 3717 218 3789 debuit,
247 3718 276 3774 si
288 3717 472 3773 fructuosam
485 3725 586 3789 posset
600 3715 677 3788 apud
690 3713 760 3772 dces
776 3714 867 3769 falsos
880 3727 970 3787 agero
988 3709 1092 3783 poeni-

62 3803 200 3860 tcutiamt
228 3801 439 3858 Verumtamen
458 3800 486 3855 ai
501 3799 579 3854 forte
598 3800 640 3852 ita
660 3806 705 3852 est
720 3837 739 3868 ,‚
756 3796 922 3868 falsumque
940 3801 986 3850 cst
1007 3785 1092 3860 mul,
