2510 4404
198 214 257 270 420
424 204 524 264 DlVl
545 201 733 262 lvsssnu
754 203 1014 264 AVGVSTlNl

197 365 307 443 telligi,
331 363 366 420 de
378 360 481 438 quibus
495 359 588 417 oculis
602 359 643 414 ait
655 355 821 434 Apostolus:
847 353 1044 416 illuminatos
1066 359 1177 418 oculos
1194 359 1226 416 le

196 450 263 508 lere
280 447 378 505 cordio
397 445 501 503 vestri.
537 441 610 517 lpsis
628 451 724 499 sutem
743 441 838 499 videri
850 441 964 515 Deum,
987 461 1063 500 oum
1084 443 1226 502 videlitu.

197 531 379 590 Christianus
393 527 515 606 ambigit
528 545 628 598 nemo,
652 528 703 602 qui
714 525 839 582 fideliter
851 527 976 601 accipit,
1002 527 1094 603 quod
1108 530 1156 584 ait
1169 527 1228 584 Deu

197 618 246 672 illc
258 617 412 694 magister:
425 609 517 669 Beati
529 611 631 668 mundi
642 611 741 682 corde,
754 612 889 688 quoniam
899 613 962 688 iprei
974 609 1082 668 Deum
1097 613 1230 670 videbun.

197 699 256 758 Sed
273 708 371 756 utrum
390 697 476 752 etiarn
496 695 691 770 corporalibus
712 693 1038 766 consiliarentur,
1065 694 1130 752 hoo
1149 698 1182 752 in
1195 698 1231 750 iso

197 785 367 859 quaestione
379 797 536 838 versamus.

259 865 333 924 lllud
346 867 423 922 enim
437 861 513 939 quod
527 863 741 936 scriptumest,
765 861 807 919 Et
825 861 936 920 videdit
955 864 1054 919 omnio
1074 864 1232 920 cerosolo

198 961 265 1009 tore
278 949 352 1020 Dei,
376 949 440 1004 sinc
453 948 539 1002 ullius
553 944 628 1002 nodo
642 944 822 1004 difficultatis
836 947 878 1004 sic
890 945 1025 1024 intelligi
1037 956 1160 1023 potest,
1193 951 1231 1024 psi

197 1034 307 1092 dictum
319 1032 418 1103 luerit,
430 1028 471 1088 Et
482 1029 593 1088 videbit
605 1031 698 1087 omnis
711 1029 797 1090 homo
811 1029 958 1088 Christum
971 1029 1050 1088 Dei:
1075 1033 1135 1108 qui
1149 962 1229 1107 uk«

199 1121 230 1176 in
243 1135 364 1194 corpore
377 1117 459 1174 risus
474 1124 534 1188 est,
561 1115 635 1170 etin
650 1133 772 1190 corpore
784 1114 949 1187 videbitur,
973 1115 1103 1190 quondo
1119 1118 1230 1173 risose

197 1212 328 1258 mortuos
341 1200 489 1257 iudicabit.
524 1197 608 1266 Quod
631 1209 730 1256 autern
752 1201 815 1276 ipse
838 1201 878 1256 sit
900 1201 1034 1256 salutare
1054 1199 1133 1273 Dei,
1156 1202 1228 1257 mults

156 1305 159 1314 ·
198 1295 268 1344 sunt
281 1287 380 1342 etalio
394 1285 562 1342 testimonia
575 1281 810 1360 Scripturarum:
824 1283 876 1340 sed
890 1283 1064 1342 evidentius
1078 1283 1228 1342 venerandi

159 1399 163 1412 2
198 1373 276 1428 illius
290 1372 369 1427 senis
383 1368 530 1427 Simeonis
549 1368 639 1426 verba
658 1367 822 1440 declarant,
847 1369 896 1443 qui
910 1387 977 1424 cum
990 1369 1148 1426 infantem
1161 1368 1227 1426 ctri-

198 1465 276 1512 etum
289 1456 448 1530 accepisset
460 1455 491 1510 in
504 1471 608 1509 manus
624 1471 702 1524 suas,
728 1449 822 1522 Nune,
836 1453 942 1527 inquit,
965 1452 1104 1510 dimittis
1129 1471 1226 1510 serres

197 1551 278 1596 tuum
291 1537 416 1596 Domine
435 1536 590 1595 secundum
603 1537 724 1607 verdum·
740 1547 821 1594 tuum
835 1538 865 1592 io
878 1553 974 1613 poce,
999 1539 1149 1612 quonian
1160 1537 1226 1595 oide-

198 1633 269 1679 runt
288 1621 365 1680 oculi
383 1624 441 1680 mei
458 1621 594 1678 solutore
613 1631 702 1677 tuum.
737 1618 811 1676 lllud
824 1621 911 1676 etiarn
924 1618 1001 1694 quod
1016 1622 1064 1676 ait
1077 1639 1168 1697 supra
1178 1638 1225 1676 nc-

196 1715 326 1760 moratus
340 1703 401 1776 lob,
416 1707 491 1760 sicut
503 1700 535 1760 in
549 1703 761 1776 exemplaribus
775 1722 848 1778 quoe
863 1721 900 1758 ex
913 1701 1055 1760 Hebraeo
1069 1716 1147 1762 sunt
1157 1707 1223 1760 inre

197 1789 293 1858 nitur,
316 1786 358 1843 Et
372 1789 402 1844 in
416 1806 506 1844 carne
519 1806 584 1843 meo
602 1788 703 1862 videbo
717 1786 831 1845 Deum:
856 1789 1114 1846 resurrectionem
1128 1789 1220 1866 quiden

199 1872 296 1928 carnis
310 1871 375 1926 sine
393 1869 480 1928 dubio
500 1868 699 1944 prophetavit3
725 1889 786 1928 non
809 1881 905 1928 tamen
928 1869 1015 1944 dixit,
1040 1871 1105 1930 Par
1124 1891 1216 1930 earnem

198 1974 300 2012 meam.
326 1953 409 2022 Quod
423 1953 537 2030 quidem
550 1956 576 2010 si
589 1954 724 2027 dixisset,
739 1965 837 2030 posset
849 1955 929 2012 Deus
943 1954 1085 2014 Christus
1100 1957 1214 2032 indigi,

199 2041 250 2116 qui
263 2058 315 2116 por
329 2058 446 2095 carnem
458 2040 490 2095 in
504 2057 593 2096 carne
605 2037 768 2096 videbitur:
795 2059 873 2096 nunc
886 2057 956 2096 vero
969 2049 1076 2113 potest
1089 2053 1122 2098 ct
1134 2045 1171 2098 sic
1180 2059 1216 2095 ac·

199 2125 266 2198 cipi,
287 2121 324 2180 ln
338 2143 428 2180 corne
441 2143 504 2182 meu
517 2123 617 2180 oidedo
631 2121 726 2180 Deum
731 2142 742 2197 ‚·
764 2141 799 2180 ac
812 2125 839 2180 si
852 2123 991 2196 dixisset,
1017 2123 1057 2182 ln
1071 2145 1160 2183 carne
1171 2144 1220 2182 nea

200 2226 261 2279 ero,
275 2225 363 2283 quum
376 2206 479 2264 videbo
493 2205 598 2264 Deum.
623 2205 663 2262 Et
675 2206 748 2263 illud
762 2207 839 2282 quod
851 2209 893 2264 ait
906 2209 1079 2283 Apostolus,
1091 2208 1179 2268 Facie
1191 2211 1221 2265 od

191 2292 325 2363 faciem,
351 2309 411 2346 non
424 2293 505 2369 cogit
517 2300 550 2347 ut
563 2289 659 2348 Deum
671 2309 724 2366 per
740 2289 815 2348 hanc
834 2292 939 2350 faciem
958 2296 1158 2368 corporalem,
1180 2293 1220 2349 ubi

198 2385 266 2431 sunt
280 2376 357 2430 oculi
371 2377 547 2450 corporales,
561 2393 615 2431 nos
628 2377 745 2432 visuros
759 2395 824 2434 esse
836 2375 1002 2448 credamus,
1027 2397 1118 2455 quern
1127 2379 1217 2452 spiritu
1242 2371 1243 2414 l

198 2460 262 2516 sine
275 2460 497 2516 intermissione
511 2459 682 2516 videbimus.
716 2459 782 2518 Nisi
796 2462 874 2518 enirn
887 2469 965 2517 esset
978 2463 1070 2520 etiam
1084 2463 1216 2520 interioris
1242 2425 1243 2512 i

197 2541 322 2601 hominis
336 2541 437 2615 facies,
450 2563 510 2600 nou
523 2543 633 2600 diceret
646 2543 722 2599 idem
734 2543 897 2619 Apostolus,
911 2541 971 2601 Nos
983 2557 1087 2606 autem
1098 2547 1218 2605 reuelato
1242 2555 1243 2626 ᾗ

192 2628 280 2700 facie
292 2627 420 2704 glorium
434 2626 556 2686 Domini
567 2627 763 2706 speculantes,
777 2631 808 2686 in
822 2629 941 2688 eusdem
956 2630 1118 2706 imagineae
1130 2641 1216 2688 trost·
1242 2663 1243 2666 =

191 2712 365 2784 formamur
378 2713 413 2770 de
425 2712 524 2789 gloria
533 2715 563 2770 in
575 2711 714 2789 gloriam,
729 2723 869 2789 tunquam
881 2733 900 2770 o
910 2709 975 2790 [ad]
985 2711 1110 2772 Domini
1121 2718 1216 2794 spirits

199 2792 375 2872 [spiritum]
414 2795 477 2852 Neo
500 2798 585 2852 aliter
607 2797 799 2874 intelligimus
811 2797 897 2874 ‘quod
915 2798 947 2854 in
966 2797 1085 2856 Psalmo
1101 2802 1214 2857 canitur:

197 2877 337 2936 Accedite
350 2879 391 2936 ad
404 2898 478 2950 eum,
492 2890 522 2936 et
535 2881 753 2952 illuminamini,
768 2891 798 2938 et
807 2880 1047 2952 focisooestrae
1060 2903 1116 2942 ooo
1129 2883 1212 2942 ende·

196 2972 286 3018 ocent.
316 2959 388 3016 Fide
405 2963 515 3036 'quippe
537 2962 685 3033 acceditur
703 2965 740 3020 ad
752 2963 864 3037 Deum,
888 2983 975 3042 quom
998 2968 1099 3026 cordis
1116 2975 1211 3026 conant

197 3061 270 3113 esse,
285 3061 345 3098 non
359 3046 497 3116 corporis.
526 3043 585 3101 Sed
598 3047 667 3120 quia
681 3049 811 3122 spiritale
825 3067 927 3124 corpus
942 3052 1092 3108 noscimus
1105 3059 1205 3128 quantos

195 3125 311 3185 habebit
324 3145 470 3200 accessus,
485 3123 532 3206 (de
546 3147 577 3184 ro
592 3131 698 3206 quippe
712 3134 864 3207 inexperta
873 3135 1020 3209 loquimur
1026 3132 1047 3212 3)
1062 3135 1207 3208 ubieliquo,
1242 3155 1243 3200 i

196 3231 271 3290 quae
283 3214 369 3271 aliter
383 3213 510 3294 intelligi
523 3225 650 3290 nequeat
669 3212 859 3292 [nequeant],
882 3216 1049 3276 divinorum
1063 3217 1208 3294 Scriptura·
1242 3265 1243 3296 ,

195 3318 261 3356 rum
274 3317 334 3356 non
349 3299 477 3354 occurrit
489 3308 519 3354 ct
531 3301 679 3356 succurrit
692 3302 859 3372 auctoritas,
882 3320 1001 3360 necesse
1017 3313 1062 3359 ost
1077 3305 1209 3378 contingat
1242 3297 1243 3362 l

195 3385 227 3440 in
241 3383 324 3440 nobis
338 3381 415 3458 qnod
428 3383 536 3460 legitur
549 3383 581 3438 in
594 3383 667 3440 libro
682 3382 866 3458 Sapientiae:
894 3384 1099 3463 Cogitationes
1115 3395 1208 3443 norm

196 3466 266 3524 lium
280 3467 412 3536 timidae,
427 3476 456 3522 et
470 3467 603 3524 incertae
609 3467 819 3544 providentiae
832 3481 960 3528 nostrae.

271 3549 469 3622 Ratiocinatio
483 3551 588 3624 quippe
602 3551 652 3606 illo
671 3548 923 3627 philosophorum,
948 3571 1005 3628 qua
1023 3553 1206 3630 disputantia
1242 3567 1243 3570 ’

196 3631 662 3710 mentisadspectuintelligibilio
676 3631 785 3706 videri,
795 3683 798 3693 ,
808 3646 838 3691 et
852 3655 941 3694 sensu
956 3641 1086 3713 corporis
1100 3639 1203 3696 sensiti-
1242 3639 1243 3656 ¹

195 3719 245 3786 lia,
259 3715 287 3769 id
303 3725 358 3786 est,
372 3717 544 3790 corporalia,
559 3726 591 3772 ut
604 3736 659 3774 nac
672 3719 871 3796 intelligibilia
882 3740 935 3795 per
949 3739 1066 3796 corpus,
1089 3743 1141 3780 nee
1153 3740 1202 3780 eor·

154 3829 159 3836 ·
194 3797 306 3870 poralia
318 3793 520 3872 perseipsum
534 3796 578 3874 [se
591 3797 666 3874 ipsa]
680 3820 762 3857 niens
775 3805 872 3860 valeat
884 3807 1004 3876 intueri,
1017 3807 1045 3861 si
1056 3817 1151 3880 posset
1161 3824 1201 3861 no·

194 3879 505 3956 strennuissime,
528 3883 658 3958 profecto
682 3895 792 3944 certum
811 3899 888 3945 esset
905 3907 958 3966 per
975 3892 1073 3948 oculos
1092 3891 1200 3966 eorporis
