2576 4396
249 217 554 280 Daelvlmu
578 217 656 279 unt
682 213 761 281 illi.
784 219 844 282 lX.
985 229 1070 288 ,2⁷5

415 389 437 450 C
458 389 483 446 A
504 389 536 447 P.
579 385 691 448 XIX.

35 491 114 556 Quod
122 488 276 558 appellatio
287 487 440 541 daemonum
449 487 505 540 iem
514 505 562 540 nec
572 489 647 556 opud
655 493 770 542 caltores
780 508 869 542 eorem
880 501 1032 544 assumatur
1042 493 1071 546 in

342 556 568 628 significationem
576 559 692 612 alicuius
702 559 771 612 doni.

97 663 161 724 Sed
175 683 215 720 ne
228 664 265 722 de
276 664 371 720 verbis
386 665 475 720 etiam
487 682 540 724 nos
552 675 665 722 oertare
676 665 837 738 videamur,
850 671 988 743 quoniam
998 687 1071 725 non-

35 754 107 810 nulli
121 752 268 818 istorum,
292 756 325 802 ut
342 748 384 804 ita
402 748 546 820 dixerim,
573 747 850 822 daemonicolarum,
876 753 907 809 in
925 753 1029 828 quibua
1044 762 1074 806 et

35 836 130 893 Labeo
145 841 211 904 est,
239 830 356 888 eoadem
373 830 528 906 perhibent
544 831 580 888 ab
600 831 665 890 aliis
679 835 801 914 angelos
821 831 897 906 diei,
922 853 996 911 quos
1016 837 1074 912 ipsi

37 920 192 976 daemones
207 926 396 990 nuncupant,
423 917 482 972 iam
495 915 567 972 inihi
581 917 616 973 de
629 918 714 975 bonis
727 917 848 998 Angelis
863 915 973 996 aliquid
987 917 1072 976 video
1092 909 1095 914 ¹

36 999 255 1070 disserendum,
276 1017 346 1075 quos
360 1001 408 1056 isti
423 1019 487 1056 esse
503 1020 563 1058 non
576 1012 702 1080 negant,
721 1003 773 1058 sed
786 1022 834 1060 eoa
849 1003 942 1060 bonos
956 1001 1071 1060 daemo-

34 1107 83 1144 nes
96 1103 209 1143 vooare
225 1103 311 1159 quam
323 1087 444 1162 angelos
457 1085 580 1143 malunt.
623 1085 684 1144 Nos
700 1097 812 1158 autem,
828 1087 904 1144 sicut
918 1087 1072 1160 Scriptura

34 1173 181 1246 loquitur,
209 1167 369 1226 seeundum
392 1187 478 1244 qnam
493 1166 654 1228 Christiani
675 1186 789 1240 sumus,
816 1170 937 1247 angelos
958 1169 1073 1246 quidem

34 1257 140 1328 partim
165 1252 276 1321 bonos,
302 1245 408 1326 partim
429 1254 538 1325 malos,
563 1270 712 1328 nunquam
725 1270 795 1308 vero
808 1245 898 1308 bonos
917 1251 1073 1310 daemones

35 1341 176 1416 legimus:
203 1335 256 1392 sed
270 1335 435 1411 ubieunque
448 1337 566 1392 illarum
583 1337 748 1392 litterarum
759 1335 814 1392 hoe
828 1354 935 1392 nornen
946 1335 1074 1412 positum

37 1422 200 1496 reperitur,
228 1421 292 1474 sive
310 1417 481 1492 daemones,
508 1420 571 1476 sive
590 1419 744 1474 daemonia
764 1417 913 1491 dieantur,
940 1438 1000 1476 non
1015 1421 1074 1476 nisi

35 1505 160 1582 maligni
181 1501 386 1580 significantur
407 1501 537 1574 spiritus.
579 1501 619 1558 Et
636 1499 712 1558 hane
728 1503 866 1578 loquendi
884 1499 1072 1560 eonsuetudi-

36 1609 102 1646 nem
117 1590 149 1643 in
164 1595 280 1642 tanturn
292 1587 390 1658 populi
403 1601 611 1662 usquequaque
621 1587 716 1642 secuti
725 1596 810 1660 sunt,
823 1597 857 1644 ut
870 1605 971 1644 eorum
985 1587 1074 1642 etiam

36 1675 83 1748 qui
105 1671 218 1748 pagani
241 1669 440 1744 appellantur,
469 1679 499 1725 et
517 1667 586 1726 deos
600 1671 707 1726 multos
720 1689 754 1728 ac
768 1670 923 1726 daemones
937 1669 1072 1728 colendos

37 1777 97 1812 esse
111 1753 316 1824 contendunt,
343 1753 441 1809 nullus
455 1751 517 1809 sere
531 1753 571 1810 sit
583 1763 643 1810 torn
660 1754 810 1810 litteratus
829 1764 860 1812 et
878 1751 996 1826 doetus,
1023 1757 1074 1831 qui

37 1841 138 1897 audeat
150 1840 185 1894 in
203 1835 292 1892 laude
311 1835 359 1893 vel
378 1854 463 1892 servo
481 1855 533 1892 suo
552 1837 666 1910 dicere,
691 1835 872 1896 Dromonem
889 1835 994 1896 habes:
1022 1838 1073 1895 sed

37 1925 153 1981 cuilibet
165 1920 222 1976 hoc
238 1919 334 1975 dicere
347 1919 488 1992 voluerit,
516 1939 576 1978 non
595 1941 627 1977 se
644 1923 731 1980 aliter
748 1925 857 1998 accipi,
884 1941 970 1998 quarn
980 1925 1071 1978 molo·

37 2009 129 2064 dicere
142 2005 292 2074 voluisse,
321 2001 451 2058 dubitare
464 2007 640 2079 nonpossit.
684 2007 766 2073 Quae
789 2005 885 2083 igitur
908 2023 961 2062 nos
985 2024 1074 2062 eausa

36 2092 197 2168 compellit,
223 2098 257 2144 ut
268 2097 335 2162 post
348 2083 539 2162 offensionem¹
552 2089 667 2145 aurium
686 2099 746 2144 tarn
763 2091 938 2158 multorum,
965 2098 999 2144 ut
1015 2091 1074 2144 iarn

36 2197 106 2252 pene
126 2177 191 2230 sint
209 2173 355 2241 omnium,
383 2188 457 2244 quae
474 2167 529 2226 hoe
550 2169 671 2228 verbum
690 2189 750 2228 non
769 2171 828 2228 nisi
841 2171 872 2226 in
887 2171 992 2226 malam
1004 2191 1072 2246 par-

36 2272 92 2317 tem
105 2257 214 2316 audire
228 2263 463 2325 consueverunt,
490 2253 566 2329 quod
591 2255 717 2312 diximus
744 2273 886 2334 cogamur
913 2273 1073 2330 exponere,

37 2365 100 2400 eum
113 2341 263 2419 possimus
277 2339 449 2416 angelorum
462 2339 581 2394 nornine
595 2338 734 2411 adhibito,
749 2339 870 2396 eandem
882 2335 1073 2399 offensionem

37 2448 105 2503 quoe
120 2425 244 2484 nomine
257 2423 430 2479 daemonum
443 2419 508 2478 fieri
520 2431 651 2495 poterat,
679 2419 808 2479 evitaret

428 2587 550 2646 CAP.
593 2585 679 2644 XX.

143 2690 190 2743 De
201 2689 336 2760 qualitate
346 2684 490 2747 scientiae,
510 2702 579 2754 quoe
589 2687 728 2736 daemones
737 2683 864 2752 superbos
873 2683 959 2756 facit.

97 2803 273 2874 Quanquam
287 2796 373 2852 etiarn
391 2795 455 2868 ipra
475 2793 558 2870 origo
577 2789 664 2848 huius
677 2791 827 2863 nominis,
854 2792 880 2847 si
893 2791 1009 2848 divinos
1023 2793 1070 2850 in-

37 2895 168 2942 tueamur
182 2881 288 2952 libros,
301 2878 412 2954 aliquid
425 2873 510 2933 offert
523 2877 692 2954 cognitione
705 2873 920 2954 dignissimum
956 2875 1070 2954 Δαίμο-

38 2989 80 3037 νες
95 2969 173 3024 enim
187 2965 344 3033 dieuntur,
358 2963 494 3038 quoniam
506 2960 679 3017 vocabulum
689 2959 835 3017 Graecum
847 2971 911 3034 ert,
924 2961 961 3019 ob
974 2945 1070 3019 a'oien-

38 3056 106 3108 tiam
118 3050 274 3108 nominati.
317 3039 469 3120 Apostolus
492 3053 589 3101 autem
614 3042 727 3123 Spiritu
750 3055 851 3102 saneto
875 3047 990 3102 loeutus
1013 3049 1070 3103 ait:

38 3135 172 3194 Scientia
187 3131 291 3208 inflet,
310 3131 425 3186 teritos
438 3147 507 3186 oeno
521 3127 675 3200 aedificet.
720 3128 804 3196 Quod
816 3139 897 3186 reete
911 3132 997 3186 aliter
1009 3149 1071 3186 non

38 3220 235 3296 intelligitur,
263 3215 323 3270 nisi
335 3213 489 3268 seientiam
501 3221 572 3279 tune
584 3211 739 3286 prodesse,
766 3229 832 3268 eum
850 3215 957 3270 auritas
977 3217 1070 3286 ineat3

39 3306 100 3360 sine
112 3302 169 3358 hae
184 3308 282 3356 autem
294 3295 414 3366 inflare,
436 3295 467 3350 id
481 3303 541 3366 est,
564 3296 597 3351 in
610 3295 775 3370 superbiam
786 3297 976 3353 inanissimae
989 3299 1073 3373 quari

37 3385 229 3443 ventositatis
243 3381 395 3437 extollere.
438 3377 493 3434 Est
515 3395 586 3458 ergo
607 3381 640 3436 in
658 3378 845 3436 detinemini!
864 3381 988 3435 seientia
1008 3381 1072 3435 sine

37 3473 174 3540 caritate,
202 3464 311 3522 etideo
323 3461 506 3534 taminssati,
528 3463 558 3518 id
571 3472 632 3535 est,
658 3473 718 3519 tarn
730 3459 847 3534 superbi
862 3471 945 3534 sunt,
972 3471 1006 3518 ut
1019 3459 1072 3516 ho·

36 3573 125 3610 nores
139 3553 259 3610 divinos
282 3557 312 3604 et
329 3548 483 3625 religionis
500 3549 687 3618 servitutem,
715 3563 801 3622 quom
813 3558 883 3600 rero
896 3543 960 3600 Deo
974 3544 1074 3599 deberi

37 3639 149 3711 sciunt,
179 3637 238 3694 sibi
250 3633 414 3710 sategerint
427 3629 572 3701 exhiberi,
598 3640 628 3687 et
641 3640 781 3710 quantum
793 3635 931 3704 merant,
954 3636 984 3683 et
997 3625 1074 3702 spud

38 3741 107 3797 quos
120 3727 266 3798 possunt,
293 3713 386 3772 adhue
397 3723 498 3794 agunt.
542 3711 651 3772 Contra
669 3713 834 3790 superbiam
851 3721 939 3787 porto
956 3710 1072 3768 daemo-

36 3825 120 3879 nnm,
147 3823 209 3884 que
226 3813 280 3878 pro
294 3799 406 3856 meritis
424 3797 625 3875 possidebatur
638 3815 733 3879 genui
748 3796 922 3868 humanum,
948 3795 1006 3852 Dei
1017 3793 1072 3852 lnr-

36 3893 143 3949 rnilitar
155 3898 236 3967 quae
249 3887 283 3942 in
296 3884 390 3940 forma
401 3884 479 3940 terri
496 3881 639 3958 apparuit,
654 3882 943 4022 quantigm2virtutem
956 3879 1072 3950 habeat,
