2586 4396
210 171 250 224 40
445 155 541 216 DlVl
562 149 751 211 AVRELll
772 144 1024 210 AVGVSTlNl

211 317 317 375 aneilla
330 330 382 369 sua
395 309 605 384 concupiscens
620 303 741 377 habere,
767 303 843 380 quotl
860 303 895 360 sle
909 322 941 359 sc
954 305 1018 378 ipsa
1033 321 1093 360 uon
1106 322 1140 361 se
1158 325 1248 382 posse

210 399 358 468 cernebat,
372 395 450 450 dedit
462 412 526 450 eam
538 389 703 448 foetandam
715 390 779 445 viro
794 388 829 444 de
842 406 898 463 quo
913 405 1016 463 parcre
1028 389 1175 460 voluerat,
1191 411 1248 448 nec

209 489 352 560 potuerat.
365 478 476 557 Exegit
488 479 585 551 itaque
599 475 687 530 etiam
700 472 742 528 sic
757 471 884 528 debitum
898 471 933 528 dc
946 473 1062 542 marito,
1076 481 1159 528 utens
1173 476 1247 530 iure

209 585 262 624 suo
275 567 307 622 in
320 573 405 620 utero
419 564 524 618 alieno.
547 558 640 616 Natus
654 565 699 613 est
712 575 781 635 crgo
794 555 909 628 lanscel,
924 557 1000 612 sicut
1013 567 1173 612 nascuntur
1186 556 1245 614 ho-

207 651 314 721 mines,
328 648 527 722 permixtione
540 661 628 699 sexus
642 643 809 716 utriusque,
823 641 933 696 usitata
946 642 1012 718 lege
1026 650 1155 696 naturae.
1172 641 1246 697 ldeo

209 735 319 790 «lictum
331 741 377 787 cst
389 730 545 787 secundam
560 745 695 783 cerotem:
721 743 781 781 uon
794 724 872 800 quod
885 725 942 780 ista
955 723 1097 780 beneficia
1110 723 1171 780 Dei
1184 745 1246 782 nou

209 820 280 888 sint,
294 824 416 872 autnon
429 814 480 868 illa
493 819 628 886 operetur
637 808 730 881 Deus,
745 811 825 865 cuius
837 807 935 882 opifex
948 809 1090 882 sapientia
1103 811 1244 884 attingit,

209 903 288 957 sicut
300 899 438 972 scriptum
452 905 510 966 est,
525 915 544 952 a
554 895 621 966 fine
633 910 724 970 usquc
738 893 779 950 ad
787 891 1039 964 finemfortt‘ter,
1068 902 1097 948 et
1112 893 1245 970 disponit

209 984 306 1040 anania
319 983 469 1037 saeviter:
488 979 539 1035 sed
552 979 601 1034 ubi
615 975 840 1055 significandum
852 975 948 1030 fuerat
961 973 1018 1031 Dei
1032 974 1150 1045 donum,
1166 975 1244 1050 quod

209 1065 370 1122 indebitum
384 1063 548 1120 hominibus
562 1063 656 1140 gratis
670 1061 766 1138 gratia
778 1061 953 1138 largiretur,
981 1059 1023 1114 sic
1036 1061 1165 1134 oportuit
1179 1059 1243 1114 dari

210 1149 316 1220 filium,
330 1147 569 1224 quemadmodum
582 1155 705 1203 naturae
718 1163 778 1201 non
792 1145 949 1200 debebatur
963 1143 1146 1199 excursibus.
1181 1141 1242 1198 Ne·

210 1243 260 1312 gat
280 1233 358 1289 enim
377 1241 482 1288 natura
500 1234 559 1287 iam
577 1229 652 1310 filios
672 1230 725 1285 tali
743 1229 944 1285 commixtioni
962 1228 1049 1282 maris
1064 1237 1094 1284 et
1106 1225 1240 1297 feminac,

210 1318 304 1393 qualis
325 1335 389 1372 esse
408 1324 523 1392 poterat
536 1313 668 1371 Abrahae
687 1323 716 1368 et
729 1311 820 1370 Sarae
837 1314 870 1369 in
883 1313 934 1368 illa
946 1313 1004 1394 iam
1017 1319 1129 1382 aetate,
1152 1312 1243 1366 etiam

210 1401 340 1458 mulieris
367 1401 524 1456 accedente
550 1399 716 1469 sterilitate,
742 1415 816 1472 quae
841 1415 896 1453 nce
920 1403 991 1452 tunc
1011 1413 1114 1470 parere
1137 1397 1242 1470 potuit,

211 1483 326 1560 quando
345 1503 405 1541 nou
425 1493 504 1540 aetas
525 1481 728 1553 foecunditati,
753 1480 804 1536 sod
825 1481 915 1537 aetati
937 1478 1116 1538 foecunditas
1141 1479 1241 1534 defuit.

211 1566 296 1636 Quod
310 1585 380 1644 crgo
395 1576 516 1622 naturae
530 1568 573 1622 sic
591 1562 712 1621 allectae
725 1563 836 1620 fructus
854 1565 1033 1638 posteritatis
1046 1579 1103 1620 nou
1118 1561 1241 1619 debeba-

211 1662 275 1720 tur,
302 1649 449 1728 significat
463 1649 539 1724 quod
553 1657 656 1706 natura
672 1651 790 1726 generis
804 1647 925 1705 humani
936 1655 1053 1724 peccato
1066 1647 1191 1718 vitiata,
1211 1665 1241 1702 ac

211 1751 264 1810 per
276 1732 331 1789 hoc
346 1735 409 1788 iure
423 1733 569 1804 damnata,
593 1729 667 1788 nihil
679 1751 767 1789 verae
781 1733 930 1789 felicitatis
943 1733 975 1786 in
988 1739 1135 1806 posterum
1148 1749 1241 1786 merc-

211 1818 305 1873 batur.
327 1815 419 1872 Recte
438 1817 529 1894 igitur
548 1815 696 1894 significat
715 1814 797 1873 lsaac
818 1833 869 1892 pcr
886 1815 1142 1890 repromissionem
1155 1824 1240 1870 uatus

211 1901 288 1957 lilios
302 1901 414 1978 gratiae
428 1901 506 1956 cives
522 1899 655 1957 Civitatis
668 1900 793 1971 liberae,
817 1901 910 1956 socios
923 1900 1003 1974 pacis
1017 1907 1167 1970 aeternae,
1191 1898 1242 1954 ubi

212 1986 325 2041 sitnon
338 2003 418 2040 amor
431 1985 563 2058 propriae
575 2002 610 2040 ae
623 1984 755 2056 privatae
769 1983 891 2060 quodam
904 1982 989 2038 modo
1004 1983 1178 2054 voluntatis,
1193 1981 1240 2037 sed

213 2071 359 2126 communi
375 2067 532 2143 eodemque
545 2067 719 2124 immutabili
731 2067 807 2124 bono
820 2067 969 2145 gaudens,
994 2075 1080 2140 atquc
1094 2085 1132 2122 ex
1145 2067 1238 2122 multis

212 2170 303 2210 unum
317 2171 367 2210 cor
380 2151 502 2223 faciens,
515 2152 545 2208 id
559 2161 613 2224 cst,
627 2151 755 2226 perfecte
768 2151 845 2208 facta
858 2167 977 2206 concors
990 2149 1156 2208 obedientia
1168 2152 1240 2207 cari-

211 2237 291 2292 tatis.

614 2317 682 2376 CA
703 2318 734 2375 P.
778 2315 838 2374 lv,

357 2397 401 2451 Dc
411 2408 534 2454 terrenae
545 2397 674 2451 Civitatis
688 2401 730 2451 ael
739 2399 945 2464 concertatione,
960 2400 1001 2452 ecl
1011 2415 1087 2468 poce.

277 2488 409 2548 Terrena
428 2509 514 2566 porro
528 2488 656 2562 Civitas,
679 2507 753 2565 quac
772 2491 947 2564 sempiterna
965 2509 1025 2546 nou
1043 2489 1112 2560 erit,
1138 2483 1239 2566 (neque
1271 2527 1272 2538 t

213 2575 290 2631 enim
304 2593 369 2631 eum
383 2587 514 2631 extremo
529 2576 669 2650 supplicio
689 2573 824 2631 damnata
838 2573 943 2646 fuerit,
967 2575 1025 2630 iam
1038 2571 1151 2630 Civitas
1165 2575 1238 2643 erit,)
1271 2559 1272 2628 l

211 2657 260 2714 hic
274 2657 360 2715 habet
372 2659 480 2716 bonum
494 2677 594 2730 suum,
617 2660 699 2716 cuius
713 2660 852 2715 socictate
865 2660 1006 2729 laetatur,
1020 2658 1114 2732 qualis
1130 2676 1195 2713 csse
1208 2656 1239 2711 dc
1271 2671 1272 2676 ¹

211 2743 319 2799 talibus
333 2743 420 2798 rebus
438 2743 551 2798 laetitia
564 2751 669 2817 potest.
695 2741 735 2798 Et
753 2743 888 2818 quoniam
907 2761 966 2798 non
985 2749 1030 2797 est
1048 2742 1107 2796 tale
1124 2739 1237 2810 bonum,

215 2835 250 2882 ut
261 2827 354 2882 nullas
368 2827 518 2903 angustias
532 2825 621 2881 faciat
635 2827 810 2882 amatoribus
824 2828 899 2897 suis,
918 2825 983 2882 ideo
997 2824 1107 2882 Civitas
1121 2825 1178 2881 ista
1190 2823 1238 2890 ad7

213 2925 316 2964 ‘versus
330 2926 360 2963 se
373 2910 464 2981 ipsam
476 2910 644 2984 plerumque
657 2908 796 2966 dividitur
809 2909 968 2989 litigando,
988 2908 1138 2980 bellando,
1156 2917 1236 2982 atque

211 2991 380 3068 pugnando,
395 3000 424 3046 et
437 3001 487 3046 aut
499 2992 673 3064 mortiferae,
687 3003 739 3050 aut
752 3003 830 3054 certe
840 2996 977 3050 mortales
990 2995 1129 3050 victorias
1141 2991 1237 3066 requi·

212 3074 313 3130 sendo.
352 3073 427 3130 Nam
441 3091 477 3130 cx
492 3093 662 3153 quacunque
676 3079 721 3133 sui
733 3087 816 3153 parte
829 3077 966 3134 adversus
979 3079 1102 3134 alteram
1116 3078 1163 3134 sui
1175 3093 1237 3150 par-

211 3168 272 3216 tem
285 3157 419 3214 bellando
433 3161 610 3232 surrexerit,
625 3164 738 3238 quaerit
756 3181 820 3219 esse
832 3164 940 3220 victrix
953 3164 1101 3241 gentium,
1126 3160 1236 3218 comsit
1271 3175 1272 3180 ¹

213 3243 327 3318 captiva
339 3242 488 3300 vitiorum.
514 3241 553 3300 Et
566 3245 592 3300 si
605 3246 722 3322 quidem
735 3265 801 3302 curn
813 3248 934 3318 vicerit,
961 3246 1112 3322 superbius
1128 3244 1234 3302 extolli-
1271 3245 1272 3298 ι

212 3336 271 3399 tur,
286 3327 372 3383 etiam
387 3323 456 3404 [sie]
471 3327 634 3403 mortifera3
660 3332 767 3388 sivero
782 3331 980 3388 conditionem
993 3331 1130 3407 cogitans
1144 3347 1238 3386 casus·
1271 3321 1272 3394 l

212 3429 267 3488 que
280 3429 462 3484 communes,
489 3414 582 3491 magis
600 3433 675 3489 quae
689 3413 819 3470 accidere
831 3424 953 3490 possunt
967 3413 1098 3470 adversis
1113 3416 1238 3493 angitur,
1271 3407 1272 3480 l

212 3514 297 3570 quarn
310 3496 352 3552 eis
366 3514 440 3572 quae
452 3498 641 3572 provenerint
650 3499 785 3554 secundis
799 3499 884 3555 rebus
898 3497 1028 3568 inflatur,
1041 3496 1238 3554 tantummodo
1271 3497 1272 3558 l

212 3581 343 3636 mortalis
359 3589 404 3636 est
417 3582 475 3636 ista
487 3582 621 3638 victoria.
647 3579 749 3658 Neque
763 3584 841 3638 enim
853 3601 966 3657 semper
979 3581 1124 3638 dominari
1136 3581 1237 3656 poterit
1271 3593 1272 3630 ι

210 3661 417 3735 permanendo,
432 3665 474 3720 eis
488 3681 558 3738 quos
570 3665 697 3739 potuerit
710 3663 865 3744 subiugare
878 3663 1033 3722 vincendo.
1064 3663 1132 3721 Nou
1148 3673 1238 3721 autem

210 3750 291 3796 recte
305 3745 443 3802 dicuntur
457 3765 491 3802 ca
503 3747 579 3802 bona
591 3766 650 3803 non
666 3765 739 3818 ease,
755 3767 827 3824 quae
841 3750 1022 3824 concupiscit
1033 3745 1105 3804 baec
1119 3747 1236 3816 Civitas,

212 3823 325 3898 quando
341 3836 386 3882 cst
400 3837 429 3884 et
442 3831 504 3904 ipsa
517 3832 548 3886 in
562 3849 613 3888 suo
627 3849 735 3910 genere
754 3831 879 3892 hunuano
899 3836 1008 3892 melior.
1053 3829 1238 3909 Concupiscit
