2586 4396
231 208 291 267 DE
315 208 529 267 ClVlTATE
553 211 629 270 DEl
656 212 734 271 ΗΒ.
757 213 848 272 XVl.
995 223 1053 278 117

33 383 94 441 quo
112 360 291 440 significetur
305 359 507 433 aeschrione,
536 365 622 420 etiem
636 366 780 423 iuratione
793 365 849 424 Dei
861 368 974 428 firmata
986 393 1053 448 pro-

33 448 144 505 missio.
169 442 264 519 Saepe
277 447 354 503 enim
366 447 556 522 promiserat,
570 447 620 502 sed
634 467 780 526 nunquam
793 451 949 510 iuraverat.
979 456 1055 523 Quid

33 540 131 588 autem
151 538 196 585 est
216 526 273 585 Dei
292 531 356 586 veri
377 531 547 606 veracisque
566 532 692 603 iuratio,
719 534 776 590 uici
793 537 929 609 promissi
949 538 1055 595 confir-

33 616 122 672 matio
133 653 142 684 ,
159 621 189 669 et
200 612 361 670 infidelium
372 613 512 690 quaedam
524 612 704 691 increpatiol

97 697 167 754 Post
178 695 250 753 baec
263 694 353 754 Serre
364 707 479 754 mortua
493 707 553 769 eet,
567 700 724 756 centesimo
738 710 768 758 et
780 703 920 760 vicesimo
934 705 1055 780 septimo

32 783 319 852 anconitanum,
346 783 505 838 centesimo
525 790 621 838 eutem
641 792 671 839 et
690 785 838 843 tricesimo
860 788 981 864 septimo
999 790 1057 846 riri

32 868 90 923 sui.
131 863 239 922 Decem
252 866 357 940 quippe
369 867 455 922 annis
470 884 534 922 eam
545 866 735 941 praecedebat
751 879 860 927 aetate:
887 871 966 927 sicut
982 874 1056 946 ipse,

33 949 147 1026 qnando
166 949 223 1004 sibi
237 967 275 1004 ex
288 950 338 1005 ille
350 951 508 1023 promissus
522 959 568 1006 eat
581 949 675 1021 filius,
700 953 758 1025 sit,
783 951 819 1010 Si
830 953 903 1012 mibi
914 973 1057 1012 onnon-ans

31 1043 147 1093 centnm
159 1031 403 1104 noscetur-filine,
417 1043 447 1092 et
460 1036 488 1090 ei
499 1031 598 1091 Sarno
610 1053 751 1092 annornm
760 1040 924 1115 nonaginta
931 1037 1058 1115 parieti

30 1117 116 1176 Tunc
131 1117 200 1172 emit
211 1134 314 1195 agrum
323 1116 484 1189 Abrabam,
512 1119 544 1174 in
566 1135 622 1194 quo
646 1119 780 1194 sepelivit
801 1137 931 1176 uxorem.
971 1121 1057 1178 Tunc

31 1220 103 1280 ergo
124 1199 282 1258 secundum
302 1203 498 1258 narrationem
512 1199 670 1276 Stephani,
697 1203 728 1257 in
742 1211 821 1260 terre
842 1205 893 1259 illa
907 1213 951 1260 est
964 1207 1055 1261 collo·

30 1296 132 1356 cetur,
151 1285 288 1360 quoniam
301 1286 397 1360 coepit
408 1285 450 1341 ibi
464 1303 528 1356 ease
540 1301 707 1360 possessor3
729 1296 931 1362 postmortem
945 1289 1057 1344 sedicet

30 1370 123 1446 petris
137 1369 195 1440 sui,
222 1369 273 1444 qui
286 1369 434 1447 colligitur
445 1377 513 1426 ante
525 1368 676 1426 biennium
689 1369 781 1426 luisse
795 1369 930 1428 defectus.

358 1519 479 1580 CAP.
521 1517 726 1578 XXXlll.

133 1615 176 1669 De
189 1614 305 1670 Rebecca
315 1626 394 1686 nepte
404 1615 523 1682 Narbon,
539 1633 618 1687 qnam
628 1617 708 1671 isaac
721 1619 826 1689 occepit
835 1635 953 1674 exorent.

91 1705 203 1764 Deinde
217 1704 376 1762 Rebeccam
389 1718 505 1783 neptem
517 1707 633 1767 Nachor
649 1712 747 1786 patrui
765 1711 830 1781 aui,
855 1729 943 1786 quum
963 1727 1055 1766 anno-

26 1811 95 1850 rum
107 1790 299 1868 quadraginta
312 1799 390 1848 essct
400 1789 499 1865 lseec,
513 1792 599 1850 duxit
610 1811 748 1866 uxorem,
773 1795 931 1852 centesimo
944 1795 1055 1850 scilicet

26 1887 58 1933 et
75 1873 298 1953 quadragesimo
316 1891 394 1931 anno
413 1877 491 1933 ritae
508 1880 599 1952 petris
620 1879 682 1950 sui,
708 1880 837 1935 triennio
855 1888 1057 1954 postmortem

24 1960 130 2018 matris
145 1976 223 2014 suae.
266 1955 305 2013 Vt
316 1967 414 2015 autem
426 1961 507 2018 illam
519 1960 654 2033 duceret,
675 1961 789 2037 quando
803 1961 839 2018 ab
853 1963 915 2017 eiua
930 1971 1012 2036 petre
1025 1964 1057 2017 in

23 2043 265 2118 Mesopotamiam
278 2059 383 2098 servus
396 2044 503 2102 missus
518 2054 577 2117 est,
591 2044 660 2121 quid
669 2044 749 2101 eliud
759 2045 988 2100 demonstratum
1002 2053 1057 2113 est,

24 2147 118 2204 quum
131 2125 223 2182 eidem
238 2144 323 2182 serso
337 2125 412 2182 dixit
425 2125 584 2199 Abraham,
611 2125 689 2184 Pone
706 2145 822 2184 manum
841 2137 922 2183 tuom
940 2127 991 2183 eni
1002 2127 1057 2198 fe-

22 2230 110 2268 more
127 2228 202 2280 neo,
229 2219 259 2268 et
276 2209 420 2267 odiorobc
440 2221 470 2267 te
477 2228 538 2289 per
551 2209 706 2268 Dominam
719 2209 814 2269 Deum
827 2208 901 2266 coeli
913 2219 943 2267 et
955 2208 1058 2267 Domi·

22 2313 99 2352 num
113 2302 227 2364 terroe,
251 2304 286 2351 nst
299 2311 355 2349 non
368 2310 467 2350 enneae
479 2293 549 2366 filio
562 2313 623 2352 meo
636 2289 728 2352 lenae
744 2311 864 2351 uxorem
883 2294 917 2351 de
931 2292 1057 2366 filiabuo

26 2377 291 2448 Chananoeornne,
309 2377 366 2432 nisi
378 2376 536 2435 Dominum
550 2377 646 2435 Deum
659 2379 734 2434 coeli
748 2385 778 2434 et
789 2375 949 2454 Dominum
962 2386 1057 2434 terrne

22 2465 180 2531 incarne,
206 2479 281 2536 quae
304 2477 342 2516 ex
365 2461 415 2517 illo
438 2460 547 2518 femore
568 2460 752 2532 trahebatur,
778 2461 868 2516 tuisse
885 2456 1057 2517 venturumi

22 2543 176 2622 Numquid
188 2541 260 2600 hoec
273 2561 363 2619 parva
376 2553 446 2600 suut
457 2543 679 2619 praenuntiatae
692 2543 801 2599 indicia
812 2544 957 2613 veritatis,
972 2560 1056 2617 quem

24 2627 130 2706 [quse]
148 2629 285 2702 compleri
297 2626 428 2684 videmus
441 2629 474 2684 iu
490 2623 624 2685 Christoi

369 2777 485 2836 CAP.
528 2776 722 2835 XXXIV.

22 2876 104 2942 Quid
118 2874 321 2946 intelligendum
335 2875 373 2928 sit
381 2876 411 2930 in
421 2895 450 2930 ec
460 2878 530 2946 quod
538 2875 676 2929 Abrabam
681 2883 745 2945 poet
754 2885 865 2928 mortem
877 2874 979 2927 Sarrae
989 2890 1057 2926 nece·

372 2946 419 3017 pit
433 2963 544 3002 uxorem
558 2945 712 3000 bernerum.

93 3050 173 3118 Quid
192 3061 289 3108 autem
306 3053 361 3109 sibi
377 3056 455 3127 vult,
482 3053 559 3130 quod
571 3051 714 3111 Abraham
735 3062 802 3128 post
821 3064 942 3110 mortem
955 3053 1061 3112 Sarrae

21 3135 190 3196 Cethursm
202 3135 288 3192 duxit
299 3134 442 3194 uxoremi
469 3137 526 3194 Vbi
540 3138 617 3194 ebait
628 3147 661 3193 ut
674 3138 919 3196 incontinentiam
932 3140 1060 3212 suspice-

20 3238 111 3292 mur,
140 3220 315 3294 praesertim
326 3221 359 3277 in
372 3223 423 3278 ille
435 3223 493 3278 iam
508 3229 620 3292 aetate,
646 3229 676 3276 et
694 3223 726 3276 in
745 3222 795 3276 ille
813 3219 880 3276 fidei
897 3223 1060 3278 sanctitate.

20 3307 74 3364 An
87 3301 186 3360 adbuc
196 3303 370 3380 procreandi
383 3304 437 3360 lilii
450 3302 678 3380 quaerebantur,
693 3321 779 3378 quum
791 3304 849 3358 iam
865 3301 929 3359 Deo
941 3304 1061 3376 promit-

20 3397 111 3446 tente
132 3395 223 3455 tanta
236 3389 439 3462 multiplicatio
458 3387 585 3444 filiorum
602 3403 639 3443 ex
657 3384 737 3441 lsaac
755 3402 807 3458 per
825 3387 924 3440 stellas
945 3387 1019 3440 coeli
1034 3393 1063 3438 et

18 3489 153 3530 arenam
176 3479 274 3529 terrae
296 3471 353 3528 lide
373 3471 576 3548 probatissima
598 3464 768 3527 teneretur'l
806 3465 865 3524 Sed
886 3466 1062 3542 profectori

16 3558 108 3636 Ager
125 3564 158 3611 et
171 3553 292 3628 lameil,
306 3555 424 3614 doctore
436 3555 590 3631 Apostolo,
614 3551 855 3632 significaverunt
867 3549 999 3606 carnales
1011 3567 1063 3605 ve-

17 3641 101 3697 teris
111 3637 319 3710 Testamenti,
333 3657 386 3695 cur
399 3655 459 3694 nou
474 3639 561 3694 ctiam
575 3636 701 3696 Cethuro
715 3644 744 3691 ct
756 3634 810 3690 lilii
823 3635 885 3690 eius
896 3631 1064 3711 significent

14 3725 185 3793 carnalea,
203 3724 253 3799 qui
264 3741 297 3779 se
309 3722 346 3779 ed
358 3721 580 3780 Testamentum
593 3737 701 3777 novum
715 3718 884 3774 existimant
894 3711 1064 3793 pertinerei

10 3807 143 3868 Ambae
158 3807 265 3882 quippe
278 3817 307 3863 ct
320 3824 428 3862 uxores
441 3803 586 3875 Abrahae,
613 3813 642 3859 et
656 3801 834 3865 concubinae
853 3810 921 3858 sunt
938 3803 1064 3877 appelle-

11 3905 90 3951 tee:
123 3887 220 3947 Serre
237 3909 308 3948 vero
331 3907 478 3967 nunquam
497 3887 574 3946 dicta
593 3897 636 3944 est
653 3886 813 3944 concubina
834 3884 898 3964 [sed
911 3903 986 3943 uxor
999 3895 1064 3941 tan·
