2586 4396
240 207 304 270 on
334 201 554 272 crvrrnrr
579 213 658 272 om
688 215 866 306 oraru.
1022 227 1080 284 am

35 374 91 435 est,
117 371 156 420 ut
177 381 308 418 sonsum
324 359 512 420 horribilibus
532 365 618 423 rebus
639 364 779 427 offensum
804 374 885 430 velut
909 377 1083 434 naturalium

31 465 193 504 musarum
209 447 329 503 ratione
348 446 462 504 reddita
481 447 627 508 deliniret.

371 596 493 655 CAP.
540 597 735 660 XXXIV.

23 695 165 749 Delibrss
182 691 299 747 Numae
309 693 453 763 Pompilii,
472 711 537 764 quoa
556 707 678 764 senetur,
697 715 997 769 ιιιιιιπιιιιιιιιιιιιι,
1018 721 1083 774 μα.

161 768 208 818 les
219 765 251 818 ιἰι
261 764 299 816 eis
314 763 498 830 labebantur,
516 765 727 834 innotescerent,
745 769 827 825 iussit
836 773 951 828 intendi.

90 871 156 931 Sed
177 882 294 929 eontra
311 872 493 944 invenimus,
520 874 596 932 siout
608 877 672 952 ipse
683 877 731 935 vir
743 877 928 940 doctissimus
941 879 1080 956 prodidit,

26 959 61 1014 de
74 957 204 1014 Numae
220 955 359 1031 Pompilii
375 957 459 1014 libris
470 955 600 1016 redditas
614 977 765 1020 sacrorum
783 983 887 1022 eousas
899 966 1079 1023 nullomodo

25 1043 165 1116 potuisse
179 1041 326 1110 tolerari,
353 1058 409 1097 neo
422 1039 526 1120 dignas
544 1039 676 1116 habitas,
702 1063 776 1122 quse
794 1067 855 1106 non
874 1050 970 1106 solum
986 1049 1080 1105 lentae

24 1127 265 1182 innotescerent
277 1124 443 1202 religiosis,
470 1123 521 1182 sed
539 1127 643 1184 saltem
659 1129 786 1204 seriptaa
804 1131 1035 1189 reconderentur
1048 1134 1079 1190 in

24 1209 176 1264 tenebris.
225 1205 290 1263 lam
310 1208 390 1263 enim
408 1207 519 1281 disum,
547 1210 623 1286 quod
636 1211 669 1268 in
683 1213 772 1269 tertio
784 1212 871 1271 huius
885 1213 991 1289 Operis
1005 1214 1079 1272 libro

23 1312 71 1350 me
86 1311 146 1347 suo
160 1293 234 1347 loeo
248 1291 397 1346 diomrum
409 1309 473 1348 esse
485 1293 687 1368 promiseram.
715 1294 806 1368 Nam,
827 1299 905 1356 siout
917 1295 993 1372 apud
1006 1315 1079 1354 eun·

24 1375 98 1431 dem
109 1373 286 1432 Varronem
304 1375 417 1452 legitur
433 1377 465 1433 in
485 1376 560 1432 libro
580 1373 621 1432 da'
636 1379 717 1436 oultu
734 1376 873 1452 deorum,
899 1379 1080 1452 „Terentius

25 1456 200 1534 „qnidam
225 1477 295 1515 oum
308 1456 430 1515 haberet
439 1458 477 1516 ad
490 1458 654 1518 lanioulum
666 1460 805 1537 fundum,
819 1475 852 1522 et
861 1464 1002 1522 bubuleos
1016 1465 1080 1522 eius

24 1545 147 1616 ‚,iuxta
166 1545 341 1617 sepulerum
353 1541 466 1599 Numae
482 1542 620 1618 Pompilii
638 1546 789 1604 traiioiens
806 1557 937 1606 aratrum
956 1549 1081 1606 eruisset

25 1645 91 1700 „ex
107 1635 197 1682 terra
211 1626 304 1683 libros
316 1625 395 1708 eius,
414 1625 464 1682 ubi
477 1645 626 1686 saetarum
637 1630 842 1690 institutorum
855 1633 980 1707 scriptae
995 1641 1081 1689 erant

26 1729 183 1782 „oausae,
212 1711 246 1767 in
259 1707 368 1766 Vrbem
380 1712 502 1786 pertulit
513 1710 551 1768 ad
563 1721 737 1788 praetorem.
779 1716 819 1773 At
835 1717 885 1773 ille
902 1735 968 1772 eum
980 1717 1078 1792 inspa-

26 1798 152 1876 „xisset
168 1794 339 1871 principis,
365 1813 428 1850 rem
447 1803 559 1852 tantam
578 1795 684 1856 detulit
699 1796 737 1855 ad
756 1809 898 1858 senatum.
941 1799 997 1857 Vbi
1013 1819 1079 1857 oum

25 1881 205 1954 „primores
219 1877 362 1954 quasdam
375 1895 477 1934 causas
490 1880 644 1957 legissent,
659 1899 711 1939 our
723 1883 850 1960 quidque
862 1885 894 1942 in
907 1885 998 1942 saeris
1010 1883 1076 1940 fue·

25 1965 88 2034 „rit
101 1962 303 2034 institutum,
329 1960 444 2020 Numae
461 1971 578 2023 mortuo
597 1975 719 2024 senatus
732 1985 870 2024 msensus
884 1977 946 2038 est,
972 1983 1078 2041 eosque

25 2047 146 2118 „libros
160 2054 308 2122 tanquam
319 2046 456 2124 religiosi
469 2045 571 2104 Patres
584 2051 759 2126 conseripti‚
784 2061 903 2126 praetor
914 2059 947 2107 ut
960 2050 1077 2108 combu-

25 2139 151 2202 „reret,
181 2130 400 2188 censuerunt.“
443 2128 551 2189 Credat
568 2133 691 2209 quisque
708 2132 785 2209 quod
801 2142 898 2210 putat:
926 2134 985 2189 irno
1005 2151 1077 2190 roro

25 2213 128 2287 dicat,
154 2213 241 2290 quod
260 2213 417 2272 dicendum
435 2217 619 2294 suggesserit
637 2235 747 2274 vesana
760 2218 928 2290 eontentio,
954 2216 1078 2294 quilibet

23 2309 133 2356 tantae
153 2299 320 2372 impietatis
340 2295 477 2354 defensor
494 2301 641 2378 egregius.
684 2299 732 2358 Me
757 2301 914 2359 admonere
939 2299 1076 2373 sufficiat,

24 2401 189 2440 sacrorum
209 2400 313 2438 sauses
337 2399 356 2437 a
374 2399 445 2460 rege
458 2381 601 2459 Pompilio
614 2381 815 2444 Romanorum
827 2403 977 2442 serrorum
988 2385 1076 2441 insti-

24 2477 129 2523 tutore
141 2467 351 2540 oonsoriptas,
377 2484 432 2522 nae
443 2469 565 2541 populo,
591 2487 647 2524 neo
660 2471 794 2540 senatui,
820 2487 875 2524 uec
888 2469 992 2524 saltem
1003 2468 1076 2543 ipsis

25 2549 243 2607 sacerdotibus
262 2551 450 2606 innotescere
469 2550 622 2621 debuisse,
646 2551 799 2624 ipsumque
818 2547 943 2606 Numam
960 2549 1076 2623 Pompi-

23 2635 102 2690 lium
129 2634 309 2690 curiositate
329 2634 433 2690 illioita
455 2631 493 2690 ad
514 2651 550 2688 ea
573 2632 747 2689 daemonum
763 2633 933 2707 pervenisse
951 2643 1076 2701 secreta,

23 2737 108 2793 quae
123 2719 187 2791 ipse
200 2716 320 2792 quidem
333 2717 486 2789 scriberet,
502 2726 537 2773 ut
545 2714 667 2772 haberet
678 2715 756 2772 unde
768 2714 894 2794 legendo
909 2732 1076 2772 commone-

23 2811 137 2857 retur:
161 2801 212 2858 sed
225 2819 263 2857 ea
279 2809 395 2872 tamen,
420 2819 486 2858 oum
504 2817 558 2857 rex
577 2808 671 2871 esset,
697 2801 748 2875 qui
765 2801 886 2856 minime
904 2809 1076 2875 quemquam

26 2893 198 2957 metueret,
222 2903 280 2941 neo
299 2883 404 2942 dooere
422 2886 564 2961 aliquem,
591 2902 646 2941 neo
659 2883 783 2941 delendo
796 2886 846 2941 rel
858 2901 975 2960 quoquo
989 2881 1075 2940 modo

28 2967 241 3026 consumendo
255 2966 379 3044 perdere
392 2966 525 3037 auderet;
550 2970 593 3026 ita
612 2967 689 3044 quod
707 2970 783 3025 ιιίιι
802 2969 950 3026 neminem
970 2967 1074 3040 soluit,

26 3073 67 3110 ne
80 3053 224 3111 homines
237 3049 353 3109 nefaria
365 3050 498 3126 dooeret3
523 3054 636 3108 violare
650 3061 747 3109 autem
765 3053 877 3124 timuit,
904 3071 943 3110 ne
956 3050 1074 3110 daemo-

25 3157 82 3194 nes
97 3140 197 3194 iratos
210 3134 347 3207 haberet;
361 3135 471 3207 obruit,
484 3135 534 3192 ubi
546 3145 642 3192 tutum
653 3138 778 3212 putarit,
792 3138 924 3212 sepuloro
938 3153 991 3194 suo
1004 3153 1074 3211 pro-

23 3225 179 3299 pinquare
194 3228 327 3277 aratrum
340 3237 425 3293 posse
438 3238 499 3276 uon
513 3220 644 3277 eredens.
674 3217 802 3278 Senatus
816 3228 914 3277 autem
925 3238 991 3276 eum
1003 3221 1074 3277 reli-

24 3309 140 3385 giones
153 3302 331 3362 formidaret
343 3302 481 3360 damnare
493 3305 651 3375 maiorum,
679 3313 709 3360 et
726 3304 792 3360 ideo
805 3303 917 3360 Numae
930 3304 1075 3360 assentire

24 3399 213 3468 nogaretum
236 3387 306 3447 illos
319 3397 418 3444 tamen
431 3386 520 3444 libros
529 3396 592 3444 tam
604 3388 786 3462 perniciosos
800 3405 865 3442 esse
876 3385 1028 3455 iudicavit,
1041 3394 1076 3438 ut

24 3495 86 3532 nee
104 3473 198 3530 obrui
216 3488 321 3528 rursus
340 3471 470 3542 iuberet,
496 3489 534 3526 ne
550 3469 676 3528 humana
694 3469 848 3526 euriositss
869 3470 960 3526 multo
984 3464 1074 3523 rebe-

24 3559 165 3614 mentius
180 3575 247 3612 rem
258 3557 318 3611 iam
329 3555 472 3629 proditam
485 3563 655 3629 quaereret,
678 3554 731 3609 sed
747 3549 873 3611 flammis
892 3550 1002 3608 aboleri
1020 3566 1073 3604 ne-

23 3641 125 3700 fanda
138 3647 347 3698 monumenta:
373 3648 407 3695 nt
424 3638 491 3714 quia
504 3638 562 3701 iam
575 3655 696 3694 necesse
708 3634 916 3692 existimabant
927 3649 1011 3688 soors
1022 3631 1074 3688 illa

23 3727 150 3796 insere,
178 3723 363 3780 tolerabilius
385 3730 535 3778 erraretur
559 3722 653 3778 nausis
678 3737 779 3776 eorum
801 3715 962 3796 ignoratis,
987 3733 1073 3791 quam

23 3811 166 3888 cognitis
179 3807 287 3864 civitas
300 3805 473 3863 turbaretur.
