2576 4396
208 259 213 270 .
234 213 297 274 DE
322 213 539 275 CIVITATE
562 217 641 277 DEI
662 219 741 278 LlB.
765 223 825 282 ΙΧ.
1003 233 1068 292 257

38 373 1057 419 mmmmm-mmmmm

258 502 507 577 LIBER
557 507 832 586 NONVS.

27 769 66 820 Ar
73 783 150 838 qoem
160 767 312 820 articulum
322 767 472 836 disputatio
479 771 631 838 pruneius
637 776 801 841 perseuerat
812 785 840 830 et
849 778 916 847 quid
923 779 1067 835 ‹lucution-

327 839 390 890 dum
400 839 437 890 sit
447 841 478 891 de
488 840 596 894 reatae
606 843 769 912 quaestione.

27 926 74 1007 Et
85 947 179 1002 bonos
191 953 222 1000 et
235 942 328 998 malos
343 942 412 1000 deos
427 963 491 1000 esse
505 945 622 1020 quidam
635 949 747 1022 opinati
760 962 844 1010 sunt:
863 954 981 1028 qnidam
993 973 1065 1014 vero

30 1031 60 1085 de
73 1030 127 1085 diis
142 1029 270 1084 meliora
282 1027 458 1099 sentientes,
471 1037 584 1085 tantum
598 1031 641 1086 eis
654 1030 773 1088 honoris
787 1035 940 1113 laudisque
953 1038 1064 1095 tribue·

29 1123 101 1184 mnt,
115 1121 150 1167 nt
163 1113 278 1167 nullum
293 1107 414 1167 deorum
427 1113 535 1170 malum
549 1111 670 1169 eredere
683 1115 836 1174 auderent.
871 1117 931 1175 Sed
951 1123 995 1176 illi
1014 1123 1065 1197 qui

31 1195 93 1251 deos
108 1193 253 1269 quosdam
266 1192 376 1263 bonos,
401 1194 544 1270 quosdam
556 1199 649 1252 malos
663 1216 727 1253 esse
742 1198 893 1271 dixerunt,
903 1201 1064 1260 daemones

31 1295 138 1352 quoque
152 1277 379 1351 appellaverunt
392 1280 512 1334 nomine
525 1277 662 1351 deorum3
685 1297 856 1356 quanquam
870 1292 901 1338 et
914 1282 999 1355 deos,
1013 1286 1065 1340 sed

29 1363 127 1430 rarius,
154 1357 483 1431 nominedaemonnm;
510 1363 552 1416 ita
565 1371 600 1416 ut
612 1363 707 1435 ipum
720 1362 834 1436 lovem,
862 1384 947 1441 quem
960 1370 1066 1424 volunt

29 1462 89 1498 esse
101 1461 202 1521 regem
216 1461 251 1498 ae
264 1442 427 1516 prinoipem
441 1452 633 1516 caeterorum,
648 1446 683 1501 ab
695 1445 824 1504 Homero
835 1448 984 1506 fateantur
994 1450 1063 1506 dae-

26 1545 136 1583 monem
149 1533 363 1599 nuncupatum.
385 1524 427 1582 Hi
440 1536 539 1582 autem
553 1529 604 1602 qui
619 1546 720 1585 omnes
735 1529 804 1587 deos
819 1550 879 1588 non
893 1534 952 1588 nisi
968 1533 1063 1590 bonos

27 1629 86 1666 esse
97 1617 251 1677 asserunt,
278 1615 308 1663 et
320 1609 409 1686 longe
421 1612 651 1684 praestantiores
672 1615 714 1668 eis
729 1612 893 1672 bominibus
920 1618 970 1692 qui
993 1618 1063 1674 boni

26 1693 228 1768 perhibentur,
255 1692 361 1747 merito
374 1703 530 1750 moventur
542 1693 716 1753 daemonum
733 1697 835 1768 iactis,
862 1717 938 1774 quae
951 1718 1063 1778 negare

27 1796 79 1833 non
92 1783 237 1850 possunt,
264 1791 357 1849 eaque
377 1778 457 1832 nullo
470 1777 585 1834 modoa
599 1778 672 1850 diis,
699 1798 771 1856 quos
786 1801 887 1838 omnes
901 1782 994 1840 bonos
1008 1801 1062 1842 vo·

25 1861 98 1931 lunt,
127 1857 274 1915 committi
286 1875 372 1930 posse
393 1860 614 1933 existimantes,
641 1861 837 1921 differentiam
857 1868 936 1922 inter
949 1865 1018 1924 deos
1033 1877 1064 1923 et

26 1942 175 2000 doemones
191 1939 330 1996 exhibere
344 1951 505 2019 eoguntur3
530 1954 565 2000 ut
583 1946 723 2022 quiequid
740 1949 782 2002 eis
801 1951 907 2004 merito
926 1949 1062 2024 displieet

25 2029 50 2082 iu
62 2026 200 2101 operibus
214 2024 263 2080 vel
276 2019 426 2080 affectibus
440 2028 556 2099 pravis,
583 2029 688 2103 quibus
702 2031 762 2087 vim
775 2048 857 2086 suam
870 2031 1063 2088 manifestent

25 2111 126 2166 oeculti
140 2107 277 2182 spiritus,
291 2105 321 2160 id
336 2106 457 2164 credant
469 2127 535 2164 esse
548 2110 734 2182 daemonum,
753 2130 814 2168 non
828 2112 958 2169 deorum.
1003 2111 1061 2169 Sed

24 2196 84 2267 quia
98 2191 222 2248 eosdem
236 2188 392 2246 daemones
406 2191 484 2248 inter
497 2189 629 2248 homines
644 2203 674 2250 et
687 2193 756 2250 deos
770 2196 812 2250 ito
825 2195 937 2252 medios
950 2199 1061 2253 eonsti-

23 2287 92 2332 tutos
109 2281 238 2349 putant,
265 2281 405 2346 tanquam
427 2275 525 2330 nullus
539 2275 610 2332 deus
623 2275 736 2334 homini
749 2279 922 2351 edoceatur,
946 2278 1061 2336 uthina

23 2361 169 2432 perierant
183 2355 361 2427 desiderata,
374 2355 443 2412 inde
456 2358 588 2415 referant
600 2361 771 2436 impetrata3
792 2371 879 2437 atque
892 2361 947 2419 hoo
961 2360 1061 2420 Plato·

23 2445 74 2498 uici
87 2441 246 2516 praecipui
258 2436 496 2512 pbilosophorum
510 2459 545 2497 ae
559 2443 736 2499 nobilissimi
749 2446 894 2516 sentiunt,
918 2463 985 2502 eum
997 2447 1062 2520 qui-

21 2524 64 2581 bus
84 2527 171 2582 velut
193 2540 262 2578 euru
284 2522 543 2578 excellentioribus
563 2525 674 2597 placuit
686 2527 774 2580 istam
788 2528 957 2581 examinare
971 2546 1061 2602 quae-

21 2611 150 2677 stionem,
165 2615 267 2662 utrum
281 2605 377 2660 cultus
390 2607 584 2679 plurimorum
594 2605 714 2662 deorum
724 2607 818 2679 prosit
827 2607 864 2662 ad
877 2625 1062 2681 consequen·

20 2691 78 2748 darn
90 2693 189 2749 vitam
201 2688 318 2743 beatam
331 2704 406 2760 quae
419 2696 621 2761 postmortem
633 2688 732 2744 futrsra
746 2697 805 2745 est:
819 2688 896 2744 libro
910 2692 1062 2764 superiore
1150 2695 1155 2702 '

20 2775 229 2848 quaesivimus,
258 2787 315 2844 quo
334 2779 420 2843 paeto
440 2770 595 2828 daemones
615 2773 665 2847 qui
690 2771 797 2828 talibus
821 2770 961 2850 gaudent,
987 2790 1061 2847 qua-

18 2860 52 2912 lia
69 2858 140 2914 boni
161 2863 194 2910 et
210 2850 371 2927 prudentes
388 2852 522 2910 homines
540 2865 716 2912 aversantur
736 2864 766 2911 et
785 2855 941 2928 damnant,
965 2856 996 2913 id
1015 2867 1062 2914 est

19 2943 170 3017 sacrilega,
186 2935 348 3013 flagitiosa,
363 2935 540 3008 facinorosa,
554 2937 661 2994 nonde
672 2938 803 3014 quolibet
815 2938 944 3010 homine,
958 2941 1009 2997 sed
1024 2940 1060 2996 de

18 3024 80 3095 ipsis
93 3023 151 3078 diis
166 3020 313 3098 figmenta
325 3028 493 3092 poetarum,
519 3030 550 3076 et
562 3023 743 3100 ruagiearum
760 3025 869 3079 artium
887 3025 1059 3080 sceleratam

18 3104 256 3178 puniendamque
269 3102 458 3174 violentiam,
484 3105 598 3178 possint
610 3107 694 3179 quasi
703 3107 927 3182 propinquiores
942 3117 972 3163 et
985 3108 1058 3163 anri-

18 3190 102 3244 ciores
116 3187 176 3244 diis
190 3185 280 3242 bonis
294 3186 453 3242 consiliare
466 3184 599 3244 homines
612 3187 721 3260 bonos;
735 3197 766 3246 et
778 3187 834 3246 hoo
847 3191 928 3246 nulla
941 3191 1058 3247 ratione

16 3288 102 3345 posse,
118 3277 305 3345 compertum
318 3276 371 3324 est.

429 3387 551 3445 cAP.
595 3387 644 3446 11.

17 3465 135 3520 deinter
145 3471 305 3532 derisiones,
327 3467 422 3536 quibus
438 3465 477 3519 tit
491 3468 644 3536 superiores
658 3477 737 3531 eunt,
757 3467 794 3519 sit
804 3467 897 3534 aliquo
904 3483 972 3536 pars
983 3468 1060 3518 bono·

66 3555 142 3602 ιιιιιι,
160 3553 278 3606 quorum
286 3537 426 3606 praesidio
435 3537 473 3618 oft
480 3553 572 3589 aerem
582 3538 775 3618 beatitudinem
782 3537 870 3604 possit
880 3535 997 3587 bentona

410 3622 502 3660 onemo
510 3623 660 3674 pertenere.

69 3695 203 3752 Proinde
217 3695 268 3752 hie
282 3697 370 3769 liber,
397 3698 476 3753 sieut
488 3697 520 3751 in
533 3697 613 3752 illins
627 3696 686 3752 fine
699 3694 903 3770 praemimur,
924 3690 1056 3766 disputa·

15 3775 120 3834 tionem
134 3781 295 3836 continere
309 3778 424 3836 debebit
442 3779 479 3834 de
496 3776 679 3850 differentia,
707 3775 744 3854 (si
758 3794 846 3852 quum
858 3777 963 3832 volunt
976 3773 1056 3854 esse)

15 3873 69 3916 uon
84 3861 211 3919 deornm
225 3865 305 3919 inter
314 3880 355 3933 se,
370 3880 444 3939 quos
455 3879 556 3918 omnes
568 3863 661 3919 bonos
672 3861 788 3998 dioulrpt3
803 3858 905 3916 neoda
918 3855 1056 3916 differen-
