2510 4404
169 201 228 260 DE
250 203 471 263 CIVITATE
493 207 574 264 DEl
596 208 677 264 ΗΒ.
700 207 817 266 xxti.
943 216 1004 272 409

17 363 32 410 ι
45 353 219 412 fertilitatem
230 357 383 432 quandam,
397 377 454 435 qua
466 355 599 416 beurir'ree
612 362 684 416 alios
698 370 882 438 propagaret,
897 381 1005 442 conge·

16 457 92 494 crans
106 439 145 494 eis
159 441 251 513 ipsam
265 443 353 499 etiam
365 444 545 522 propagandi
558 444 790 517 possibilitatem,
805 461 863 500 non
877 449 1005 502 necessi-

16 533 88 592 tem,
113 523 215 599 quibus
229 535 325 582 tamen
344 528 438 583 voluit
455 526 620 584 bominibus
641 527 762 583 abstulit
780 545 843 584 cam
856 526 954 598 Deus,
978 539 1007 585 et

16 608 97 662 eriles
110 607 238 665 luerunt:
259 621 431 666 nontamen
453 615 557 688 generi
576 609 702 666 hunuano
721 609 840 666 abstulit
853 613 943 667 semel
955 611 1006 667 da-

16 712 42 747 m
56 691 151 765 primis
166 690 275 748 duobus
289 695 463 772 coniugibus
477 693 710 750 benedictionem
722 694 884 771 generandi
904 695 1006 772 [bene-

16 776 109 830 ctione
121 774 275 852 generaliJ.
311 776 394 834 Haec
409 797 480 855 crgo
493 779 663 855 propagatio
677 779 809 852 quumvis
822 788 942 853 peccato
956 779 1006 834 ab·

16 869 43 914 ta
58 869 112 914 non
124 857 221 930 fuerit,
236 879 295 916 non
309 870 406 917 tamen
420 863 508 916 ctiam
520 863 583 936 ipsa
596 863 662 917 talis
676 870 730 930 est,
746 863 839 937 qualis
853 863 969 933 fuisset,
982 863 1008 918 si

16 956 69 996 rme
80 952 231 1015 peccasset.
265 943 381 1019 Exque
397 946 474 1000 enim
487 943 572 1000 bomo
586 947 618 1001 in
631 944 742 1001 honore
754 947 883 1019 poeitae,
906 955 1008 1020 postea

18 1045 68 1081 am
80 1023 207 1099 deliquit,
221 1037 403 1101 comparatus
418 1037 463 1084 est
474 1029 638 1102 pecoribus,
652 1029 785 1084 sirnilitcr
796 1039 932 1106 generat:
947 1047 1007 1085 non

23 1126 61 1164 eo
74 1119 168 1164 tamen
180 1112 298 1184 penitus
312 1113 458 1168 exstincta
471 1122 517 1166 ιιι
528 1111 667 1187 quaedam
681 1114 764 1168 velut
776 1113 904 1168 scintilla
916 1114 1008 1169 ratio-

16 1213 36 1264 ι,
55 1193 86 1247 in
99 1209 152 1266 qua
166 1192 261 1248 lactus
275 1204 320 1250 ιιι
333 1195 369 1250 ad
380 1197 539 1272 imaginem
553 1194 619 1251 Dei.
659 1194 737 1251 Huic
755 1205 852 1251 autem
863 1214 1007 1274 propaga·

19 1277 55 1332 ni
74 1275 100 1329 si
120 1277 310 1332 conformatio
330 1297 389 1334 non
410 1277 612 1350 adhiberetur,
635 1297 690 1336 nec
708 1281 772 1353 ipsa
786 1280 817 1334 in
832 1281 877 1336 eui
889 1281 1007 1357 generis

16 1376 88 1415 ·mas
102 1357 258 1435 modosque
271 1361 450 1435 procederet.
483 1360 516 1418 Si
534 1363 612 1418 enim
633 1380 695 1420 non
715 1363 943 1419 concubuissent
955 1361 1006 1418 bo-

17 1461 88 1512 nes,
110 1452 139 1497 ct
150 1441 242 1498 nihilo
262 1445 357 1500 minus
371 1444 452 1502 Deus
474 1446 564 1501 vellet
582 1447 702 1520 implere
720 1455 815 1502 terras
828 1444 1008 1516 hominibus;

16 1524 122 1582 omedo
135 1529 245 1582 creavit
258 1545 348 1582 unum
361 1530 424 1584 sine
437 1529 644 1586 commixtione
657 1531 745 1586 maris
760 1539 789 1585 et
802 1529 944 1600 feminac,
967 1531 1008 1586 sic

16 1619 78 1666 sset
96 1626 209 1666 omnes:
232 1611 458 1668 concumbentes
478 1631 548 1668 vero
563 1614 622 1668 nisi
635 1615 685 1669 illo
700 1623 818 1670 creante
832 1622 1008 1692 generantes

16 1715 43 1751 ιι
56 1711 117 1749 non
129 1703 260 1768 possunt.
293 1693 377 1752 Sicut
390 1715 461 1774 ergo
474 1698 517 1752 alt
528 1697 685 1771 Apostolus
699 1697 734 1752 de
748 1693 935 1754 institutione
948 1697 1008 1770 spi·

16 1781 67 1849 ali,
91 1795 145 1851 qua
157 1775 242 1834 homo
256 1778 292 1834 ad
304 1780 441 1853 pietatem
454 1782 650 1856 iustitiamque
664 1779 821 1852 formator,
848 1777 946 1858 Neque
959 1782 1008 1857 qui

16 1870 108 1930 ιιιιιι,
122 1871 166 1918 ιιι
179 1861 303 1939 aliquid,
327 1882 417 1941 nepae
430 1865 481 1940 qui
492 1867 592 1939 rigat,·
603 1865 657 1921 sed
668 1867 720 1942 qui
731 1867 941 1922 incrementum
955 1864 1009 1920 dat

16 1963 79 2003 taes:
94 1944 134 1999 ita
147 1946 234 2002 etiam
247 1943 294 2000 hic
307 1945 366 2000 dici
377 1956 484 2020 potest,
498 1946 559 2001 Nec
573 1949 623 2020 qui
638 1947 814 2015 concumbit,
831 1965 886 2002 nec
899 1948 949 2020 qui
961 1965 1007 2000 se«

17 2037 85 2098 nat,
99 2037 141 2083 est
153 2027 278 2103 aliquid;
291 2028 342 2082 sed
356 2031 406 2102 qui
420 2029 530 2084 lorrnat
543 2028 634 2083 Deus.
670 2028 732 2083 Nec
745 2037 838 2083 mater
851 2045 924 2102 quae
937 2045 1008 2082 con·

16 2123 93 2187 otum
104 2121 210 2186 portat,
227 2121 257 2166 ιι
268 2121 383 2185 partum
396 2113 501 2181 nutrit,
516 2119 560 2165 est
575 2110 697 2185 aliquid;
718 2109 769 2164 sed
783 2112 833 2184 qui
845 2113 1008 2166 incremen-

17 2218 37 2253 n
52 2195 102 2250 dat
114 2194 204 2251 Deus.
234 2193 298 2268 lpse
312 2212 435 2269 namque
448 2195 628 2268 operatione,
643 2211 700 2268 qua
713 2211 790 2250 nunc
803 2211 894 2268 usque
907 2211 1009 2266 opera·

17 2301 39 2352 ·,
68 2278 140 2334 facit
157 2288 191 2335 ut
210 2281 436 2334 numeros'suos
456 2278 603 2350 explicent
616 2279 744 2348 semina,
768 2287 798 2333 et
809 2295 827 2333 a
840 2277 1009 2352 quibusdem

17 2363 135 2421 entibus
154 2372 241 2437 atque
260 2361 455 2418 invisibilibus
469 2361 629 2416 involucris
642 2363 674 2416 in
686 2361 794 2418 formas
808 2361 939 2417 visibiles
953 2359 1007 2418 bu-

17 2477 18 2497 r
37 2446 116 2523 quod
129 2444 301 2520 adspicimus
317 2445 429 2501 decoris
444 2445 588 2501 evolvant,
612 2443 677 2519 lpse
690 2447 891 2518 incorpoream
906 2463 1008 2518 corpo-

18 2548 113 2605 mque
127 2538 275 2600 naturam,
299 2531 379 2584 illam
391 2527 600 2603 praepositam,
624 2530 710 2584 istam
723 2529 900 2600 subiectam,
925 2529 1009 2582 miris

18 2617 69 2671 dis
84 2614 223 2686 copulans
237 2622 267 2668 ct
279 2621 465 2681 connectens,
479 2612 657 2667 animantem
669 2612 749 2668 lacit.
764 2611 848 2678 Quod
859 2629 931 2686 opus
945 2612 1008 2666 eius

18 2723 31 2756 ι
47 2713 189 2772 magnum
202 2705 231 2750 et
243 2695 376 2750 mirabile
390 2704 446 2765 est,
460 2703 567 2750 utnon
582 2697 674 2750 solum
688 2697 720 2751 in
733 2693 861 2766 bomine,
876 2693 951 2770 quod
964 2703 1010 2750 ιιι

19 2781 86 2838 ,mal
99 2778 255 2849 rationale,
275 2787 304 2834 et
319 2795 356 2833 ex
368 2776 423 2834 hoc
437 2779 550 2834 cunetis
564 2781 689 2834 terrenis
703 2779 898 2834 animantibus
911 2780 1008 2834 excel-

21 2866 87 2920 tius
99 2869 186 2935 atque
198 2864 405 2936 praestantius,
420 2860 472 2918 sed
484 2865 515 2918 in
530 2863 661 2937 qualibet
672 2863 866 2919 minutissima
878 2863 1010 2918 muscula

19 2967 49 3004 ιι
64 2943 266 3003 consideranti
285 2956 432 3021 stuporem
453 2949 558 3004 mentis
572 2949 707 3026 ingerat,
731 2945 901 3023 laudemque
914 2947 1009 3020 pariat

19 3030 132 3088 catoris.

35 3114 104 3190 Ipse
117 3115 216 3190 itaque
230 3116 344 3172 animae
356 3113 499 3171 humanae
512 3124 640 3170 mentem
653 3114 746 3183 dedit,
770 3115 821 3170 ubi
833 3115 907 3170 ratio
919 3123 949 3169 et
961 3115 1007 3170 in-

20 3199 141 3277 igcntia
155 3200 187 3254 in
199 3199 313 3255 infante
327 3199 420 3272 sopita
434 3206 479 3251 est
498 3195 620 3268 quodam
640 3196 741 3265 modo,
766 3198 849 3270 quasi
863 3197 944 3252 nulla
958 3198 1007 3267 sit,

20 3279 134 3338 =itanda
149 3283 262 3336 scilicet
279 3290 366 3354 atque
380 3277 541 3334 exserenda
555 3275 743 3354 [exercenda]
759 3279 862 3332 aetatis
875 3295 1007 3348 accessu,

21 3411 25 3423 .
47 3369 90 3421 sit
109 3365 252 3420 scientiae
273 3380 364 3436 capax
383 3371 469 3438 atque
483 3361 650 3431 doctrinae,
672 3370 701 3415 et
713 3358 817 3416 habilis
829 3361 1008 3434 perceptioni

21 3449 109 3505 itatis
123 3457 154 3502 et
164 3448 270 3504 amoris
288 3446 371 3502 boni:
398 3463 455 3520 qua
467 3446 626 3519 capacitate
636 3441 753 3500 hauriat
765 3444 934 3517 sapientiam
947 3444 1007 3498 vir·

21 3534 146 3606 busque
160 3532 200 3586 sit
210 3528 352 3605 praedita,
366 3529 467 3604 quibus
481 3528 650 3602 prudenter,
664 3526 788 3598 fortiter,
803 3533 1007 3600 temperanter,

23 3624 113 3687 uste,
138 3612 279 3671 adversus
301 3630 414 3669 errores
429 3621 457 3668 et
472 3622 587 3668 caetera
605 3612 777 3689 ingenerata
794 3611 867 3667 vitia
881 3609 1006 3681 dimicet,

23 3719 64 3756 uc
78 3699 196 3756 nullius
209 3699 255 3754 rei
268 3696 412 3752 desiderio
426 3697 484 3752 niel
501 3696 570 3752 boni
586 3697 665 3751 illius
679 3696 783 3750 srrmmi
801 3703 887 3768 atque
906 3695 1010 3751 immu-

21 3773 73 3842 ilis
90 3785 202 3841 vincat.
239 3781 321 3849 Quod
339 3781 395 3836 etsi
411 3799 471 3836 non
489 3779 594 3849 faciat,
619 3779 681 3853 ipsa
695 3779 794 3834 talium
807 3777 949 3834 bonorum
961 3796 1010 3834 ca-

22 3873 88 3926 :itas
104 3870 139 3925 in
155 3875 261 3922 nature
273 3864 409 3921 rationali
423 3862 562 3919 divinitus
576 3863 710 3920 instituta
730 3871 866 3936 quantana
879 3862 918 3918 sit
930 3861 1010 3934 boni,
