2538 4392
198 213 257 270 160
423 199 522 260 DlVl
542 193 725 257 uvRunu
746 191 995 254 nvuvsrlut

199 360 322 434 desipit,
334 365 368 414 ut
380 353 480 412 eredat
493 353 573 411 velut
584 347 694 425 aliquid
707 365 845 424 magnum
858 346 941 406 nobis
955 345 1089 407 indicare
1104 353 1229 410 voluisse

199 439 388 517 Prophetam,
413 437 489 513 quod
503 435 670 504 dormierit,
688 441 718 488 et
729 432 945 502 exsurrexerit,
969 433 1028 490 nisi
1043 451 1167 492 somnus
1180 438 1230 493 iste

198 543 276 584 mors
291 531 382 594 asset,
398 531 428 577 et
440 519 591 598 evigitatio
605 517 797 586 resurrectio,
812 532 899 591 quam
912 513 949 570 de
961 512 1079 574 Christo
1092 519 1136 574 sic
1151 538 1229 593 opor-

198 610 255 664 tuit
267 600 453 682 prophetaril
495 601 570 658 Nam
583 601 654 657 etin
668 599 889 675 quadragesimo
902 600 993 655 multo
1006 600 1196 658 manifestius
1205 601 1229 657 id

100 713 103 720 ·
199 688 377 760 ostenditur,
403 688 453 744 ubi
470 702 508 742 ex
524 701 649 758 persona
675 681 803 740 eiusdem
814 679 999 753 Mediatoris,
1025 701 1109 739 more
1136 686 1227 754 solito,

199 784 337 848 tanquam
350 769 508 845 praeterita
519 776 767 840 narrantur‚quae
779 763 1149 840 luturapropbetabantur3
1165 785 1228 843 quo-

141 877 143 882 ·
199 859 280 916 ιιίιιιι
291 871 364 930 quae
376 861 501 910 ventura
515 858 599 908 erant
610 851 669 906 iam
681 850 714 904 in
733 848 998 922 praedestinatione
1015 859 1046 906 et
1063 853 1228 924 praescien-

199 941 242 998 tia
254 937 310 996 Dei
323 937 404 993 velut
416 935 493 992 laetu
508 942 601 1005 erant,
615 933 683 1007 quia
695 941 775 988 certa
789 941 881 989 erant.
924 929 1053 1000 Inimici,
1063 933 1230 1006 inquitesei

201 1023 342 1080 dicerunt
352 1015 535 1074 malamili:
566 1015 690 1086 Quaado
703 1017 855 1082 morietur,
869 1024 899 1072 et
904 1015 1020 1094 peribit
1034 1033 1135 1072 uomere
1147 1015 1229 1072 eiuel

200 1101 241 1160 Et
254 1104 282 1159 si
295 1101 519 1180 ingrediebatur
533 1109 567 1158 ut
580 1101 705 1169 uideret,
716 1117 796 1156 vana
810 1097 934 1158 locutum
947 1106 994 1154 ιιι
1008 1117 1061 1155 cor
1076 1100 1150 1168 eius,
1162 1117 1229 1154 cea-

202 1186 342 1264 gregaait
356 1185 544 1260 iniquitatem
556 1183 621 1239 aidi.
664 1177 883 1260 Egrediebatur
891 1181 998 1255 farae,
1016 1189 1048 1237 et
1062 1181 1232 1257 loquebatur

202 1265 291 1324 simul
302 1269 334 1324 ia
346 1284 443 1324 uuum.
484 1261 634 1324 Adversus
651 1282 695 1320 me
712 1264 912 1322 cremabant
927 1280 1023 1320 omres
1036 1265 1154 1320 inimici
1169 1267 1232 1336 mei,

202 1353 400 1410 adversariae
414 1349 588 1428 cogitabunt
599 1345 680 1406 mala
692 1345 772 1402 milri.
818 1343 1075 1421 Verlumiuiquum
1085 1349 1234 1426 disposue-

202 1443 274 1492 runt
287 1435 428 1491 aduersus
439 1449 501 1488 me:
542 1427 690 1507 Numquid
701 1431 751 1506 qui
763 1430 886 1494 dormit,
913 1447 970 1486 uon
983 1429 1113 1486 adiiciet
1137 1437 1174 1486 ut
1191 1449 1234 1486 re-

202 1513 340 1594 surgat
370 1513 428 1572 llic
441 1523 521 1570 certe
535 1515 576 1570 ita
589 1515 685 1587 posita
699 1521 767 1569 suut
778 1510 866 1570 rerba
880 1509 977 1579 baec,
995 1519 1028 1566 ut
1054 1508 1133 1567 nihil
1159 1512 1234 1568 aliud

204 1598 313 1653 dixisse
325 1595 520 1671 intelligatur,
534 1613 619 1670 quom
632 1597 658 1650 si
673 1593 792 1665 diceret,
799 1591 949 1668 Numquid
962 1594 1011 1668 qui
1024 1595 1164 1665 moritur,
1178 1613 1232 1650 non

203 1679 323 1736 adiiciet
333 1685 367 1736 ut
376 1671 554 1736 reviviscsti
582 1675 740 1750 Superiora
750 1679 854 1752 quippe
867 1676 1083 1747 demonstrant,
1111 1687 1233 1735 mortem

204 1763 296 1838 ipsius
311 1762 457 1838 cogitasse
473 1769 503 1816 et
516 1759 694 1834 disposuisse
706 1761 842 1816 inimicos
856 1760 934 1829 eius,
948 1769 977 1816 et
987 1757 1043 1816 hoc
1057 1768 1161 1816 actum
1175 1777 1234 1818 ease

167 1838 174 1852 ⁸
203 1862 256 1920 per
268 1861 333 1900 eum
346 1845 397 1918 qui
409 1843 626 1918 ingrediebatur
639 1851 673 1899 ut
685 1840 812 1914 videret,
827 1853 858 1900 et
870 1841 1072 1921 egrediebatur
1083 1852 1121 1900 ut
1132 1843 1233 1918 prode·

202 1936 256 1984 ret.
300 1923 355 1988 Cui
368 1935 465 1984 autem
478 1923 525 1984 hio
539 1943 599 1982 non
614 1933 747 1982 occurrat
760 1941 798 1980 ex
812 1925 1024 2000 discipuloeius
1037 1925 1136 1984 factus
1145 1927 1232 1984 tradi·

204 2016 251 2066 tor
262 2003 365 2066 Iudaei
408 2009 485 2077 Quia
499 2027 569 2087 ergo
581 2001 688 2066 tacturi
701 2017 786 2069 eraut
798 2008 878 2084 quod
889 2007 1098 2078 moliebantur,
1126 2009 1159 2066 id
1183 2021 1231 2080 est,

204 2093 328 2148 occisuri
343 2101 426 2148 erant
438 2109 520 2164 eum,
534 2091 688 2157 ostendens
702 2093 768 2148 illos
782 2109 859 2150 runa
871 2092 984 2150 malitia
995 2091 1109 2148 frustra
1123 2095 1231 2150 occisu-

202 2193 251 2234 ros
263 2183 507 2245 resurrecturum,
520 2177 563 2231 sio
578 2174 684 2232 adiecit
695 2172 774 2232 hunc
787 2193 914 2247 versum,
928 2177 1009 2232 velut
1021 2173 1144 2246 dicaret,
1161 2175 1232 2244 Quid

203 2259 291 2336 agitis
305 2253 392 2314 venii
406 2256 482 2332 quod
494 2259 725 2314 vestrumacelus
738 2260 805 2331 erit,
811 2275 893 2316 meus
907 2274 1023 2314 somnus
1035 2259 1104 2315 erit.
1148 2257 1233 2316 Νιιιι·

204 2342 276 2418 qaid
290 2341 341 2414 qui
353 2341 476 2416 dormit,
490 2344 550 2396 ἰιιιι
564 2341 689 2399 adiiciet
701 2338 909 2420 utresurgatl
950 2339 989 2396 Et
997 2350 1100 2398 tamen
1114 2360 1165 2398 eos
1179 2352 1233 2398 ιιιιι

202 2437 341 2497 magnum
364 2419 446 2476 nefas
465 2439 524 2478 non
541 2424 659 2498 impune
685 2423 830 2494 facturos,
857 2424 1102 2498 consequentibus
1127 2424 1234 2482 indicat

203 2504 352 2574 versibus,
379 2502 492 2561 dicens:
506 2503 630 2562 ,Etenim
655 2505 735 2564 domo
748 2509 839 2584 pacis
857 2525 939 2586 meae
953 2508 983 2563 iu
1001 2525 1084 2582 puers
1107 2510 1234 2586 sperari,

204 2588 255 2668 qui
267 2587 473 2666 edelatpuaes
487 2605 573 2654 meos,
586 2587 742 2666 ampliauit
754 2605 843 2668 super
856 2608 901 2646 me
913 2589 1103 2648 calcaneum:
1115 2589 1172 2646 huc
1184 2599 1235 2658 est,

203 2669 386 2726 conculcavit
398 2689 454 2726 me.
470 2665 515 2726 Ta
528 2678 637 2742 autem,
650 2670 897 2746 inquit,Doacirse‚
909 2674 1049 2732 miserere
1062 2675 1132 2744 mei,
1146 2681 1179 2730 et
1192 2693 1237 2730 re-

203 2755 318 2810 suscita
327 2771 384 2823 me,
400 2753 647 2812 etreddamillis.
690 2755 761 2820 Quis
774 2752 829 2812 hoc
841 2756 899 2810 iam
917 2761 1021 2830 neget,
1050 2751 1236 2829 quiludaeoa

203 2845 270 2909 post
280 2837 443 2908 passionem
455 2837 757 2910 resurrectionemque
772 2835 880 2894 Christi
893 2837 929 2892 de
943 2835 1060 2894 sedibus
1074 2840 1138 2894 suia
1151 2837 1236 2894 belli-

204 2935 238 2972 ca
250 2925 347 2990 strage
360 2925 390 2970 et
403 2915 517 2972 excidio
530 2916 659 2972 funditus
674 2919 837 2976 eradicatos
850 2915 948 2976 videti
969 2919 1092 2976 Occisus
1107 2923 1189 2978 enim
1202 2921 1235 2978 ab

204 3000 246 3053 eis
260 2998 437 3066 resurrexit,
451 3007 481 3053 et
493 2997 620 3054 reddidit
634 3001 677 3056 eis
690 3002 809 3060 interim
822 3004 1026 3078 temporariam
1039 3002 1234 3078 disciplinam,

204 3087 325 3152 excepto
339 3077 416 3154 quod
430 3097 490 3136 uon
504 3084 644 3140 correctis
657 3094 765 3157 servat,
779 3085 894 3160 quando
906 3088 988 3143 vivos
1003 3095 1033 3142 et
1042 3097 1176 3144 mortuos
1192 3089 1236 3143 iu·

203 3159 320 3218 dicabit
347 3159 421 3218 Nam
434 3159 575 3220 Dominus
587 3165 648 3238 ipse
660 3161 741 3224 Iesus
755 3169 842 3226 istum
855 3171 949 3244 ipsum
961 3167 1137 3226 traditorem
1153 3187 1236 3226 suum

201 3263 254 3320 per
266 3261 372 3318 panem
384 3256 552 3320 porrectum
565 3247 720 3306 osteudens
734 3249 898 3325 Apostolis‚
923 3249 1000 3308 hunc
1016 3253 1106 3308 etiarn
1119 3271 1238 3310 versum

202 3328 312 3385 Psalmi
325 3327 412 3386 huius
426 3334 671 3404 commemoravit,
686 3343 715 3390 et
727 3336 758 3390 in
770 3352 802 3390 se
815 3333 891 3392 dixit
903 3336 1066 3409 impletum:
1093 3333 1157 3404 Qui
1170 3338 1237 3394 ede·

201 3413 253 3468 lat
259 3428 357 3489 panea
370 3430 459 3479 meos,
485 3413 640 3491 ampliavit
651 3433 741 3494 super
752 3435 798 3474 me
815 3417 993 3476 calcaneum.
1036 3417 1124 3484 Quod
1137 3429 1238 3474 autem

201 3497 254 3564 ait,
265 3493 303 3550 Ira
316 3513 397 3570 paena
410 3497 547 3574 speravi:
565 3515 623 3554 non
637 3502 776 3576 congruit
789 3501 888 3576 capiti,
899 3499 951 3556 sed
964 3501 1086 3574 corpori.
1132 3499 1236 3576 Neque

202 3578 280 3632 enim
293 3577 442 3634 nesciebat
457 3597 522 3634 eum
545 3581 608 3652 ipse
623 3579 774 3659 Salvator,
799 3583 835 3640 de
847 3601 904 3658 quo
930 3592 996 3640 ante
1022 3585 1080 3638 iam
1102 3582 1235 3640 dixerat:

206 3657 284 3714 Vuae
297 3677 335 3716 eu
346 3660 426 3717 colia
441 3659 573 3720 diadolus
588 3671 640 3719 est.
654 3662 714 3720 Sed
727 3668 804 3723 solet
816 3668 849 3722 in
861 3684 893 3721 se
907 3665 1099 3722 membrorum
1115 3684 1236 3724 suorum

201 3741 362 3796 transferre
375 3753 577 3815 personam‚et
590 3744 646 3800 sibi
660 3745 790 3804 tribuere
796 3747 874 3824 quod
887 3756 965 3806 esset
973 3749 1102 3818 iliorum,
1108 3751 1183 3825 quia
1190 3768 1235 3804 ea-

200 3831 254 3894 put
266 3829 295 3876 et
307 3841 410 3896 corpus
425 3843 498 3883 uuus
515 3836 561 3883 est
575 3823 720 3885 Christus:
744 3830 820 3888 unde
834 3831 908 3888 illud
921 3832 952 3888 in
963 3829 1145 3908 Evangelio,
1158 3829 1235 3887 Ειιι-
