2586 4396
220 143 278 200 lon
443 135 542 198 DIVI
563 130 750 193 avanti!
770 127 1019 188 AVGVSTINI

218 302 322 366 totum,
336 289 413 367 quod
426 288 562 347 muliebri
574 296 657 349 utera
672 285 796 364 geritur,
814 282 873 341 nisi
886 281 987 338 nescio
1001 281 1070 357 quid
1084 283 1253 340 abiectissi-

218 394 296 434 mum
309 378 377 433 limo
390 393 423 431 ac
435 373 548 450 pulveri
561 369 794 443 comparandum.

613 537 734 596 CAP.
777 535 851 593 ΙΙΙ.

220 639 306 708 Qoom
322 639 397 694 nollo
415 636 453 690 ait
470 635 557 702 ratio,
577 651 644 703 pace
664 634 695 686 de
711 633 851 688 reiectione
865 632 1031 701 quorundam
1046 631 1154 683 deornm
1167 631 1254 700 poerit

219 710 331 775 ostendi,
346 725 404 760 cam
415 707 507 760 maltis
517 703 694 777 inferioridot
704 703 875 760 excellentior
885 701 1087 772 administratio
1097 702 1254 769 deputetur.

281 801 363 867 Quae
382 800 474 876 igitur
492 811 581 851 causa
598 803 643 850 tot
661 795 785 848 selectos
805 793 873 848 deos
893 791 929 848 ad
948 789 1019 848 haec
1034 791 1254 866 operaminirna

222 884 376 957 compulit,
390 882 441 938 ubi
454 897 471 936 a
484 877 624 934 Vitumno
638 885 668 934 et
680 876 822 948 Sentino‚·
835 893 907 952 quos
921 874 998 932 fama
1012 875 1133 931 obscura
1146 893 1253 931 recou-

220 969 274 1040 dit,
287 968 319 1022 in
331 963 418 1022 huius
432 961 651 1020 munificentiae
663 961 822 1037 partitione
836 955 1025 1035 superenturi
1040 957 1162 1016 Confert
1176 960 1255 1014 enim

220 1048 438 1108 selectuslauua
452 1047 563 1104 aditum
578 1055 607 1102 ct
619 1048 702 1120 quasi
713 1045 957 1116 ianuamsemini3
970 1043 1172 1112 confertenim
1180 1045 1253 1098 sele-

221 1132 437 1192 ctusSaturnus
446 1148 545 1189 semen
557 1132 665 1206 ipsum3
681 1129 927 1187 confertselectus
936 1126 1023 1182 Liber
1030 1125 1254 1182 eiusdemscmi-

221 1220 268 1275 nis
282 1217 466 1272 emissionem
478 1215 565 1286 viris3
593 1213 708 1269 confert
719 1211 774 1270 hoc
787 1211 866 1268 idem
878 1211 993 1284 Libera,
1014 1229 1086 1286 quae
1100 1207 1191 1266 Ceres
1205 1227 1253 1264 scu

221 1301 320 1357 Venus
335 1308 390 1371 est,
405 1299 539 1368 feminis3
558 1297 674 1354 confert
687 1299 795 1352 selecta
807 1295 892 1369 luno,
912 1292 1025 1351 ethaeo
1039 1313 1100 1351 non
1114 1295 1193 1365 saia,
1207 1291 1255 1348 sed

223 1405 289 1442 eum
302 1383 386 1440 Mena
402 1383 463 1440 filia
475 1379 564 1452 lovis,
578 1379 686 1438 fluores
694 1388 863 1438 menstruos
874 1378 982 1436 adeius
994 1378 1071 1454 quod
1084 1386 1253 1452 conceptum

223 1478 269 1527 est
286 1469 515 1522 incrementum:
543 1473 572 1520 et
591 1462 707 1521 confert
725 1461 882 1528 Vitumnus
903 1465 1047 1520 obscurus
1067 1470 1096 1516 et
1117 1460 1254 1538 ignobilis

147 1613 150 1618 ,
222 1553 327 1621 vitam;
354 1548 470 1604 confert
488 1545 630 1602 Sentinus
649 1547 792 1604 obscurus
816 1556 845 1602 et
860 1547 1000 1624 ignobilis
1021 1562 1155 1602 sensum:
1185 1561 1255 1618 quae

223 1635 280 1692 duo
291 1641 375 1688 tanto
390 1633 448 1686 illis
461 1629 549 1686 rebus
562 1633 780 1704 praestantiora
793 1639 872 1702 sunt,
900 1639 1009 1706 quanto
1032 1639 1062 1686 et
1080 1630 1147 1704 ipsa
1171 1627 1254 1684 iutel-

222 1720 299 1776 lectu
311 1735 344 1772 ac
354 1717 470 1772 ratione
479 1714 648 1770 vincuntur.
671 1711 755 1770 Siout
766 1715 845 1772 enim
855 1732 929 1789 quae
940 1714 1158 1770 ratiocinantur
1171 1721 1201 1767 et
1212 1711 1253 1765 iu-

222 1801 372 1878 telligunt,
395 1797 527 1874 profecto
539 1799 655 1872 potiora
669 1807 738 1854 sunt
750 1795 812 1871 his,
839 1816 912 1873 quae
926 1799 991 1856 siue
1005 1797 1253 1869 intellectumque

223 1885 350 1955 ratione,
366 1891 399 1938 ut
410 1899 528 1956 peoora,
541 1881 648 1940 vivunt
661 1891 691 1937 ot
703 1883 851 1938 sentiunt:
865 1883 906 1938 ita
920 1891 950 1939 et
961 1871 1013 1938 illa
1026 1881 1178 1956 quaerito
1193 1895 1253 1934 sen·

224 1977 320 2042 suque
332 1975 403 2022 sunt
414 1964 557 2039 praedita,
570 1963 616 2022 his
631 1983 706 2040 quae
719 1967 902 2035 convivunt,
922 1984 979 2022 nec
989 1965 1132 2034 sentiunt,
1154 1967 1252 2018 merito

223 2052 440 2127 praeferuntur.
472 2047 553 2106 Inter
571 2050 696 2108 selectos
716 2051 816 2126 itaque
835 2049 905 2108 deos
918 2047 1074 2114 Vitumnus
1094 2047 1254 2104 vivificator

224 2145 254 2195 et
267 2136 408 2194 Sentinas
422 2133 606 2194 sensificator
624 2135 718 2212 magis
742 2131 843 2192 haberi
864 2133 1045 2206 debuerunt,
1072 2149 1161 2207 quam
1175 2130 1254 2187 lanus

225 2220 345 2292 seminis
359 2217 503 2276 admissor
516 2227 547 2274 et
560 2216 710 2276 Saturnus
734 2220 854 2277 seminis
879 2217 965 2274 dator
977 2219 1025 2274 vel
1034 2226 1118 2274 sator
1133 2225 1165 2271 et
1176 2213 1253 2270 Liber

224 2311 255 2360 et
266 2301 371 2358 Libera
384 2302 529 2356 seminum
543 2311 737 2358 commotores
750 2304 798 2359 vol
812 2304 982 2374 emissores3
1001 2318 1076 2376 quae
1089 2302 1202 2355 semina
1214 2297 1253 2351 iu-

209 2385 346 2466 dignum
371 2393 416 2442 est
442 2386 590 2464 cogitare,
617 2387 677 2441 nisi
699 2386 735 2442 ad
752 2387 843 2443 vitam
867 2403 1042 2460 sensumque
1062 2381 1253 2459 pervenerint.

225 2471 306 2538 Quae
319 2486 442 2526 munera
455 2469 563 2534 selecta
576 2487 636 2525 non
651 2467 757 2526 dantur
771 2489 789 2526 a
809 2469 864 2526 diis
883 2471 1018 2540 selectis,
1045 2466 1096 2523 sed
1109 2485 1127 2522 a
1141 2465 1254 2540 quibus·

224 2553 291 2612 dam
304 2553 475 2632 incognitis,
490 2561 521 2608 et
532 2571 603 2627 prae
616 2544 740 2610 istorum
754 2553 897 2632 dignitate
908 2552 1061 2630 neglectis.
1076 2549 1163 2616 Quod
1176 2550 1200 2604 si
1214 2564 1253 2601 re·

224 2637 396 2714 spondetur,
410 2637 541 2694 omnium
554 2638 707 2694 initiorum
720 2646 896 2710 potestatem
908 2634 1015 2692 habere
1028 2633 1141 2705 Ianum,
1158 2643 1187 2689 et
1196 2629 1253 2686 ideo

224 2724 269 2780 ilii
292 2723 389 2795 ctiam,
403 2721 491 2797 quod
505 2723 636 2794 aperitur
660 2721 818 2794 conceptui
836 2739 896 2777 non
914 2721 1059 2776 immerito
1078 2717 1213 2787 attribui3
1229 2720 1254 2766 et

225 2807 356 2868 omnium
370 2806 513 2860 seminum
525 2801 695 2874 Saturnum,
720 2796 750 2858 et
762 2803 828 2862 ideo
842 2805 1066 2880 nominationem
1079 2819 1195 2878 quoque
1206 2797 1252 2852 ho·

224 2889 313 2945 minis
327 2907 388 2944 non
400 2905 487 2962 posse
500 2886 535 2942 ab
550 2887 614 2942 eius
629 2887 797 2962 operatione
815 2889 948 2967 seiungi3
977 2888 1104 2944 omnium
1117 2885 1254 2942 seminum

226 2970 452 3028 emittendorum
464 2968 603 3035 Liberum
616 2979 647 3026 et
658 2969 805 3045 Liberam,
829 2982 861 3029 ct
872 2973 938 3028 ideo
952 2971 998 3031 his
1012 2971 1099 3027 etiam
1112 2982 1252 3044 praeesse,

226 3073 300 3130 quae
313 3053 350 3111 ad
363 3052 582 3110 substituendos
600 3051 732 3112 homines
753 3058 916 3132 pertinent3
943 3055 1074 3114 omnium
1091 3048 1252 3130 purgando-

225 3157 290 3194 rum
303 3147 333 3194 et
345 3135 552 3212 pariendorum
565 3137 719 3210 Iunonem,
735 3151 764 3197 ct
774 3141 840 3202 ideo
852 3159 914 3198 eom
924 3159 985 3196 non
995 3139 1097 3194 deesse
1108 3133 1252 3214 purgatio·

226 3221 311 3278 uibus
326 3221 512 3294 feminarum,
528 3231 558 3278 et
569 3225 710 3298 partubus
724 3223 888 3282 hominum:
903 3231 1045 3300 quaerant
1058 3222 1127 3296 quid
1140 3232 1253 3292 respou-

226 3305 315 3362 deant
339 3304 375 3360 de
389 3303 529 3364 Vitumno
552 3317 582 3363 ot
600 3307 736 3380 Sentino,
759 3318 860 3366 utrum
885 3317 915 3364 et
936 3309 1016 3381 ipsos
1040 3307 1134 3362 velint
1155 3301 1254 3360 habere

227 3391 357 3446 omnium
381 3407 456 3464 quae
479 3392 594 3448 vivunt·
606 3402 637 3450 et
658 3394 792 3450 sentiunt
807 3400 990 3467 potestatem.
1020 3389 1104 3458 Quod
1118 3389 1144 3444 si
1157 3399 1253 3444 conce·

226 3473 309 3546 dunt,
323 3473 477 3547 attendant
490 3492 578 3549 quam
591 3494 641 3531 eos
657 3476 808 3532 sublimius
822 3477 947 3538 locaturi
960 3477 1029 3530 sint.
1052 3471 1128 3530 Nam
1141 3464 1253 3527 semiui-

226 3557 281 3614 bur
295 3558 389 3628 nasei,
415 3559 447 3613 in
460 3567 540 3614 terra
553 3569 583 3614 ct
596 3577 634 3614 ex
648 3567 728 3614 terra
741 3568 801 3632 est3
828 3561 928 3616 vivere
941 3567 1038 3614 autem
1051 3566 1138 3631 atque
1150 3550 1254 3610 sentiro

228 3642 317 3696 etiam
330 3641 399 3696 deos
415 3640 545 3698 sidereos
559 3643 727 3716 opinantur.
749 3640 783 3698 Si
796 3651 895 3700 autem
909 3641 1011 3698 dicunt
1023 3641 1161 3697 Vitumno
1175 3644 1268 3707 atque*

228 3721 354 3780 Sentino
368 3721 439 3780 haec
453 3727 515 3780 sola
528 3725 678 3796 attributa,
693 3743 767 3800 quac
780 3727 812 3782 in
825 3743 913 3782 carue
923 3727 1078 3782 vivescunt
1088 3733 1118 3778 et
1127 3717 1253 3778 sensibus

227 3805 488 3876 adminiculentum
501 3826 553 3864 cur
568 3827 627 3864 non
643 3806 713 3866 deus
727 3811 788 3882 ille,
803 3811 852 3885 qui
866 3809 939 3866 facit
952 3811 1051 3866 omnia
1063 3809 1163 3865 vivere
1176 3810 1268 3876 atquo
