2510 4404
224 207 284 262 414
445 197 544 255 Divi
570 197 757 284 AVREbll
781 197 1040 256 ssGVST1N1

224 357 300 425 eius,
315 373 372 429 qua
386 362 429 408 tot
443 361 472 408 et
485 359 566 408 tanta
578 349 648 408 facit
661 349 851 422 incredibilia,
865 339 923 406 iam
936 352 1030 408 multa
1043 351 1193 408 diximus.
1223 349 1230 404 l

224 440 327 496 volunt
343 437 476 494 invenire
499 434 576 510 quod
595 436 775 508 omnipotens
791 453 851 490 non
868 444 978 508 potest,
1001 432 1127 490 habent
1140 453 1230 508 prorss

224 541 279 602 ego
296 521 404 592 dicam,
428 521 546 576 mentiri
565 536 624 574 non
640 527 744 593 potest.
780 516 935 575 Credamus
959 535 1032 595 ergo
1050 519 1141 592 quod
1165 531 1231 592 pots

223 625 284 663 non
307 603 450 664 eredendo
470 601 547 678 quod
568 619 629 658 non
652 612 757 676 potest.
788 601 856 657 Non
878 603 977 675 itaque
998 600 1171 658 credentes
1194 623 1233 677 qn

223 690 342 748 mentiri
361 689 468 764 possit,
492 685 613 742 credant
635 704 699 741 esse
717 686 861 741 facturum
880 685 956 760 quod
975 703 1007 739 se
1027 685 1189 744 facturum
1206 705 1236 740 es

222 774 368 849 promisit:
395 771 480 828 etsie
494 769 628 839 credant',
649 771 725 825 sicut
744 767 865 825 credidit
877 767 1012 840 mundus,
1030 787 1127 844 quem
1141 769 1235 824 credin

224 877 289 914 rum
302 875 366 913 osse
374 854 530 930 praedixit,
544 871 629 927 quem
642 853 820 909 crediturum
831 871 894 908 esse
906 852 1049 922 laudavit,
1063 872 1160 928 quem
1174 853 1235 908 ereb

223 951 321 998 turum
334 958 397 995 esse
409 938 553 1013 promisit,
569 955 654 1011 quem
667 935 825 994 credidisse
844 937 901 994 iam
921 935 1062 990 ostendit.
1086 935 1161 992 Hoc
1173 949 1238 992 aute·

224 1025 331 1080 malum
346 1040 427 1094 esse,
450 1020 527 1077 unde
541 1017 759 1078 demonstranti
793 1020 858 1077 Non
875 1020 931 1074 erit
944 1021 1005 1074 illie
1020 1021 1085 1075 ulla
1103 1022 1235 1094 compti

225 1106 302 1182 quod
313 1115 360 1162 est
372 1106 500 1180 corporis
513 1106 628 1161 molum.
657 1103 703 1160 De
717 1104 820 1160 ordine
834 1105 1045 1158 elementorum
1058 1105 1124 1160 iam
1138 1103 1240 1178 disputa

225 1193 335 1261 vimus,
362 1189 397 1246 de
411 1190 475 1245 aliis
488 1187 637 1244 hominum
651 1189 828 1244 coniecturis
843 1188 912 1242 satis
927 1185 1073 1243 diximus:
1103 1189 1239 1262 quantas

225 1275 324 1330 futura
337 1275 369 1330 in
385 1291 505 1346 corpore
522 1271 736 1346 incorruptibili
756 1271 880 1326 facilitas
899 1279 1013 1340 motus,
1039 1270 1076 1326 de
1097 1271 1239 1345 praesensi

225 1359 319 1414 bonae
338 1356 513 1415 valetudinis
532 1365 778 1429 temperamento,
806 1354 996 1428 quaesitique
1015 1356 1104 1410 nullo
1122 1354 1235 1410 modoil

226 1440 416 1517 comparanda
429 1449 474 1496 est
487 1439 716 1509 immortalitati,
742 1441 774 1494 in
787 1439 860 1495 libro
880 1439 968 1492 tertio
984 1435 1102 1493 decimo
1118 1441 1202 1504 satis,
1223 1451 1237 1488 n

225 1528 338 1598 opinor,
352 1524 538 1581 ostendimus.
558 1521 671 1600 Legunt
684 1525 832 1598 superiora
846 1519 949 1595 Operis
963 1517 1065 1593 huius,
1080 1525 1135 1598 qui
1144 1524 1188 1578 vel
1199 1529 1242 1576 nori

225 1611 372 1686 legerunt,
386 1610 432 1664 vel
446 1602 549 1664 volunt
561 1607 690 1672 recolere
703 1607 779 1680 quod
792 1607 933 1682 legerunt.
1241 1589 1242 1628 ¹

543 1757 702 1814 -CAP.
745 1755 894 1814 XXVI.

225 1839 359 1919 Quomodo
369 1853 518 1922 Porphyrii
528 1852 663 1922 definitio,
683 1871 736 1922 qao
754 1854 839 1910 beatis
854 1855 950 1910 anisnis
965 1864 1055 1925 putat
1076 1870 1233 1925 commosse

189 1984 191 1990 .
218 1925 391 2000 fugiendam,
409 1925 494 1993 ipsios
506 1923 631 1976 Platonis
642 1925 776 1978 sententia
787 1926 951 1987 destruetur,
971 1925 1020 1993 qui
1034 1927 1118 1990 dicit,
1136 1937 1231 1976 susurra

240 2066 243 2076 .
311 1993 399 2050 Deum
411 1995 461 2046 diis
469 1992 633 2064 promisisse,
643 2003 675 2045 ot
685 2009 821 2064 nunquam
830 1995 986 2064 corporibus
996 2008 1169 2052 exuerentur.

212 2101 213 2108 ’
290 2101 349 2160 Sed
362 2101 538 2178 Porphyrius
552 2103 609 2174 ait,
632 2103 785 2176 inquiunt,
808 2103 938 2162 utbeata
960 2105 1000 2160 sit
1021 2107 1136 2175 anima,
1159 2117 1234 2174 eorpus

227 2207 312 2244 omne
327 2207 389 2244 esse
404 2186 583 2265 fugiendum.
621 2185 702 2242 Nihil
716 2204 787 2262 ergo
800 2186 933 2260 prodest,
954 2189 1025 2262 quia
1037 2186 1235 2261 incorruptibils

226 2273 353 2330 diximus
367 2272 496 2329 futurum
509 2288 629 2342 corpus,
654 2271 680 2326 si
693 2271 789 2326 anima
801 2270 885 2330 beata
907 2291 967 2328 non
980 2273 1059 2343 erit,
1085 2274 1142 2329 nisi
1156 2285 1235 2342 eorpus

227 2375 313 2412 omne
331 2351 475 2432 effugerit.
513 2351 572 2410 Sed
591 2355 650 2408 inm
665 2351 776 2412 ethius
797 2355 828 2414 in
845 2355 918 2412 libro
938 2367 1105 2413 memorato
1123 2365 1242 2429 quantur.

227 2439 356 2516 oportuit
369 2438 529 2512 disputavi:
555 2455 656 2496 verum
668 2435 716 2494 hic
729 2455 819 2496 unum
838 2439 906 2498 inde
918 2448 1036 2495 tantum
1051 2447 1242 2496 commemora:

225 2525 271 2581 bo.
283 2521 428 2582 Emendct
442 2522 531 2578 libros
545 2539 612 2578 suos
627 2522 751 2578 istarum
765 2525 893 2580 omnium
905 2524 1051 2600 magister
1065 2524 1156 2594 Plato,
1167 2531 1193 2576 et
1204 2513 1242 2574 di?

226 2617 273 2664 cat
286 2625 387 2666 eorsuu
397 2600 478 2676 deos,
491 2615 524 2662 ut
534 2605 612 2662 beati
626 2607 695 2676 sint,
709 2623 762 2664 sua
776 2625 897 2681 corpora
909 2606 1073 2684 fugituros,
1088 2608 1176 2676 idest,
1188 2623 1242 2659 esse

226 2693 394 2762 morituros,
409 2709 482 2766 quos
496 2691 527 2746 in
538 2689 711 2746 coelestibus
725 2691 892 2764 corporibus
906 2689 982 2746 dixit
995 2691 1143 2763 inclusos3
1155 2689 1231 2766 quibus

226 2786 324 2832 tamen
336 2774 427 2844 Deus,
442 2792 459 2830 a
473 2792 530 2848 quo
545 2771 613 2830 scoti
627 2781 712 2843 sunt,
736 2791 790 2848 quo
803 2783 922 2848 possent
936 2793 1000 2830 esse
1015 2779 1124 2846 securi,
1141 2777 1242 2832 immor:

225 2860 377 2927 talitetem,
391 2855 421 2914 id
434 2867 489 2928 est,
503 2859 535 2914 in
548 2856 657 2914 eisdem
670 2858 838 2930 corporibus
852 2867 1001 2920 aeternam
1013 2849 1242 2932 permansionem

225 2961 285 2998 non
309 2959 408 2996 eorum
431 2949 537 2998 natura
556 2939 585 2997 id
604 2939 739 3012 habente,
762 2940 812 2998 sed
834 2960 887 2997 suo
911 2944 1037 2999 consilio
1061 2945 1242 3018 praecelsum

224 3025 364 3098 promisit.
400 3021 457 3078 Vbi
470 3025 558 3079 etiam
571 3025 677 3082 evertit
690 3023 762 3081 illud
775 3025 850 3102 quod
863 3025 980 3097 dicunt,
995 3030 1136 3101 quoniam
1145 3037 1180 3081 est
1189 3027 1227 3077 in·

225 3105 390 3181 possibilis,
418 3105 484 3162 ideo
507 3107 754 3165 resurrectionem
778 3109 875 3165 carnis
899 3128 959 3166 non
984 3129 1049 3166 esse
1078 3107 1228 3168 credendsn.

219 3190 414 3265 ‘Apertissime
428 3190 532 3265 quippe
548 3191 631 3248 iuxta
645 3191 769 3248 eundem
782 3191 993 3268 philosophum,
1007 3195 1059 3250 ubi
1072 3195 1128 3252 diis
1139 3215 1153 3250 a
1163 3213 1188 3248 se
1198 3191 1230 3245 ls-

225 3277 281 3334 ctis
295 3275 429 3350 promisit
442 3273 523 3331 Deus
538 3293 597 3330 non
610 3275 705 3332 factus
719 3277 978 3348 immortalitatem,
991 3278 1072 3352 quod
1086 3277 1230 3353 impossibile

227 3369 283 3431 est,
297 3379 328 3416 sc
342 3359 418 3414 dixit
430 3377 495 3416 esse
509 3359 664 3417 facturum.
700 3357 750 3416 Sia
764 3361 843 3416 enim
856 3379 921 3418 eum
934 3361 1068 3417 locutum
1081 3373 1174 3419 narrst
1184 3359 1230 3414 l’ls-

226 3455 270 3501 to:
293 3445 458 3514 „Quoniam
473 3445 543 3500 estis
558 3444 626 3513 orti,
640 3443 747 3518 inquit,
761 3445 938 3502 immortales
951 3463 1017 3499 esse
1029 3455 1061 3500 et
1073 3443 1242 3504 indissolubi:

227 3530 293 3600 „les
307 3547 367 3584 non
379 3529 516 3602 potestis:
531 3545 592 3584 non
605 3536 702 3584 tamen
713 3526 923 3600 dissolvemini,
935 3543 1033 3603 neque
1044 3548 1098 3584 vos
1111 3532 1163 3586 ulls
1173 3545 1227 3583 mer·
1241 3517 1242 3520 ¹

177 3653 179 3656 -
227 3613 288 3680 „tis
303 3612 364 3667 fata
377 3612 530 3685 periment,
545 3629 600 3666 nee
611 3621 699 3668 erunt
708 3613 881 3682 valentiora,
894 3615 1142 3688 quamconsiliuns
1150 3629 1226 3668 meurs
1241 3643 1242 3648 κ

226 3694 325 3767 „quod
340 3697 433 3748 moins
447 3704 492 3750 est
503 3696 655 3752 vinculum
668 3694 705 3751 ad
716 3697 940 3770 perpetuitatem
951 3705 1092 3767 vestram,
1112 3717 1184 3773 quam
1195 3693 1226 3747 ἰΙΙι

227 3777 354 3848 „quibus
371 3777 442 3832 estis
457 3779 619 3856 colligati.“
660 3777 704 3849 Si,
719 3798 778 3835 non
791 3781 886 3835 solum
900 3779 1027 3849 absurdi,
1042 3781 1094 3836 sed
1106 3781 1175 3837 surdi
1186 3793 1225 3833 nes

228 3869 296 3914 sunt
309 3862 357 3934 qui
372 3859 444 3914 haec
459 3861 598 3932 audiunt,
624 3881 684 3918 non
708 3864 807 3938 utique
822 3863 958 3922 dubitant
970 3863 1024 3920 diis
1037 3863 1132 3935 factis,
1153 3864 1182 3919 ab
1193 3861 1225 3916 ib
