2538 4392
196 173 255 230 luo
422 163 523 224 DlVl
538 157 730 226 ‚Avitum
754 151 1013 216 Avcvsulltl

197 323 239 382 ud
248 321 378 394 inferos,
392 327 423 376 et
435 317 560 376 reducit.
587 311 699 382 Quibus
712 313 792 368 enim
805 310 876 368 dicit
889 310 1058 384 Apostolus,
1077 307 1116 370 Si
1128 317 1240 372 mortui

198 409 272 464 estis
285 421 349 460 cum
365 401 494 472 Christo,
509 418 584 477 quoe
597 413 715 455 sursum
727 403 797 452 suut
809 393 957 472 quaerite,
969 393 1021 451 ubi
1036 393 1183 455 Christus
1198 409 1239 456 est

198 493 229 547 iu
245 489 371 546 deutero
384 485 446 543 Dei
457 485 578 557 ordeum
591 481 747 538 sulubriter
764 481 861 554 ituque
874 476 1094 536 mortificantur
1104 497 1125 536 u
1135 479 1238 539 Domi·

196 589 249 630 no:
264 569 368 646 quibus
384 569 528 645 adiungit,
551 565 636 636 Quae
649 581 767 622 sursum
780 571 851 620 suut
863 563 972 639 cupite,
985 579 1043 620 uon
1057 581 1133 641 quoe
1147 581 1240 642 super

197 666 330 727 terrum;
355 662 389 710 ut
401 653 466 731 ,ipsi
483 653 544 707 sint
562 651 622 720 illi,
646 650 697 724 qui
721 648 884 704 esurientes
908 645 1096 704 uousierunt
1117 657 1237 706 terrum

196 737 314 797 Mortui
325 739 401 794 enim
414 735 503 804 estis,
530 735 640 809 inquit:
668 751 736 788 ecce
750 729 894 808 quomodo
909 730 1067 788 sulubriter
1080 731 1239 789 mortificet

166 849 169 855 ·
197 821 289 881 Deus.
309 818 439 876 -Deinde
462 819 605 894 sequitur,
631 815 673 874 Et
695 817 760 874 citu
782 825 886 874 vestro
908 813 1087 874 absconditu
1108 826 1160 874 eut
1177 837 1237 874 cum

202 905 371 962 Christum
391 900 474 960 Deo:
501 918 568 958 ecce
591 899 734 978 quomodo
759 899 877 956 eosdem
896 900 975 972 ipsos
993 899 1126 957 vivificat
1145 899 1237 957 Deus.

198 987 259 1047 Sed
283 985 424 1063 numquid
449 985 566 1044 cosdem
593 983 714 1041 deduxit
739 983 776 1040 od
801 983 912 1041 inferos
939 992 968 1039 ct
993 979 1130 1040 reduxit?
1168 983 1238 1040 Hoc

197 1081 355 1145 utrumque
369 1072 434 1126 sine
449 1070 653 1127 controversia
664 1067 795 1125 fidelium
806 1069 839 1124 in
851 1069 902 1124 illo
915 1068 1014 1140 potius
1027 1067 1158 1125 videmus
1179 1069 1238 1124 im-

198 1158 325 1230 pletum,
349 1155 445 1230 capite
460 1155 574 1210 scilicet
587 1163 703 1223 nostro,
727 1171 794 1209 cum
806 1169 864 1228 quo
875 1152 967 1209 vitum
980 1160 1113 1208 nostrum
1124 1152 1160 1207 in
1173 1150 1238 1208 Deo

198 1240 353 1315 Apostolus
368 1239 445 1295 dixit
457 1237 666 1296 absconditam.
690 1233 766 1294 Num
779 1253 865 1314 quum
872 1229 1002 1314 proprio
1016 1233 1095 1292 Filio
1109 1253 1168 1292 uos
1183 1254 1238 1313 pe·

193 1325 312 1404 percit,
339 1324 394 1381 sed
400 1340 462 1399 pro
475 1322 558 1380 nodis
571 1321 702 1378 omuibus
717 1320 848 1378 tradidit
861 1337 941 1388 eum,
967 1318 1124 1376 istomodo
1138 1321 1239 1394 utiquc

199 1407 388 1464 mortificavit
400 1424 476 1465 eum.
511 1405 550 1462 Et
562 1406 633 1480 quio
644 1405 832 1462 resuscitavit
845 1421 911 1460 cum
925 1420 943 1458 o
954 1403 1094 1474 mortuis,
1109 1403 1237 1460 veundem

199 1509 301 1548 rursus
315 1490 487 1547 vivificavit.
517 1487 559 1544 Et
576 1489 647 1563 quio
664 1490 696 1544 in
716 1481 867 1563 prophetia
888 1505 949 1544 uox
966 1487 1030 1544 cius
1048 1489 1238 1564 agnoscitur,

200 1571 265 1632 Non
279 1573 463 1648 derelinques
477 1573 712 1628 unimum'mcum
725 1573 756 1628 iu
772 1571 905 1644 inferno,
927 1567 1053 1628 eundem
1065 1569 1195 1627 deduxit
1207 1569 1238 1627 od

198 1656 311 1714 inferos
326 1665 356 1712 et
368 1655 494 1710 reduxit.
517 1653 582 1711 Hoc
597 1655 659 1710 eius
672 1654 942 1730 paupertateditoti
954 1671 1065 1711 sumus.
1094 1653 1236 1712 Dominus

199 1741 279 1797 enim
292 1751 445 1816 pauperes
459 1737 569 1810 fucit,·
586 1747 616 1794 et
636 1737 725 1794 ditut.
763 1737 839 1796 Nom
852 1737 922 1814 quid
934 1736 988 1794 hoc
1003 1739 1043 1794 sit
1054 1747 1089 1794 ut
1102 1739 1236 1808 sciemus,

202 1822 280 1899 quod
293 1823 427 1898 sequitur
438 1819 605 1878 audiamus:
617 1818 781 1892 Humiiiut,
795 1832 826 1879 et
841 1821 975 1896 ccultum
987 1823 1090 1896 utiquc
1104 1823 1238 1897 superbos
1257 1847 1258 1870 ι

199 1905 346 1976 humiliot,
361 1914 391 1962 et
404 1903 530 1962 humiles
545 1905 663 1961 exultet.
686 1905 770 1972 Quod
784 1905 863 1962 euim
874 1905 944 1962 olibi
956 1906 1078 1984 legitur,
1095 1905 1183 1964 Deus
1195 1923 1238 1963 su-

199 1989 302 2066 perbis
315 1991 454 2061 resistit,
466 1987 623 2046 humilibus
637 1997 736 2046 autem
750 1989 804 2047 dut
816 1989 965 2066 gratiam:
991 1987 1047 2045 hoc
1061 1999 1145 2048 totus
1159 1988 1238 2047 hebet

200 2089 297 2130 sermo
310 2072 410 2145 huius,
423 2073 509 2130 cuius
522 2090 631 2130 nomen
644 2074 854 2152 interpretetur
863 2075 962 2150 gratio
975 2073 1046 2130 cius.

207 2201 208 2207 ι
262 2157 324 2214 lom
336 2175 409 2214 vero
418 2156 500 2232 quod
513 2156 696 2236 adiungitur,
719 2155 857 2214 Suscitut
871 2175 891 2212 c
904 2167 990 2214 terra
996 2173 1186 2234 pauperem:
1208 2157 1238 2214 dc
1257 2173 1258 2234 ι

198 2241 284 2300 ‘nullo
298 2241 401 2298 melius
416 2257 502 2316 quam
515 2239 552 2298 de
563 2241 614 2298 illo
628 2241 780 2318 intelligo,
805 2241 863 2322 qui
866 2251 997 2318 propter
1009 2241 1188 2312 uosfoctuo
1201 2251 1239 2300 est

196 2327 333 2406 pauper,
352 2343 416 2382 cum
430 2325 512 2382 dioec
525 2334 614 2395 esset,
639 2334 675 2382 ut
686 2327 749 2384 eius
756 2333 959 2402 paupertate,
985 2325 1062 2380 sicut
1072 2326 1165 2398 poulo
1178 2335 1239 2383 oute

202 2409 381 2479 dictumest,
395 2403 571 2469 ditaremur.
590 2407 690 2484 Ipsum
703 2409 782 2464 enim
794 2408 830 2464 de
843 2415 922 2463 terro
935 2409 1090 2464 suscitavit
1103 2417 1165 2465 tom
1178 2412 1239 2478 cito,

202 2502 235 2550 ut
246 2509 315 2550 curo
329 2493 392 2550 eius
413 2510 475 2550 non
495 2491 610 2550 videret
629 2493 855 2566 corruptionem
892 2489 954 2548 Nec
965 2491 1039 2548 illud
1052 2491 1088 2547 ab
1103 2493 1157 2550 illo
1174 2496 1235 2550 olic-

202 2577 292 2650 uobo5
306 2574 383 2652 quod
394 2574 528 2632 odditum
541 2586 602 2634 est:
627 2575 670 2635 Et
683 2576 720 2634 de
732 2585 867 2634 stercore
879 2577 973 2652 erigit
986 2577 1111 2653 inopem.
1156 2576 1237 2652 Inops

202 2663 309 2737 quippe
323 2659 400 2716 idem
413 2662 466 2736 qui
480 2655 538 2736 [est
551 2655 642 2739 quod]
655 2677 776 2736 pauper.
812 2657 935 2716 Stercus
948 2677 1019 2716 vcro
1032 2659 1114 2716 uude
1126 2671 1239 2718 erectus

203 2754 270 2815 est,¹
287 2743 452 2800 rectissime
469 2743 681 2822 intelligrmtur
702 2751 906 2818 persecutores
928 2741 1045 2814 ludaei,
1070 2743 1240 2820 inquorum

201 2845 326 2886 numero
338 2843 404 2881 cum
417 2843 449 2880 se
463 2826 586 2884 dixisset
597 2827 754 2901 Apostolus
764 2825 926 2884 Ecclesiam
937 2835 1142 2900 persecutum,
1161 2827 1240 2897 Quas

94 2937 100 2945 ·
200 2909 283 2978 miii,
294 2909 401 2984 inquit,
408 2908 544 2978 fuerunt
556 2909 652 2979 lucro,
666 2907 739 2968 iaec
745 2909 882 2988 propter*
890 2907 1041 2967 Christum
1055 2911 1165 2968 damna
1177 2918 1238 2968 esse

202 2993 292 3051 duci:
313 3007 367 3047 uec
379 2990 472 3058 solum
486 2992 683 3064 detrimento,
702 3013 804 3051 uerum
817 2995 908 3051 etium
921 3002 1058 3050 stercora
1071 2993 1241 3052 existimaui

200 3091 276 3144 esse,
290 3084 325 3132 ut
334 3071 486 3132 Christum
495 3075 716 3149 lucrifacerem.
730 3075 777 3134 De
789 3086 869 3134 terre
881 3095 952 3156 crgo
961 3077 1123 3134 suscitatus
1137 3087 1184 3134 est
1193 3079 1237 3134 ille

200 3176 289 3234 supro
302 3175 405 3215 omnes
419 3157 523 3216 divites
534 3178 656 3236 pauper,
670 3161 746 3218 etde
758 3163 808 3218 illo
823 3170 953 3219 stercore
966 3170 1083 3218 erectus
1097 3171 1145 3218 est
1157 3179 1239 3237 supro

200 3261 302 3302 omues
322 3243 476 3319 opulentos
495 3245 547 3300 ille
564 3245 662 3319 inops:
686 3257 720 3304 ut
737 3247 842 3304 oedeut
860 3265 924 3302 cum
935 3245 1112 3324 potentibus
1123 3246 1238 3324 populi,

200 3329 304 3407 quibu·
317 3329 370 3399 sit,
396 3323 545 3386 Sedebitio
559 3345 650 3405 super
664 3330 816 3387 duodecim
830 3331 924 3388 sedeo.
957 3327 1000 3386 Et
1013 3329 1113 3387 sedem
1125 3329 1240 3406 glorius

200 3411 507 3471 hoereditatem-duno
521 3413 574 3470 eis.
605 3411 755 3469 Dixerout
768 3413 847 3470 enim
859 3422 993 3487 potentes
1010 3413 1073 3484 illi,
1099 3413 1239 3472 liccem
1257 3427 1258 3436 ¹

200 3497 365 3556 dimisimus
380 3497 494 3566 omniu,
515 3506 546 3554 et
558 3498 655 3554 secuti
667 3511 766 3554 sumus
785 3508 834 3555 te:
858 3494 913 3554 hoc
927 3505 1028 3554 votum
1040 3498 1240 3572 potentissime

199 3589 352 3638 voverunt.
1257 3595 1258 3662 l

262 3661 323 3720 Sed
335 3661 413 3732 unde
426 3659 482 3720 hoc
496 3665 554 3734 eis,
579 3664 638 3720 uisi
651 3665 687 3720 ob
701 3665 770 3737 illo,
795 3665 903 3740 dequo
916 3663 964 3722 hic
977 3664 1121 3722 contiuuo
1135 3664 1239 3722 dictum
1257 3667 1258 3742 l

198 3753 263 3815 est,
290 3743 378 3802 Dure
391 3755 492 3804 uotum
508 3743 645 3804 voventi?
671 3747 811 3824 Alioquin
825 3763 863 3804 ex
875 3750 935 3806 illis
949 3757 1050 3806 essent
1062 3749 1239 3822 potentibus.

200 3842 324 3903 quorum
345 3825 512 3886 infirmetur
533 3839 579 3886 est
601 3847 697 3888 mous.
733 3831 836 3906 Dauo,
860 3833 970 3911 inquit,
993 3843 1093 3892 uotum
1117 3831 1258 3891 muntii
