2510 4404
204 243 266 301 386
435 233 534 294 DlVl
557 231 745 292 AVRELll
772 230 1021 290 Al’GVSTlNl

207 399 382 460 vocaretur,
396 391 447 446 illa
460 386 598 444 deiuneta
611 395 664 444 est.
695 385 759 442 llac
773 395 871 442 tamen
884 386 983 442 tunica
996 399 1192 463 operuerunt
1203 407 1238 442 ca

205 479 298 535 davcr
311 477 373 533 eius
385 481 532 550 parentes,
547 481 576 526 ct
587 481 704 546 recepto
714 471 817 544 spiritu
831 471 912 526 salva
925 470 1003 527 facta
1018 479 1078 526 est.

240 575 244 582 “
267 558 352 636 Apud
365 557 528 633 Hipponem
547 555 654 611 Bassus
674 554 790 630 quidam
805 552 897 630 Syrus
913 554 951 610 ad
969 553 1157 611 Memoriam
1179 556 1239 612 eins

206 645 271 703 dem
283 643 421 720 Martyris
436 640 536 698 orabat
548 657 600 712 pro
614 647 788 718 aegrotante
801 647 831 693 et
843 638 1033 712 periclitante
1047 637 1134 708 filie,
1164 659 1241 714 ecque

142 751 151 772 ·
206 747 306 786 seeum
329 736 440 785 vestem
462 725 523 780 ιίιιι
546 724 700 779 attulerat:
726 741 816 798 quum
835 741 903 778 ecce
921 723 1008 796 pueri
1029 721 1068 778 de
1090 723 1184 779 domo
1205 743 1241 778 er-

207 819 379 878 currcrunt,
394 809 444 885 qui
458 809 486 864 ei
502 817 645 863 mortuam
658 807 838 862 nuntiarent.
860 805 919 862 Sed
933 824 1044 882 quum,
1065 817 1182 863 orante
1196 809 1241 862 illo.

206 897 241 954 ab
260 896 361 952 antici·
379 895 440 948 eius
461 892 682 965 exciperentur,
709 888 921 964 prohibuerunt
934 909 984 946 eos
997 891 1044 945 illi
1068 890 1194 961 dicere,
1218 911 1241 946 m

205 999 256 1056 per
268 979 416 1054 publicum
428 977 590 1051 plangeret.
615 974 673 1040 Qui
686 992 774 1048 quum
786 973 900 1030 domum
910 973 1042 1029 redisset
1054 975 1123 1030 iam
1136 993 1241 1031 ιιιοιιιιι

209 1061 362 1119 eiulatibus
381 1067 604 1135 personantem,
632 1067 661 1113 et
673 1067 785 1116 vestem
798 1057 875 1114 filiae
894 1077 980 1133 quam
999 1057 1145 1131 ferebat,
1174 1077 1242 1134 super

210 1165 272 1202 eam
284 1145 471 1221 proiecissct,
491 1141 605 1199 reddita
618 1151 663 1197 est
673 1145 760 1200 vitae.

271 1228 386 1286 Rursus
406 1226 513 1284 ibidem
530 1227 606 1302 apud
624 1245 677 1282 nos
689 1225 805 1282 irenaei
824 1223 973 1280 cuiusdam
991 1226 1169 1282 collectarii
1182 1226 1239 1282 lilius

209 1312 394 1393 aegritudine
410 1311 573 1367 exstinctus
588 1319 640 1366 est.
678 1311 838 1384 ¹Quumque
851 1325 955 1383 corpus
970 1310 1094 1366 iaceret
1108 1314 1239 1368 exanime

209 1409 297 1475 etque
308 1416 326 1454 a
337 1395 506 1475 lugentibus
521 1405 550 1450 et
563 1394 790 1451 lamentantibus
801 1394 956 1468 exsequiae
969 1405 1172 1466 pararentur,
1185 1397 1239 1452 ami-

209 1501 310 1540 corum
324 1484 387 1537 eius
401 1478 518 1555 quidam
530 1480 608 1536 inter
620 1481 744 1534 aliorum
758 1477 972 1558 consolantium
982 1478 1081 1534 verba
1097 1481 1239 1557 suggessit

210 1576 241 1622 ut
254 1565 383 1621 eiusdem
396 1563 535 1639 Martyris
550 1564 614 1620 oleo
629 1579 732 1636 eorpus
751 1569 970 1638 perungeretur.
1006 1560 1142 1618 Factum
1156 1575 1239 1632 est‚e‹

209 1650 326 1706 revixit.

272 1731 404 1804 Itemque
421 1729 497 1803 apud
517 1747 572 1785 nos
591 1731 637 1786 vir
650 1728 838 1784 Tribunitius
851 1726 1009 1784 Eleusinus
1034 1748 1133 1804 super
1146 1730 1238 1788 bleno-

209 1817 283 1871 riem
296 1812 452 1888 Martyris,
479 1830 553 1887 quae
564 1815 596 1868 in
610 1813 775 1869 suburbano
790 1813 852 1868 eius
866 1821 924 1881 est,
939 1813 1139 1889 aegritudine
1154 1815 1238 1870 exani·

210 1908 317 1955 matum
330 1897 430 1972 posuit
443 1895 624 1952 infantulum
636 1895 744 1952 filium:
772 1904 878 1968 etpost
891 1897 1071 1968 orationem,
1087 1917 1173 1974 quam
1184 1915 1237 1951 eun

210 1983 309 2039 multis
322 1981 460 2056 lacrymis
474 1979 515 2034 ibi
528 1977 617 2052 ludit,
630 1981 779 2036 viventem
791 1981 908 2052 levavit.

274 2064 351 2134 Quid
364 2060 485 2121 feeiami
511 2062 604 2142 Vrget
626 2063 712 2120 huius
735 2065 831 2138 operis
854 2063 993 2137 implendi
1015 2068 1192 2140 promissio,
1213 2077 1236 2120 ιι

212 2167 270 2208 non
283 2148 332 2206 bic
345 2149 455 2225 possim
469 2149 567 2204 omnia
580 2165 806 2204 commemorare
819 2165 894 2222 quae
907 2149 982 2204 seio:
998 2158 1030 2204 et
1044 2153 1155 2223 procul
1168 2150 1236 2206 dubio

211 2236 342 2310 plerique
355 2242 539 2302 nostrorum,
552 2250 641 2307 quum
654 2230 726 2287 haee
739 2233 854 2309 legent,
868 2230 1007 2287 dolebunt
1021 2252 1071 2288 me
1086 2245 1150 2290 tam
1163 2235 1234 2289 muln

211 2317 459 2393 praetermisisse,
473 2332 549 2391 quae
561 2317 663 2390 utique
675 2335 789 2372 mecum
802 2317 909 2372 sciunt.
933 2316 1013 2382 Quos
1029 2318 1093 2373 iam
1107 2337 1199 2385 nune,
1211 2329 1235 2370 ut

213 2405 383 2479 ignoscent,
410 2415 499 2477 rogo,
526 2409 556 2455 et
575 2401 707 2478 cogitent
725 2418 812 2482 quoqu
830 2400 937 2474 prolixi
955 2399 1069 2456 laboris
1089 2403 1233 2458 sittacene.

211 2485 284 2561 quod
299 2503 344 2540 me
364 2483 412 2539 hic
431 2503 490 2540 non
508 2482 604 2540 faeere
622 2485 749 2558 suscepti
774 2485 870 2557 operis
894 2485 1058 2540 necessitas
1083 2488 1169 2565 cogit.
1206 2481 1231 2538 δι

212 2570 289 2626 enim
303 2569 443 2624 miracula
456 2569 630 2640 sanitatum,
644 2577 678 2623 ut
691 2569 748 2623 alia
760 2577 888 2638 taceam,
916 2585 949 2624 ca
963 2577 1084 2626 tantum
1099 2571 1181 2627 modo
1192 2587 1230 2624 ιι-

147 2663 150 2668 *
212 2656 262 2710 lim
275 2654 420 2724 scribere,
444 2671 517 2727 quae
530 2671 581 2727 per
594 2650 672 2708 bunc
685 2650 861 2727 Martyrcm,
879 2651 910 2706 id
922 2661 982 2721 est,
997 2654 1228 2730 gloriosissimum

213 2735 408 2813 Stephanum,
422 2735 500 2792 facta
512 2746 583 2792 sunt
595 2737 627 2792 iu
641 2735 755 2792 colonia
767 2733 946 2805 Calamensi,
961 2745 991 2790 et
1006 2738 1038 2792 in
1054 2748 1169 2808 nostra,
1180 2739 1228 2810 pln-

211 2823 280 2877 rimi
297 2820 473 2877 conficiendi
490 2829 558 2876 sunt
575 2820 661 2876 libri:
688 2838 742 2874 nec
756 2828 853 2875 tamen
867 2819 964 2874 omnia
978 2822 1084 2900 colligi
1096 2831 1226 2897 poterunt.

211 2904 262 2960 sed
276 2913 389 2960 tantum
402 2903 436 2958 de
449 2903 552 2978 quibus
565 2904 656 2960 libelli
670 2903 730 2959 dati
743 2912 827 2973 sunt,
855 2904 906 2977 qui
923 2903 1128 2962 recitarentur
1144 2908 1172 2962 in
1189 2923 1225 2976 pc

211 2989 295 3060 pulis.
315 2985 348 3041 ld
361 3003 483 3060 namque
496 2985 561 3041 fieri
573 2988 728 3058 voluimus,
742 3005 828 3062 quum
841 2985 1006 3043 videremus
1018 2991 1151 3064 antiquis
1162 2990 1224 3043 sini-

211 3073 249 3126 lia
261 3068 425 3125 divinarum
438 3069 523 3146 signa
536 3069 677 3126 virtutum
691 3074 778 3128 etiam
791 3071 899 3126 nostris
913 3072 1095 3144 temporibus
1106 3073 1224 3147 frequen-

211 3154 283 3226 tari,
308 3161 338 3210 ιι
354 3171 388 3208 ca
404 3171 464 3208 non
483 3151 587 3214 debere
605 3156 761 3212 multorum
779 3156 901 3210 notitiae
921 3153 1064 3228 deperire.
1110 3155 1222 3213 Nondmr

211 3249 257 3295 est
272 3247 368 3294 autem
380 3235 541 3309 biennium,
556 3256 593 3294 ex
608 3257 665 3314 quo
678 3237 754 3315 apud
764 3235 926 3312 Hipponem
939 3240 1056 3315 regium
1071 3237 1166 3315 cbepit
1177 3257 1224 3294 csse

211 3325 268 3380 ista
281 3321 436 3392 Memoria,
450 3331 479 3378 ιι
491 3324 608 3393 multis,
623 3323 699 3397 quod
714 3323 797 3378 nobis
812 3323 1007 3378 certissimum
1020 3333 1079 3393 cst,
1093 3323 1224 3380 nondam

211 3409 331 3478 libellis,
346 3405 381 3462 de
394 3407 431 3462 iia
445 3423 519 3481 quac
533 3407 704 3462 mirabiliter
717 3405 796 3462 lacta
809 3415 893 3476 sunt,
907 3407 951 3460 illi
964 3407 1021 3478 ipsi
1033 3408 1088 3481 qui
1102 3407 1160 3463 dati
1172 3420 1224 3462 ιιιιι

211 3491 248 3547 ad
260 3491 447 3567 septuaginta
460 3487 551 3546 ferme
565 3507 717 3546 numerum
729 3499 940 3564 pervenerant,
966 3489 1087 3563 quando
1100 3493 1158 3548 ista
1169 3509 1222 3546 eoc-

211 3576 324 3648 scripsi.
364 3571 498 3630 Calarnae
511 3593 596 3644 vero,
621 3573 671 3629 ubi
687 3574 795 3647 etipsa
807 3571 946 3630 Memoria
959 3573 1040 3647 prius
1058 3592 1125 3630 esse
1137 3577 1221 3651 coepit.

213 3666 241 3712 et
256 3658 385 3712 crebrius
399 3655 522 3728 dantur,
540 3656 757 3732 incomparabili
769 3655 954 3712 multitudine
967 3667 1119 3731 superant.

272 3737 356 3792 Vaali
369 3740 472 3810 etiam,
486 3758 559 3814 quae
573 3739 796 3796 colonithieae
807 3741 904 3796 vicine
918 3749 973 3811 est,
985 3741 1078 3796 multa
1092 3745 1221 3816 praeclara

211 3837 266 3892 per
289 3819 412 3874 eundem
434 3821 592 3898 Martyrem
614 3822 693 3878 facta
716 3824 922 3901 eognovimus:
948 3824 1032 3880 cuius
1043 3823 1087 3880 ibi
1100 3825 1221 3882 Mentoris

211 3903 298 3980 louge
309 3904 391 3976 prius
405 3921 490 3977 quam
505 3906 579 3980 apud
594 3913 665 3978 nos,
680 3906 715 3961 ab
728 3905 872 3982 Episcopo
883 3905 996 3962 Evodio
1011 3909 1168 3964 constituta
1182 3925 1216 3964 ιιι

471 3989 483 4016 0
