2602 4416
284 201 349 262 DE
378 187 595 262 clvlradr:
622 204 701 266 DEl
728 209 810 271 LlB.
836 212 860 272 l.
1046 223 1085 282 sl

47 360 140 415 lotura
161 364 314 429 peecata,
337 351 404 412 eum
423 357 522 412 omnia
541 365 612 414 sunt
630 355 728 416 deleta
746 366 914 435 praeterita.
959 367 1088 435 Quodsi

46 449 135 497 morte
151 446 329 512 spontanea
344 446 427 494 recte
440 437 490 509 fit,
517 457 572 494 cur
589 457 651 496 non
664 450 736 500 tunc
754 447 939 517 potissimum
951 446 1004 508 fitt
1027 452 1088 510 Cur

46 524 218 596 baptizatus
234 521 295 578 sibi
308 521 436 596 quisque
451 518 565 595 perciti
587 521 648 580 Cur
660 525 817 586 liberatum
830 540 919 604 capnt
929 540 975 588 tot
983 551 1087 593 rursus

43 609 117 662 ritae
131 603 230 660 huius
244 605 391 677 periculis
406 605 529 678 inserit,
556 625 624 663 cum
640 609 680 664 sit
698 609 856 668 facillimae
873 618 1029 686 potestatis
1049 620 1087 674 il-

42 693 97 744 lato
110 688 171 744 sibi
186 705 265 743 neca
280 688 382 742 omnia
396 686 542 760 devitare,
568 691 769 767 scriptumque
782 696 835 750 sit:
869 693 932 765 Qut
943 709 1089 776 antarpo-

41 771 184 840 rr'calum,
212 771 327 828 incidit
344 771 377 827 ιἰι
397 769 490 828 illud?
516 770 577 829 Cur
590 791 661 850 ergo
680 785 817 834 amantur
833 785 880 835 tot
895 788 925 836 et
938 787 1022 836 tanta
1034 799 1086 855 pe·

43 857 163 926 ricula,
205 855 259 910 vel
279 861 363 910 certo
382 855 576 912 etiamsinon
595 865 748 931 amentur,
774 862 993 934 suscipiuntur,
1021 883 1088 921 cum

42 946 140 994 manet
158 937 194 994 in
217 934 276 992 hac
295 937 374 1005 rita,
402 937 452 992 cui
469 937 627 996 abscedere
641 941 755 1000 licitum
776 939 839 998 esti
873 945 920 1002 An
935 963 1009 1002 vero
1027 957 1087 1003 tam

41 1023 153 1082 insulsa
171 1019 363 1092 perversitas
382 1036 436 1075 cor
456 1023 580 1092 evertit,
612 1030 643 1078 et
660 1041 677 1078 ι
696 1024 934 1086 consideratione
950 1031 1086 1086 veritatis

42 1104 164 1174 evertit,
195 1111 235 1158 ut
254 1103 282 1156 si
301 1119 334 1158 se
352 1103 480 1176 quisquc
498 1104 671 1162 interimere
694 1105 795 1179 debet,
824 1127 863 1166 ne
880 1111 971 1168 unius
992 1113 1085 1186 capti-

42 1187 138 1242 vantis
152 1184 316 1242 dominatu
331 1194 454 1242 corruat
466 1186 497 1242 in
510 1195 674 1260 peceatum,
687 1190 847 1248 vivendum
860 1193 917 1248 sibi
926 1195 1085 1264 existimet,

43 1278 73 1324 ut
89 1270 189 1341 ipsum
201 1266 343 1341 perferat
354 1266 497 1327 mundum
508 1285 562 1343 per
575 1287 678 1326 omnes
690 1269 780 1328 boras
793 1275 1007 1331 tentationibus
1025 1278 1087 1348 ple·

45 1370 121 1420 num,
145 1359 178 1406 et
189 1350 307 1407 talibus
321 1351 425 1424 quales
439 1351 492 1407 sub
505 1369 568 1408 uno
582 1351 701 1408 domino
715 1353 931 1426 formidantur,
953 1365 984 1412 et
996 1357 1086 1413 innu-

45 1434 232 1502 merabilibus
252 1433 366 1488 ceteris
385 1433 451 1488 sine
469 1434 576 1507 quibus
596 1432 669 1489 baec
685 1437 747 1492 rita
766 1454 827 1492 non
847 1434 986 1494 ducitur?
1009 1438 1087 1506 Quid

47 1517 138 1591 igitur
152 1532 260 1572 causae
274 1524 340 1585 est,
363 1531 418 1570 our
436 1516 468 1570 in
486 1517 529 1572 cis
549 1514 806 1574 exhortationibus
823 1527 956 1593 tempora
976 1539 1085 1579 consu·

47 1615 165 1670 mamus,
179 1598 292 1674 quibus
306 1594 471 1672 baptizatos
485 1598 661 1673 alloquendo
675 1599 826 1658 studemus
834 1602 1007 1675 accendere,
1022 1606 1085 1662 rive

46 1679 78 1736 ad
95 1682 280 1759 virginalem
299 1681 520 1756 integritatem,
542 1681 607 1738 sive
630 1681 668 1738 ad
690 1684 905 1742 continentiam
927 1685 1086 1756 vidualem,

45 1766 100 1820 sive
113 1764 151 1820 ad
164 1766 265 1839 ipsam
285 1760 367 1818 thori
387 1763 553 1840 coniugalis
566 1761 669 1836 fidem,
688 1783 757 1822 cum
773 1763 932 1824 habeamus
950 1770 1085 1841 meliora,

47 1857 71 1902 et
81 1847 116 1902 ab
131 1847 278 1904 omnibus
296 1844 444 1919 peccandi
459 1847 601 1918 periculis
618 1855 733 1904 remota
752 1849 940 1923 compendia,
966 1861 1002 1908 ut
1018 1853 1086 1928 qui·

43 1928 217 2006 buscunque
234 1937 308 2003 post
323 1929 530 1986 remissionem
549 1931 782 1989 recentissimam
799 1941 991 2004 pennatorum
1008 1935 1085 1990 arri·

43 2013 176 2087 piendam
188 2020 333 2082 mortem,
359 2011 476 2086 sibique
490 2011 685 2090 ingerendam
697 2012 876 2086 persuadere
888 2017 1085 2088 potuerimus,

45 2114 88 2151 eos
101 2095 138 2153 ad
152 2095 316 2152 dominum
330 2095 465 2151 saniores
479 2096 642 2170 puriorque
656 2091 827 2152 mittamusi
853 2095 947 2154 Porro
962 2099 989 2154 si
1002 2098 1085 2171 quis·

46 2181 102 2253 quis
115 2178 176 2236 boc
194 2175 438 2256 aggrediendum
451 2185 482 2232 et
493 2177 676 2234 suadendum
690 2187 786 2251 putat,
812 2197 874 2236 non
887 2177 954 2236 dico
967 2178 1085 2254 desipit,

46 2261 89 2317 scd
101 2263 241 2333 insanit3
271 2277 331 2336 qua
343 2257 464 2316 tandem
475 2257 574 2316 fronte
588 2257 702 2318 bomini
716 2260 801 2320 dicit:
827 2259 966 2320 lnterfice
978 2271 1019 2334 te,
1046 2281 1084 2320 ne

46 2347 134 2415 parvis
155 2346 224 2402 tuis
245 2343 380 2416 peccatis
401 2341 523 2400 adiicias
543 2345 683 2420 gravius,
709 2343 777 2402 dum
796 2345 874 2402 viris
892 2346 946 2402 sub
965 2345 1084 2402 domino

46 2425 169 2484 barbaris
184 2425 326 2484 moribus
340 2423 506 2499 impudioo;
529 2427 657 2500 quinon
674 2435 773 2502 potest
785 2429 844 2484 nisi
859 2429 1086 2486 sceleratissima

47 2508 150 2568 dicere:
176 2506 383 2578 interiecto,
410 2509 540 2579 peccatis
555 2510 616 2564 tuis
632 2509 767 2566 omnibus
781 2509 943 2580 absolutio,
966 2528 1005 2566 nc
1018 2527 1086 2564 rur-

47 2595 175 2650 sustollo
188 2593 240 2650 rel
255 2592 347 2646 etiam
360 2591 462 2662 peiora
475 2591 652 2660 committes,
680 2589 750 2646 dum
771 2593 847 2648 vivis
861 2588 1015 2644 inmundo
1039 2597 1085 2644 tot

47 2677 164 2748 inpuris
187 2673 397 2746 voluptatibus
421 2673 614 2741 illecebroso,
638 2679 686 2726 tot
703 2669 840 2726 nefandis
859 2669 1086 2726 crudelitatibus

47 2757 173 2828 furioso,
199 2765 244 2812 tot
257 2755 415 2812 erroribus
437 2764 467 2810 et
483 2753 649 2810 terroribus
668 2748 809 2810 inimiooi
835 2750 903 2810 Hoc
920 2752 991 2826 quia
1003 2751 1087 2810 nefas

48 2849 95 2895 cst
107 2838 215 2910 dicere,
238 2838 328 2896 nefas
343 2845 390 2892 est
402 2836 536 2911 profecto
550 2855 583 2892 se
597 2835 743 2892 occidere.
785 2834 861 2893 Nam
873 2836 900 2892 si
914 2833 970 2892 boc
983 2843 1087 2910 sponte

47 2922 173 2980 faciendi
195 2923 259 2979 ulla
285 2936 379 2978 causa
401 2921 480 2976 iusta
502 2937 568 2975 esse
595 2929 708 2992 posset,
734 2921 840 2992 procul
865 2918 953 2976 dubio
980 2919 1087 2976 iustior

47 3023 128 3078 quarn
141 3009 204 3064 ista
218 3023 282 3062 non
296 3011 386 3060 esset.
432 3003 508 3068 Quin
521 3019 592 3060 vero
610 3020 666 3060 nec
679 3003 738 3058 ista
751 3011 813 3074 est,
841 3019 912 3080 ergo
930 3003 1012 3058 nulla
1031 3010 1086 3058 est.

384 3150 508 3210 cnP.
549 3149 754 3210 XXVlll.

80 3267 139 3330 Quo
147 3267 253 3322 iudicio
270 3265 328 3320 Dei
342 3267 373 3320 ia
388 3280 503 3334 corporo
519 3263 714 3384 continentium
724 3265 806 3318 libido
821 3263 927 3318 bestilia
938 3277 1052 3330 paccare

471 3349 603 3402 permuta
619 3349 664 3384 ιι.

104 3424 174 3482 Non
201 3427 305 3498 itaque
329 3424 433 3495 vobis,
458 3421 590 3480 ofideles
614 3421 736 3493 Christi,
764 3422 804 3476 sit
827 3420 925 3478 taedio
950 3420 1011 3476 vita
1036 3433 1088 3472 vc-

51 3515 121 3577 stra,
133 3509 160 3564 si
171 3507 305 3564 ludibrio
321 3505 381 3564 fuit
393 3504 527 3563 hostibus
541 3506 662 3560 castitas
676 3512 785 3562 rostra.
814 3501 939 3560 Habetis
952 3513 1088 3573 magnum

49 3607 207 3666 veramque
223 3590 476 3662 consolationem,
495 3589 522 3644 si
534 3587 622 3644 fidam
636 3587 850 3644 conscientiam
862 3581 1010 3649 retinetis,
1029 3596 1090 3636 non

51 3689 102 3727 vos
110 3673 303 3730 consensisse
316 3673 568 3746 peccatiseorum‚
582 3671 634 3743 qui
640 3671 672 3724 in
678 3685 863 3742 vospeccarc
867 3662 1004 3740 permissi
1011 3671 1090 3718 sunt.

52 3754 163 3822 *Quod
190 3757 218 3810 si
245 3754 337 3825 sorte,
364 3771 419 3809 eur
443 3753 579 3827 permissi
606 3753 678 3820 rint,
704 3751 858 3826 quaeritis,
885 3748 944 3802 alta
970 3743 1089 3818 quidem

55 3846 95 3890 ert
106 3836 296 3910 providentia
310 3834 463 3894 creatoris
481 3833 584 3892 mundi
601 3841 690 3907 atque
712 3831 867 3899 Rectoris,
894 3835 924 3882 et
937 3829 1089 3884 inscruta-
