2590 4396
208 263 249 321 88
437 253 535 312 DlVl
557 247 747 310 AVRELll
768 245 1024 306 AVGVSTlNl

209 410 320 469 ridibus
334 409 426 480 datis,
454 406 564 464 caeteri
583 401 697 459 ιιιίιιιί
711 401 800 458 armis
815 401 938 476 aliisque
951 401 1067 476 spoliati
1079 404 1241 479 privatique

208 494 407 574 tegminibus,
431 491 484 547 sub
498 492 600 566 iugum
612 483 742 540 hostium
755 503 822 541 eum
833 486 1019 542 vestimentis
1036 487 1160 564 singulis
1173 488 1242 544 mit·

208 573 367 636 terenturl
410 573 464 630 Vel
477 570 591 648 qnando
604 569 689 646 gravi
712 570 882 643 pestilentia
896 571 1021 624 cacteris
1042 570 1243 628 laborantibus

207 663 293 720 multi
306 663 395 717 ctiam
407 659 439 714 in
453 655 586 711 exercitu
612 653 667 708 icti
690 651 813 710 fulmine
838 648 1013 728 perieruntl
1056 650 1110 710 Vel
1128 652 1244 730 quarrdo

207 749 280 804 item
292 745 350 801 alia
362 738 542 798 intolerabili
555 737 725 811 pestilentia
734 735 940 812 Aesculapium
953 736 987 793 ab
997 735 1145 811 Epidauro
1160 736 1244 812 quasi

208 829 352 886 medicum
366 823 452 879 deum
465 819 558 878 Roma
571 819 715 877 advocare
740 829 828 896 atque
854 818 991 876 adhibere
1018 823 1168 896 compulsa
1183 829 1244 875 est:

208 911 345 986 qnoniam
357 925 459 984 regem
472 905 603 962 omnium
615 902 731 975 lovem,
757 905 808 979 qui
823 905 882 960 iam
896 903 945 959 diu
958 905 990 961 in
1003 903 1146 980 Capitolio
1161 901 1245 958 sede-

207 995 274 1062 bat,
301 992 392 1046 multa
406 999 508 1065 stupra
521 987 627 1063 quibus
642 987 813 1044 adolescens
827 995 1000 1059 vacaverat,
1026 1005 1086 1044 non
1103 987 1246 1063 permisc-

206 1083 275 1131 rant
287 1073 414 1129 fortassc
428 1072 543 1128 discere
555 1067 753 1127 medicinam?
789 1068 844 1126 Vel
857 1089 923 1126 cum
936 1071 1171 1145 conspirantibus
1185 1089 1248 1126 uno

206 1169 339 1232 tempore
364 1155 498 1212 hostibus
512 1154 656 1225 Lucanis,
684 1152 810 1224 Brutiis,
837 1151 1034 1226 Samnitibus,
1060 1153 1197 1210 Etruscis
1218 1162 1249 1208 et

208 1240 377 1299 Senonibus
392 1239 497 1312 Gallis,
511 1240 605 1312 primo
618 1239 653 1295 ab
667 1238 709 1293 eia
722 1239 816 1315 legati
828 1237 952 1312 peremti
967 1245 1048 1307 sunt,
1062 1237 1167 1292 deinde
1182 1255 1250 1292 eum

210 1333 348 1400 praetore
360 1341 518 1400 oppressus
533 1323 698 1392 exercitus,
712 1330 826 1395 septem
837 1320 965 1377 tribunis
980 1337 1047 1376 etun
1055 1321 1106 1375 illo
1119 1338 1250 1394 pereun-

209 1410 308 1480 tibus,
336 1417 366 1464 et
378 1409 504 1464 militum
516 1406 659 1464 tredecim
671 1399 821 1462 millibusi
864 1401 920 1458 Vel
931 1402 1046 1478 quando
1060 1411 1126 1477 post
1139 1420 1252 1480 graves

210 1502 241 1548 et
252 1495 357 1570 longas
369 1489 480 1548 Romae
506 1490 684 1558 seditiones,
709 1487 814 1562 quibus
833 1485 870 1542 ad
882 1487 1017 1542 ultimum
1028 1487 1109 1561 plebs
1123 1488 1155 1542 in
1168 1483 1250 1542 lani·

210 1577 309 1631 culum
331 1573 433 1629 hostili
447 1572 611 1645 direptione
634 1580 812 1641 secesserat,
836 1568 923 1626 huius
936 1570 1007 1626 mali
1019 1578 1080 1625 tam
1092 1568 1157 1624 dira
1171 1571 1249 1624 cala·

208 1659 296 1713 mitas
311 1664 390 1726 erat,
415 1656 525 1712 ateius
539 1655 584 1710 rei
608 1671 711 1723 causa,
738 1653 816 1728 quod
828 1654 860 1708 in
875 1653 1015 1708 extremis
1028 1653 1168 1728 periculis
1182 1651 1249 1708 lieri

210 1740 332 1810 solebat,
345 1739 470 1794 dictator
481 1744 633 1794 crearetur
638 1733 829 1808 Hortenius,
840 1737 901 1811 qui,
910 1735 993 1810 plebe
1001 1745 1149 1808 revocata,
1159 1737 1190 1792 in
1198 1755 1249 1793 eo-

210 1823 274 1878 dem
286 1823 463 1898 magistratu
477 1821 649 1894 exspiravit,
660 1817 738 1894 quod
751 1820 826 1876 nulli
839 1819 976 1875 dictatori
990 1828 1059 1875 ante
1073 1821 1248 1898 contigerat,

210 1917 241 1962 et
254 1905 332 1980 quod
345 1905 403 1960 illis
419 1904 475 1960 diis
488 1905 548 1960 iam
557 1910 714 1978 praesente
732 1902 907 1976 Aesculapio
925 1904 1045 1980 gravius
1057 1905 1169 1961 crimen
1184 1903 1249 1960 fuit.

273 1987 351 2045 Tum
363 2006 435 2045 vcro
448 1996 509 2044 tam
527 1988 619 2042 multa
640 1986 717 2042 bella
739 1985 845 2060 ubique
869 1986 1081 2056 crebruerunt,
1107 1995 1140 2043 ut
1152 1989 1249 2062 inopia

209 2073 337 2129 militum
359 2073 512 2146 proletarii
537 2071 598 2142 illi,
624 2070 676 2145 qui
690 2087 724 2126 eo
739 2069 816 2144 quod
825 2071 902 2144 proli
915 2069 1084 2148 gignendae
1095 2070 1249 2143 vacabant,

211 2158 246 2213 ob
262 2165 424 2234 egestatem
441 2157 569 2211 militare
585 2171 646 2210 non
671 2153 822 2224 valentes,
848 2151 904 2210 hoc
929 2171 1038 2210 nomen
1065 2164 1250 2230 acceperant,

213 2241 336 2295 militiae
355 2240 622 2296 conscriberentur.
666 2236 786 2292 Accitus
801 2237 889 2292 etiam
903 2254 920 2292 a
933 2234 1107 2294 Tarentinis
1120 2236 1250 2313 Pyrrhus

210 2341 266 2378 rex
281 2322 442 2393 Graeciae,
456 2331 529 2378 tunc
543 2321 660 2398 ingenti
674 2321 769 2396 gloria
784 2321 965 2391 celebratus,
985 2319 1186 2380 Romanorum
1198 2320 1250 2378 ho-

211 2408 266 2466 stis
280 2402 400 2460 effeetus
415 2413 469 2460 cst.
514 2402 569 2461 cui
583 2421 655 2460 sane
668 2402 704 2458 de
717 2421 817 2460 rerum
830 2403 931 2462 futuro
949 2413 1058 2460 eventu
1073 2407 1251 2478 consulenti,

212 2489 284 2545 satis
298 2489 410 2544 urbane
423 2489 525 2562 Apollo
539 2488 582 2542 sic
597 2487 765 2564 ambiguum
778 2490 928 2544 oraculum
942 2486 1049 2558 edidit,
1062 2497 1097 2544 ut
1109 2507 1126 2544 c
1139 2487 1251 2546 duobus

212 2571 352 2648 quicquid
365 2571 537 2642 accidisset,
564 2572 627 2646 ipsc
641 2569 760 2628 divinus
774 2568 941 2628 haberetur.
983 2571 1034 2628 Ait
1051 2573 1149 2628 enim:
1176 2571 1251 2630 Dico

211 2666 257 2726 te,
284 2653 412 2732 Pyrrhe,
436 2655 558 2712 vincere
580 2671 667 2728 posse
681 2653 839 2712 Romanos.
881 2653 977 2729 Atque
989 2655 1032 2710 ita
1045 2657 1108 2712 siva
1121 2654 1252 2731 Pyrrhus

212 2759 230 2795 a
242 2738 383 2796 Romanis
397 2740 461 2796 sive
475 2737 602 2794 Romani
615 2756 632 2792 a
644 2735 758 2814 Pyrrho
771 2740 981 2810 vincerentur,
1009 2755 1131 2796 securus
1150 2738 1252 2796 fatidi-

213 2841 265 2878 cus
280 2822 453 2877 utrumlibet
466 2829 652 2895 exspectaret
667 2829 815 2878 eventum.
859 2823 942 2888 Quae
954 2831 1026 2878 tunc
1039 2831 1070 2878 ct
1083 2841 1171 2897 quam
1182 2819 1252 2878 hor·

211 2904 305 2959 renda
317 2905 474 2979 utriusque
488 2905 638 2960 exercitus
654 2901 774 2960 cladesi
802 2903 836 2961 ln
846 2923 904 2980 qua
914 2914 1014 2962 tamen
1028 2905 1163 2978 superior
1176 2903 1253 2980 Pyr-

212 2986 283 3042 rhus
299 2987 430 3057 exstitit,
454 2995 488 3042 ut
499 2988 559 3042 iam
571 2997 674 3061 posset
686 2988 852 3062 Apollinem
865 3006 918 3060 pro
933 3006 987 3046 suo
1001 2989 1152 3046 intellectu
1165 3007 1253 3063 prae-

198 3070 312 3125 dicare
328 3068 478 3142 divinum3
505 3071 564 3125 nisi
577 3072 710 3144 proxime
724 3072 782 3128 alio
795 3073 907 3146 proelio
920 3069 1047 3130 Romani
1059 3071 1254 3128 abscederent

212 3153 390 3227 superiores.
433 3153 529 3229 Atque
543 3155 575 3209 in
588 3162 673 3209 tanta
687 3162 787 3231 strage
800 3153 944 3211 bellorum
971 3156 1061 3212 etiam
1082 3156 1253 3228 pestilentia

212 3237 312 3313 gravis
338 3245 442 3292 exorta
456 3245 502 3292 est
526 3237 692 3292 mulierum.
735 3236 812 3294 Nam
823 3238 994 3312 priusquam
1007 3248 1137 3295 maturos
1149 3248 1253 3314 partus

212 3319 349 3390 ederent,
373 3317 514 3398 gravidae
532 3318 742 3375 moriebantur.
787 3318 842 3376 Vbi
856 3339 905 3392 sa,
931 3319 1034 3392 credo,
1061 3321 1253 3397 Aesculapius

212 3403 385 3474 excusabat,
413 3403 489 3478 quod
514 3400 708 3473 archiatrum,
746 3422 808 3461 non
834 3404 1024 3460 obstetricem
1049 3403 1252 3479 profitebatur.

209 3485 342 3542 Pecudos
357 3503 473 3561 quoque
498 3486 635 3540 siruiliter
663 3485 841 3558 interibant,
867 3488 910 3542 ita
926 3496 960 3543 ut
985 3489 1045 3544 iam
1069 3487 1252 3544 defecturum

210 3587 304 3646 genus
320 3568 490 3626 animalium
505 3566 685 3623 crederetur.
713 3568 789 3636 Quid
802 3568 903 3645 hyems
918 3570 970 3626 illa
982 3571 1180 3627 memorabilis
1193 3581 1252 3627 tam

209 3651 377 3708 incredibili
390 3651 572 3706 munanitato
586 3651 739 3722 saeviens,
755 3661 788 3708 ut
801 3652 919 3710 nivibus
932 3651 1080 3710 horrenda
1094 3654 1253 3712 altitudine

209 3735 298 3788 otiam
311 3735 343 3789 in
356 3733 422 3790 foro
435 3750 489 3806 per
501 3732 564 3788 dies
579 3731 775 3810 quadraginta
787 3737 989 3807 manentibus,
1003 3735 1121 3794 Tiberis
1137 3755 1254 3813 quoque

209 3816 306 3892 glacie
318 3813 495 3886 duraretur,
524 3816 550 3870 si
568 3817 689 3872 nostris-
707 3817 887 3892 temporibus
913 3819 1085 3891 accidisset,
1112 3838 1187 3894 quae
1202 3823 1253 3877 isti

210 3907 240 3956 ct
253 3906 364 3973 quanta
377 3893 545 3956 dixissent?
563 3899 640 3965 Quid
653 3899 703 3954 illa
717 3899 820 3958 itidem
833 3901 940 3980 ingens
955 3903 1134 3978 pestilentia,
1149 3921 1252 3980 quam-
