2592 4396
251 187 310 246 DE
338 185 551 246 CIVITATE
576 186 654 246 DEI
682 188 761 246 nin
783 191 860 249 x11.
1005 195 1063 254 ³²1

39 354 172 416 temporo
184 338 347 411 ductisunt,
372 348 470 396 utrum
481 357 593 414 semper
602 341 753 415 potuerint
763 359 827 398 esse
840 345 891 418 qui
901 341 1065 405 saeuiunt

41 424 96 484 His
109 421 347 497 respondendum
359 422 433 482 forte
446 423 597 498 videatur,¹
619 424 766 502 Quomodo
776 443 840 484 ¹non
853 445 985 501 semper,
1001 447 1066 489 oum

39 509 70 566 id
83 506 164 584 qnod
177 515 225 562 est
238 509 475 582 omnitempore,
494 526 555 564 non
568 509 810 570 inconvenienter
821 528 933 584 semper
946 529 1009 570 esso
1022 513 1066 568 di·

38 587 143 650 eeturi
170 587 270 668 Vsque
282 589 354 649 odeo
367 600 463 649 sutem
475 593 526 648 isti
539 593 619 650 omni
631 601 759 670 tempore
770 593 908 665 fuerunt,
935 603 966 650 ut
980 596 1067 654 etium

36 686 106 734 ente
130 675 232 742 omnio
254 683 384 748 tempore
404 673 474 732 faeti
495 677 570 733 sint:
595 677 620 732 si
638 685 735 734 tomen
754 696 772 736 o
789 679 869 736 eoelo
884 687 985 754 eoepts
998 688 1067 739 sunt

36 772 181 834 temporo,
196 766 227 812 et
236 759 348 818 illiium
362 769 445 818 erent
457 769 526 818 ente
540 761 658 819 eoelum.
677 761 715 818 At
728 762 755 821 si
766 771 880 837 tempus
893 781 954 822 nou
967 780 984 822 s
999 781 1067 818 eoo-

36 847 84 915 lo,
97 861 202 900 verum
216 851 246 900 et
258 851 327 902 onte
339 844 450 902 eoelum
468 844 539 916 fuit3
562 862 623 902 non
636 844 750 919 quidem
761 847 794 906 iu
806 844 897 916 horis,
911 855 941 912 et
954 845 1066 918 diebus,

37 925 258 998 etenensibus,¹
275 935 306 986 et
324 928 425 997 annis3
450 920 533 1008 (num
549 929 625 986 istae
644 927 840 989 dimensiones
863 931 1066 1008 temporalium

36 1013 219 1087 spetiosum,
244 1027 319 1084 quuo
332 1011 437 1070 usitate
451 1029 485 1068 so
495 1013 611 1086 proprie
624 1011 758 1072 diduntur
770 1022 917 1086 temporo,
942 1013 1066 1076 monife·

36 1108 114 1154 stum
127 1092 267 1168 estquod
286 1103 394 1154 unootu
411 1093 540 1154 siderum
560 1097 724 1169 coeperint3
748 1096 826 1156 unde
839 1107 869 1156 et
880 1097 978 1168 Deus,
1001 1117 1067 1157 oum

34 1179 109 1238 haee
122 1179 312 1249 institueret,
335 1177 426 1249 dixit,
452 1177 495 1238 Et
508 1181 571 1238 sint
583 1181 613 1238 in
627 1181 731 1254 sigua,
744 1190 774 1236 et
786 1181 817 1240 is
831 1191 980 1258 temporo,
994 1192 1023 1240 et
1036 1183 1067 1240 is

36 1266 117 1334 dies,
141 1271 172 1320 et
185 1263 216 1320 iu
229 1257 358 1337 anuos.·)
385 1261 435 1320 sed
455 1263 487 1320 in
510 1263 606 1336 sliquo
625 1263 757 1322 mutabili
773 1272 867 1332 motu,
894 1265 977 1342 ouius
990 1263 1068 1326 eliud

35 1349 134 1424 prius,
148 1344 227 1404 uliud
240 1346 385 1418 posterius
398 1346 600 1418 praeterierit,
614 1363 649 1404 eo
663 1345 739 1420 quod
751 1347 838 1406 simul
851 1363 915 1404 esso
928 1341 988 1408 ndu
1001 1363 1066 1421 pos·

35 1438 126 1490 sunt:
139 1429 167 1482 si
178 1446 245 1505 ergo
259 1437 327 1487 onte
341 1429 453 1490 eoelum
465 1430 497 1487 in
511 1429 652 1506 engoliois
666 1429 791 1490 motibus
805 1430 864 1490 tale
877 1429 987 1506 aliquid
1000 1429 1067 1501 fnit,

34 1524 68 1570 et
80 1511 151 1570 ideo
165 1521 273 1586 tempus
287 1512 345 1570 ism
358 1511 429 1583 fuit,
443 1521 530 1587 utque
542 1514 641 1590 angeli
655 1530 692 1571 ex
704 1531 761 1588 quo
773 1514 844 1574 neti
858 1523 941 1586 sunt,
956 1523 1067 1588 tempo-

32 1598 143 1657 raliter
155 1595 359 1662 mensunusum
386 1597 473 1658 etium
488 1597 529 1654 sie
548 1597 626 1658 omni
644 1606 773 1672 tompore
791 1597 925 1669 fuerunt,
952 1597 1067 1674 quondo

33 1679 304 1758 quidemoumillis
317 1678 476 1742 factasunt
492 1689 631 1754 tempore.
676 1682 747 1748 Quis
769 1691 865 1742 autem
887 1681 982 1754 meet,
1006 1701 1066 1739 non

35 1780 154 1840 semper
169 1763 241 1833 fuit,
258 1762 335 1837 quod
348 1765 427 1824 omni
440 1773 568 1838 tempore
582 1761 656 1825 mitt

100 1847 163 1906 Sed
181 1848 209 1902 si
225 1843 281 1905 hoe
298 1847 492 1920 respondero,
518 1847 629 1908 dicetur
647 1847 733 1920 mihi3
759 1850 908 1928 Quomodo
921 1870 992 1930 ergo
1006 1869 1067 1910 non

34 1943 107 1993 sunt
117 1931 270 1994 coaeterni
276 1927 418 2002 Creatori,
430 1933 455 1988 si
464 1949 577 2005 sempor
587 1933 649 2004 ille,
660 1953 773 2010 semper
782 1935 827 1996 illi
836 1931 973 1994 suerunti
988 1935 1066 2002 Quo-

32 2017 123 2074 modo
138 2017 228 2072 etiem
241 2015 333 2074 orsuti
345 2013 459 2086 dioendi
472 2024 556 2085 sunt,
577 2017 603 2072 si
617 2035 729 2090 semper
741 2017 832 2078 fuisso
844 2013 1067 2094 intelligunturt

32 2102 79 2159 Ao
98 2100 157 2158 hoe
176 2097 247 2173 qnid
264 2094 503 2171 respondebitur?
537 2098 583 2162 Au
596 2097 750 2162 dicendum
764 2109 822 2170 ost,
850 2109 879 2156 et
891 2119 1004 2174 semper
1018 2117 1068 2160 sos

32 2187 147 2254 fuisse,
167 2183 305 2258 quonism
319 2177 542 2256 omnitempore
555 2181 689 2254 morunt,
713 2183 764 2257 qui
778 2202 844 2244 eum
856 2192 985 2264 tempore
998 2183 1069 2244 faeti

33 2279 125 2337 sunt,
151 2274 202 2324 out
223 2283 289 2322 eum
308 2263 410 2340 quibus
431 2274 561 2340 tempore
580 2265 658 2328 fecte
670 2275 756 2339 suut,
783 2276 922 2328 ettennon
936 2261 1068 2328 orestosi
1097 2299 1099 2302 ·

33 2352 144 2426 Neque
157 2351 236 2407 enim
249 2357 279 2406 et
296 2349 359 2422 ipso
377 2357 509 2424 temporo
527 2359 625 2408 ornate
643 2369 707 2413 esse
726 2351 913 2434 negabimus,
938 2353 1068 2426 quumvis

32 2437 264 2507 omnitempore
278 2431 369 2491 fuisse
383 2453 467 2490 nomo
481 2434 616 2511 ambiget.
645 2434 720 2496 Num
733 2436 760 2490 si
773 2455 833 2500 non
846 2437 1069 2508 omnitempore

32 2521 91 2578 fuit
104 2528 237 2591 tempus,
265 2524 327 2574 eret
340 2534 410 2594 ergo
424 2525 554 2588 tempus,
581 2516 695 2591 quondo
720 2519 831 2578 nullum
853 2527 916 2578 onst
937 2512 1068 2590 tempusi

34 2605 110 2670 Quis
133 2600 192 2660 hoo
217 2599 406 2657 stultissimus
430 2595 554 2660 dixeritt
576 2599 731 2662 Possumus
756 2601 834 2659 enim
856 2609 937 2659 reete
956 2597 1068 2660 diceret

30 2686 111 2744 Erat
121 2695 248 2759 tempus,
263 2681 376 2758 quondo
391 2701 452 2742 non
466 2692 529 2740 erat
541 2681 648 2754 Romn3
663 2692 726 2742 eret
738 2691 865 2758 tempus,
879 2679 994 2757 quondo
1009 2701 1069 2743 non

33 2780 102 2828 eret
114 2768 318 2838 Hierusalem
341 2775 405 2825 erat
418 2776 546 2841 tempus,
560 2765 674 2842 quondo
688 2786 747 2830 uon
761 2776 824 2826 erut
834 2763 993 2837 Abrohom
1006 2775 1069 2829 eost

31 2867 171 2927 tempus,
184 2849 298 2927 quando
314 2869 373 2909 non
386 2860 449 2909 eret
460 2849 564 2924 homo,
590 2860 620 2909 et
633 2851 659 2908 si
671 2850 740 2927 quid
752 2849 929 2913 huiusmodi:
954 2857 1068 2924 postre-

31 2956 86 2994 mo
101 2937 128 2992 si
138 2953 199 2991 non
214 2953 283 2990 eum
296 2934 380 2993 initio
394 2930 563 3009 temporis,'
577 2934 628 2998 sed
639 2944 706 3011 post
718 2934 835 3011 aliquod
848 2945 960 3009 tempus
973 2933 1068 2994 fuotus

32 3030 83 3083 est
95 3018 241 3090 mundum
268 3035 419 3091 possumus
433 3017 547 3091 dicere,
573 3017 646 3084 Eunt
658 3029 785 3096 tempus,
804 3017 918 3096 quondo
932 3037 991 3082 non
1005 3027 1069 3079 eret

30 3103 173 3160 mundus.
215 3101 354 3172 nituere,
377 3099 450 3160 Erat
462 3111 591 3177 tempus,
619 3103 858 3178 quandonullnm
871 3111 933 3168 erat
945 3112 1068 3175 tempus,

31 3198 96 3246 tem
108 3185 358 3247 inconvenienter
371 3183 507 3258 dicimus,
520 3205 554 3248 uo
566 3189 592 3250 si
605 3190 757 3264 quisquam
770 3188 863 3258 diost,
888 3186 961 3250 Erat
971 3184 1069 3256 homo,

31 3270 156 3346 quondo
171 3269 271 3329 nullus
285 3276 348 3330 eret
359 3266 458 3340 homo;
487 3280 551 3342 out,
574 3281 637 3335 esst
649 3273 705 3336 isto
715 3270 859 3342 mundus,
884 3268 999 3345 quondo
1012 3269 1069 3329 iste

29 3374 97 3414 non
112 3361 180 3412 eret
191 3350 327 3408 mundus.
355 3349 388 3410 Si
402 3354 480 3410 enim
493 3353 527 3410 de
542 3357 600 3418 olio
613 3365 698 3431 utque
712 3355 769 3416 ulio
782 3355 979 3434 intelligetur,
1004 3360 1069 3425 pot·

28 3448 81 3496 est
95 3438 156 3496 diei
170 3434 382 3509 aliquomodo,
408 3433 536 3508 honest,
564 3437 638 3502 Erat
657 3441 731 3498 olins
750 3435 852 3506 homo,
881 3433 996 3510 quando
1010 3451 1070 3489 non

28 3533 99 3580 eret
112 3521 172 3578 hoe
186 3529 316 3592 tempus,
328 3528 408 3575 reete
420 3539 570 3594 possumus
584 3521 696 3578 dicere:
720 3530 846 3588 atvero,
860 3517 933 3580 Erst
945 3525 1070 3586 teinpus,

27 3605 156 3683 quando
172 3604 285 3659 nullum
299 3613 362 3658 eret
374 3611 502 3678 tempus,
528 3607 593 3680 quis
607 3608 654 3663 vel
672 3601 929 3678 insipientissimus
944 3592 1069 3652 dixeriti

26 3691 123 3748 Sicut
136 3705 211 3764 ergo
224 3685 344 3743 dicimus
358 3696 486 3745 ereetum
499 3697 629 3766 tempus,
644 3707 707 3746 oum
721 3687 785 3746 ideo
798 3681 1012 3760 semperviuisse
1026 3679 1069 3736 di-

26 3783 140 3842 catur,
161 3771 231 3845 quio
244 3771 322 3824 omni
335 3777 463 3844 tempore
477 3781 588 3845 tempus
602 3773 672 3852 fuit:
696 3774 737 3827 its
750 3789 809 3826 non
823 3777 866 3824 est
881 3783 1070 3842 consequens,

25 3867 62 3914 ut
78 3856 111 3912 si
124 3871 243 3930 semper
256 3849 373 3909 fuerunt
383 3857 497 3931 angeli,
521 3855 585 3911 ideo
600 3876 659 3914 non
673 3857 734 3912 sint
747 3855 852 3928 urenti,
875 3861 908 3908 ut
919 3859 1071 3930 propterea

365 3938 367 3944 ’
692 3939 716 3996 Α
730 3958 747 3996 e
761 3941 780 3994 2
