2510 4404
196 229 252 286 DE
275 229 477 292 CIVITATE
501 231 576 290 DEI
597 233 674 292 LlB.
695 233 807 290 xxll.
930 233 989 292 379

36 381 198 436 refellendas
211 383 378 440 vanissimos
392 383 522 440 dixerim.
564 383 637 440 Nam
652 385 728 440 lacta
738 401 801 439 esre
812 385 990 439 multamira-

27 467 59 532 la,
73 483 140 538 quae
154 474 358 522 attestarentur
372 468 415 522 illi
429 469 481 523 uni
493 467 596 544 grandi
610 468 927 542 salubriquemiraaulo,
936 485 990 540 quo

27 549 114 601 ristus
127 549 156 602 iu
170 549 278 603 eoelum
291 567 355 604 eum
369 567 455 605 earne
468 552 499 604 in
511 568 567 624 qua
579 552 750 620 resurrexit,
765 547 927 618 adscendit,
941 567 979 602 ne

27 647 59 682 re.
68 647 123 683 non
135 647 292 702 possumus.
306 628 340 686 ln
354 633 461 688 eisdem
474 634 578 708 quippe
591 634 784 688 veracissimis
798 631 879 688 libris
890 639 993 685 cuncta

27 712 141 784 ascripta
153 722 230 783 sunt,
246 723 357 789 atquae
371 716 448 770 facta
461 725 543 784 sunt,
559 725 588 770 et
603 713 807 790 propterquod
823 711 993 770 eredendum

27 803 144 848 rtasunt.
186 793 282 866 Haec,
308 806 340 852 ut
365 797 597 867 fidearlacerent,
625 799 829 868 innotuerunt,
855 795 926 850 baec
943 812 993 868 per

27 896 82 945 em,
105 894 186 950 quam
204 878 351 950 fecerunt,
378 882 467 936 multo
487 882 591 936 elarius
610 881 803 936 innotescunt.
845 877 994 954 Leguntur

27 961 86 1032 ippe
99 960 125 1013 in
138 961 262 1033 populis,
276 962 488 1035 uteredantu13
516 981 569 1018 neo
582 961 613 1018 in
624 963 736 1037 populis
751 971 846 1018 tamen
861 963 918 1016 nisi
932 978 994 1014 ero-

27 1061 45 1096 a
57 1042 225 1118 legerentur.
266 1043 340 1100 Nam
353 1047 438 1102 etiam
452 1065 530 1103 nuno
546 1045 620 1102 fiunt
632 1047 770 1100 mimula
783 1046 813 1099 in
828 1045 890 1098 eius
905 1044 995 1098 nomi-

28 1163 36 1193 ,
62 1126 120 1178 sive
131 1143 181 1198 per
194 1138 373 1183 sacramenta
386 1129 462 1198 eius,
482 1132 543 1185 sive
555 1148 606 1202 per
620 1131 766 1184 orationes
779 1129 827 1182 vel
845 1127 995 1182 aremorias

27 1217 144 1262 totorum
157 1208 234 1278 eius3
259 1209 310 1263 sed
322 1227 381 1266 uon
394 1212 491 1268 eadem
506 1213 636 1268 claritate
650 1212 847 1278 illustrantur,
869 1218 902 1263 ut
914 1217 996 1263 tanta

27 1299 90 1346 anta
102 1291 149 1344 illa
163 1291 256 1366 gloria
270 1289 461 1349 diffamentur.
477 1307 482 1320 ·
504 1293 604 1350 Canon
618 1295 725 1368 quippe
738 1310 885 1349 sacrarum
897 1292 996 1346 litera-

27 1393 60 1440 ιι,
87 1389 166 1446 quem
189 1373 338 1429 delinitum
358 1371 557 1452 [diffamatum]
579 1395 641 1430 esse
665 1365 828 1450 oportebat,
855 1375 906 1428 illa
928 1374 998 1428 lacit

27 1458 88 1529 ique
100 1456 229 1522 recitari,
249 1466 279 1511 et
290 1460 444 1514 memoriae
464 1470 632 1514 cunctorum
646 1456 796 1514 inhaerere
815 1457 996 1530 populorum:

27 1557 53 1594 eo
67 1547 156 1592 autem
172 1537 335 1614 ubieunque
348 1540 480 1612 liunt,ibi
494 1543 625 1598 sciuntur
638 1543 689 1595 rix
702 1560 719 1596 a
732 1550 792 1596 tota
805 1541 867 1614 ipsa
879 1540 998 1594 civitate

27 1625 30 1674 l
45 1637 210 1694 quoeunque
224 1626 464 1679 commanentium
479 1625 555 1680 loco.
598 1623 670 1679 Nam
685 1626 849 1697 plerumque
863 1621 998 1676 atiamibi

27 1704 146 1758 teissimi
158 1705 268 1774 sciunt,
286 1707 487 1781 ignorantibus
501 1709 638 1776 caeteris,
659 1709 783 1761 maxime
801 1701 825 1760 si
843 1721 947 1780 magna
961 1705 999 1757 sit

27 1789 98 1856 itas3
123 1786 274 1860 etquando
286 1787 354 1844 alibi
367 1791 488 1864 aliisque
501 1799 672 1858 narrantur,
692 1807 749 1845 non
767 1796 849 1843 tanta
866 1805 900 1842 ea
919 1804 997 1840 oom-

28 1867 97 1923 ndat
121 1871 288 1936 auctoritas,
314 1881 348 1928 ut
359 1874 422 1928 sine
441 1871 608 1930 difficultate
622 1873 668 1926 rel
683 1872 861 1927 dubitatione
879 1867 998 1925 tredan·

27 1975 38 2022 5
55 1953 182 2028 quamvis
196 1950 367 2010 Christianis
381 1955 511 2010 fidelibus
524 1975 542 2010 a
556 1956 689 2010 fidelibus
703 1953 874 2009 indicentur.

43 2034 211 2090 Miraculum
224 2035 301 2109 qnod
313 2035 468 2092 Mediolani
487 2038 594 2093 factum
614 2046 675 2104 est,
702 2053 765 2090 oum
784 2037 844 2089 illio
861 2049 998 2098 essemus,

27 2117 98 2172 ando
114 2118 292 2174 illuminatus
313 2129 487 2188 estoceaus,
514 2119 550 2173 ad
567 2119 723 2173 multorum
748 2118 880 2171 notitiam
906 2116 999 2186 potuit

27 2201 147 2272 uenire,
173 2201 240 2274 quia
256 2209 285 2254 et
296 2199 413 2276 grandis
426 2213 470 2255 est
481 2202 598 2270 civitas,
617 2209 647 2254 et
660 2198 701 2254 ibi
713 2208 776 2253 erat
792 2207 861 2252 tuno
873 2194 998 2270 impera-

28 2325 36 2355 ,
55 2293 83 2338 ct
98 2286 236 2338 immenso
250 2284 354 2356 populo
368 2291 501 2337 testarer
514 2294 597 2358 gesta
611 2289 666 2350 est,
681 2289 872 2336 concurrente
885 2278 923 2334 ad
935 2296 999 2334 cor-

28 2387 52 2422 ιι
64 2376 222 2440 martyrum
235 2363 360 2420 Protesii
373 2374 402 2419 et
412 2365 562 2421 Gervasii:
589 2383 663 2439 quae
677 2381 740 2419 cum
754 2363 894 2432 laterent,
908 2370 936 2417 et
948 2380 998 2436 pe-

28 2469 59 2504 us
73 2451 270 2516 nescirentur,
285 2450 417 2521 episeopo
431 2447 581 2502 Ambrosio
593 2465 644 2520 per
657 2448 799 2502 somnium
812 2446 940 2502 revelata
952 2463 999 2500 re-

28 2540 167 2600 tasum,
193 2529 242 2584 ubi
262 2549 363 2585 coecus
382 2531 432 2584 ille
457 2531 581 2603 depulsis
603 2531 748 2584 veteribus
773 2530 899 2584 tenebris
925 2527 998 2582 diem

28 2619 61 2676 it.

37 2695 123 2770 Apud
134 2693 337 2769 Carthaginem
351 2703 447 2749 autem
460 2697 524 2769 quis
538 2697 629 2764 novit,
642 2704 755 2767 praeter
768 2693 916 2750 admodum
930 2711 999 2766 pau-

28 2783 128 2848 timos,
150 2779 285 2846 salutem,
304 2794 376 2852 quae
389 2777 467 2833 facta
480 2787 524 2834 est
535 2774 705 2834 Innocentio
718 2777 902 2834 Exadvocato
919 2778 999 2832 viea-

28 2860 267 2934 epraesecturae,
294 2859 343 2914 ubi
356 2877 407 2915 nos
421 2859 619 2931 interfuimus,
645 2870 674 2916 et
701 2863 792 2916 oculis
817 2859 1000 2934 adspeximus

30 2939 105 3000 trisl
133 2941 291 2999 Venientes
305 2945 382 2998 enim
395 2943 429 2998 de
440 2945 654 3013 transmarinis,
673 2961 717 3000 me
731 2954 761 2999 et
773 2945 892 3000 fratrem
904 2960 1000 2998 meum

30 3028 130 3101 pium,
145 3025 271 3082 nondum
284 3026 399 3102 quidem
413 3028 551 3099 elericos,
567 3027 688 3084 sedium
700 3026 763 3083 Dec
776 3029 953 3096 servientes,
967 3037 1000 3080 ut

29 3123 39 3167 t
54 3129 121 3164 cum
136 3119 198 3166 tota
212 3109 294 3166 domo
309 3129 362 3166 sua
374 3108 619 3188 religiosissimus,
630 3113 691 3184 ipse
703 3120 914 3184 susceperat,et
926 3108 1001 3180 apud

29 3203 129 3250 atuno
146 3191 351 3250 habitabamus.
376 3192 537 3249 Curabatur
549 3211 566 3248 a
578 3192 709 3248 medicis:
724 3189 865 3266 [propter]
879 3193 1000 3258 listulas,

32 3296 46 3331 s
62 3293 234 3330 numerosas
246 3285 332 3349 atque
343 3276 494 3347 perplexas
507 3271 605 3328 babuit
618 3277 648 3329 in
661 3276 820 3346 posteriore
840 3284 926 3346 atquc
943 3273 1001 3326 ima

29 3359 106 3432 poris
118 3366 218 3430 parte,
243 3357 299 3410 iam
313 3365 462 3410 secuerant
476 3357 517 3428 ei,
534 3365 564 3410 et
576 3358 647 3410 artis
660 3373 729 3410 suae
743 3364 855 3410 caetera
875 3352 999 3407 medica-

29 3443 81 3494 rtis
100 3439 237 3511 agebant.
280 3437 388 3492 Passus
408 3447 504 3494 autem
525 3438 619 3494 fuerat
636 3438 667 3491 in
686 3438 814 3516 sectione
832 3436 883 3490 illa
894 3443 922 3490 et
936 3433 999 3488 diu·

29 3539 78 3574 ιοι
93 3531 123 3574 et
137 3518 254 3574 acerbos
270 3519 387 3574 dolores.
430 3518 489 3576 Sed
502 3537 577 3576 unus
592 3521 780 3576 intermultos
793 3521 873 3574 ainus
886 3517 998 3572 fefelle-

30 3602 183 3670 mediooa,
210 3611 295 3676 atque
307 3605 349 3657 ita
362 3604 498 3672 latuerat,
517 3613 549 3659 ut
562 3622 626 3658 eum
639 3621 698 3658 non
720 3609 890 3678 tangerent,
915 3617 999 3673 quem

30 3708 53 3742 *o
69 3685 187 3759 aperire
202 3685 367 3742 debuerant.
409 3683 542 3761 Denique
555 3689 665 3742 sanatis
678 3685 809 3742 omnibus
824 3692 999 3758 quaeapcrta

30 3771 130 3836 abant,
144 3771 201 3823 iste
214 3777 393 3824 remanserat
406 3771 546 3838 sclus,cui
560 3770 668 3830 frustra
681 3767 896 3842 impendebatur
909 3767 997 3822 labor.

30 3874 53 3910 ts
75 3871 178 3908 moras
198 3853 245 3908 ille
263 3861 410 3926 suspectas
430 3852 551 3916 habens,
576 3855 751 3926 multumque
778 3850 935 3910 formidans
961 3868 998 3904 ne
