2602 4416
211 229 250 284 52
422 219 518 280 DlVl
551 215 739 278 AVRELII
771 213 1027 272 lvovsTlNl

212 378 383 434 memoriam
396 373 508 432 fraudis
522 373 600 430 illius
615 367 798 425 Circensium
813 367 1011 440 spectaculum
1023 366 1148 436 mansit,
1175 364 1247 421 iaci·

212 463 292 516 noris
307 468 406 515 tamen
419 459 451 514 in
464 458 515 511 illa
529 453 648 509 civitate
663 459 693 506 et
715 451 837 524 imperio
852 467 911 506 non
933 451 1044 523 placuit
1069 449 1248 522 exenrplun3

214 544 386 617 faciliusque
400 538 526 598 Romani
538 537 569 594 ia
582 533 637 590 hoe
651 542 838 604 erraverunt,
866 541 899 588 ut
911 540 978 606 post
1003 533 1084 590 illam
1108 532 1248 605 iniquita-

214 637 274 682 tem
288 625 385 684 Deum
398 623 453 680 sibi
467 619 622 677 Romulum
635 625 861 687 consecrarent,
876 632 963 690 quam
976 617 1054 684 utin
1068 615 1185 671 feminis
1200 632 1247 669 ra-

214 709 328 784 piendis
341 706 451 762 lacttrm
465 704 527 758 eius
541 699 714 756 imitandum
726 700 793 777 lege
806 701 865 755 ulla
878 699 926 756 vel
938 716 1019 754 more
1032 700 1248 774 permitterent.

214 792 262 848 Ex
286 789 342 846 hoc
367 790 431 842 iure
458 803 491 841 ac
516 783 593 840 bono
619 791 687 858 post
712 783 866 857 expulsum
879 800 945 838 cum
957 781 1058 837 liberi
1073 783 1135 838 suis
1148 799 1250 858 regem

214 872 422 948 Tarquinium,
450 869 533 924 euius
547 866 626 924 filius
638 864 806 922 Lucretiam
819 876 920 942 stupro
933 866 1078 922 violenter
1096 881 1249 940 oppresse-

213 965 275 1028 rat,
302 951 403 1010 lunius
417 949 527 1008 Brutus
542 951 645 1006 consul
657 948 779 1006 Lucium
792 947 986 1026 Tarquinium
999 947 1176 1005 Collatinum
1188 965 1249 1002 ma-

213 1040 304 1094 ritum
318 1035 447 1093 eiusdem
460 1033 615 1090 Lucretiae
635 1034 777 1110 collegam
791 1051 889 1104 suum,
916 1033 1025 1088 bonum
1050 1043 1137 1108 atque
1162 1033 1249 1086 inno-

214 1129 330 1178 centem
342 1119 454 1191 virum,
468 1125 586 1193 propter
599 1134 706 1172 nomen
720 1125 750 1172 et
762 1117 1009 1191 propinquitatem
1022 1114 1251 1191 Tarquiniorum

215 1206 313 1282 coligit
326 1204 501 1280 magistratu
516 1218 547 1256 se
561 1198 713 1271 abdicare,
741 1217 796 1255 nec
810 1200 911 1256 vivere
929 1199 959 1253 in
975 1199 1094 1255 civitate
1107 1197 1251 1274 permisit.

215 1287 300 1356 Quod
326 1288 421 1343 scelus
448 1285 568 1342 favente
594 1283 641 1339 vel
665 1283 796 1357 patiente
808 1283 914 1357 populo
932 1281 1018 1352 fecit,
1045 1300 1131 1356 aquo
1145 1281 1252 1356 populo

215 1371 400 1429 consulatum
424 1369 502 1425 idem
515 1363 695 1438 Collatinus,
723 1367 800 1422 sicut
813 1367 901 1421 etiam
913 1366 976 1440 ipse
988 1363 1115 1436 Brutus,
1130 1381 1252 1438 accepe-

214 1465 270 1511 rat.
313 1453 362 1509 Ex
374 1451 429 1508 hoc
445 1454 509 1508 iure
523 1469 556 1507 ac
570 1450 646 1506 bono
660 1447 776 1506 Morcus
791 1447 929 1518 Camillus
947 1449 1026 1504 illius
1045 1448 1184 1523 temporis
1205 1447 1254 1502 vir

216 1537 370 1612 egregius,
398 1535 449 1608 qui
476 1531 632 1601 Veientes,
660 1533 850 1608 gravissimos
877 1526 977 1588 hostes
1003 1532 1102 1607 populi
1126 1529 1254 1588 Romani

214 1626 281 1693 post
295 1615 455 1672 decennale
466 1615 590 1684 bellum,
609 1631 666 1688 quo
681 1611 830 1669 Romanus
845 1615 994 1670 exercitus
1008 1616 1096 1670 toties
1109 1616 1185 1670 male
1198 1631 1253 1687 pu-

215 1697 333 1778 gnando
359 1699 494 1776 graviter,
515 1693 639 1752 afflictus
666 1705 731 1766 est,
758 1697 816 1751 iam
829 1697 892 1770 ipsa
905 1693 999 1752 Roma
1013 1695 1048 1750 de
1062 1698 1155 1751 salute
1169 1697 1254 1751 dubi-

215 1791 298 1840 tante
312 1791 399 1858 atque
413 1779 596 1856 trepidante,
622 1777 761 1834 facillime
780 1780 946 1853 superavit,
975 1795 1132 1853 eorumque
1151 1779 1255 1834 urbem

216 1865 467 1940 opulentissimam
493 1863 586 1937 cepit,
613 1861 724 1918 invidia
747 1862 974 1918 obtrectatorum
1001 1863 1120 1918 virtutis
1140 1881 1210 1917 suae
1224 1871 1256 1917 et

216 1943 376 2005 insolentia
401 1947 586 2003 tribunorum
598 1945 690 2020 plebis
705 1963 772 2000 reus
786 1945 898 2017 factus,
927 1953 986 2001 tam
999 1946 1146 2023 ingratam
1160 1947 1256 2000 sensit

216 2050 302 2108 quam
311 2032 489 2099 liberaverat
502 2027 669 2100 civitatem,
696 2037 730 2084 ut
743 2028 779 2084 dc
792 2047 845 2085 sua
857 2026 1044 2085 damnatione
1071 2029 1253 2085 certissimus

216 2117 247 2171 in
275 2115 412 2171 exsilium
430 2121 535 2189 sponte
553 2111 733 2184 diseederet,
761 2122 791 2170 et
804 2112 905 2169 decem
917 2112 1043 2168 millibus
1057 2112 1134 2168 aeris
1148 2112 1254 2168 absens

217 2200 305 2254 etiam
318 2199 521 2254 damnaretur:
547 2213 617 2252 mox
629 2196 737 2252 iterum
750 2213 767 2251 a
781 2195 874 2252 Gallis
887 2196 998 2252 vindex
1010 2195 1122 2271 patriae
1136 2195 1254 2252 futurus

216 2283 361 2358 ingratae.
393 2279 487 2337 Multa
500 2295 727 2335 commemorare
740 2280 799 2336 iam
811 2281 895 2358 piget
907 2279 993 2336 foeda
1006 2289 1036 2336 et
1048 2281 1175 2350 iniusta,
1189 2281 1253 2354 qui-

216 2365 269 2420 bus
288 2362 455 2440 agitabatur
480 2363 531 2418 illa
557 2363 678 2435 civitas,
705 2381 772 2420 cum
783 2372 920 2439 potentes
933 2364 1047 2438 plebem
1059 2363 1117 2420 sibi
1129 2362 1254 2420 subdere

216 2454 411 2516 conarentur,
437 2445 576 2521 plebsque
589 2446 649 2501 illis
663 2445 748 2502 subdi
760 2456 931 2517 recusaret,
951 2456 982 2503 et
994 2449 1147 2522 utriusque
1161 2447 1253 2520 partis

216 2529 389 2588 defensores
415 2530 509 2606 magis
535 2529 640 2584 studiis
666 2539 792 2607 agerent
811 2549 909 2586 amore
924 2531 1078 2601 vincendi,
1104 2548 1190 2605 quam
1203 2548 1253 2584 ac-

216 2633 303 2689 quum
316 2622 346 2669 et
359 2613 467 2670 bonum
480 2613 634 2687 quicquam
650 2614 826 2690 cogitarent.

570 2761 698 2818 CAP.
741 2761 900 2820 XVlll.

116 2919 119 2926 ⁴
216 2862 290 2924 Quae
302 2861 332 2911 (le
344 2857 461 2910 moribus
473 2855 667 2922 Romanorum,
688 2869 738 2912 aut
757 2869 830 2912 caetu
850 2860 1015 2926 corrspresaia
1035 2869 1085 2912 act
1105 2861 1253 2914 securitate

467 2929 604 2992 resolutis,
628 2927 755 2982 Sollrcsta'i
763 2931 865 2998 prodat
875 2927 1000 2980 historia.

277 3033 380 3109 ltaque
402 3032 512 3092 habebo
526 3034 661 3108 moduni,
689 3046 719 3092 et
733 3039 829 3110 ipsum
843 3034 1017 3092 Sallustium
1030 3043 1136 3090 testem
1149 3038 1251 3108 potius

214 3117 373 3188 adhibebo,
400 3119 450 3192 qui
465 3137 532 3174 eum
545 3121 576 3175 in
591 3119 677 3176 laude
691 3119 892 3176 Romanorum
905 3117 1047 3190 dixisset,
1074 3117 1153 3175 unde
1167 3122 1252 3178 nobis

215 3203 272 3256 iste
286 3219 383 3257 sermo
397 3210 481 3258 ortus
496 3211 552 3274 est,
568 3201 640 3274 „lus
655 3199 907 3275 bonumqucapud
921 3219 972 3256 eos
985 3219 1047 3258 non
1060 3203 1176 3280 legibus
1190 3224 1251 3260 ma-

217 3286 264 3362 gis
279 3301 366 3359 quam
380 3294 487 3342 natura
500 3287 650 3356 valebat,“
663 3285 837 3358 praedicans
852 3283 925 3340 illud
931 3293 1058 3359 tempu,
1073 3304 1131 3361 quo
1145 3291 1251 3361 expul-

214 3370 255 3424 sis
269 3369 389 3446 regibus
404 3369 617 3426 incredibiliter
632 3369 735 3424 civitas
749 3367 832 3424 brevi
851 3369 957 3424 aetatis
977 3371 1074 3442 spatio
1093 3372 1251 3443 plurimum

215 3453 322 3508 erevit:
350 3451 427 3507 idem
451 3462 550 3507 tamen
575 3453 607 3506 in
633 3452 729 3524 primo
755 3448 897 3507 historiae
911 3469 982 3508 suae
996 3453 1071 3508 libro
1085 3463 1173 3528 atquc
1187 3457 1250 3528 ipro

214 3536 278 3590 eius
306 3533 429 3590 exordio
455 3534 582 3605 fatetur,
609 3535 698 3589 etiam
722 3543 795 3590 tunc
819 3535 1249 3616 cumad‘consulesaregibus

214 3625 292 3672 esset
306 3618 449 3672 translata
462 3619 645 3690 respublica,
671 3626 740 3690 post
751 3635 876 3692 parvum
892 3621 1097 3692 intervallum,
1125 3624 1248 3678 iniurias

213 3698 403 3768 validiorum,
431 3708 462 3754 et
487 3700 523 3755 ob
546 3719 595 3756 eas
615 3700 828 3758 discessionem
841 3704 934 3776 plebis
949 3722 966 3758 a
980 3703 1136 3775 Patribus,
1162 3707 1248 3760 alias·

213 3781 735 3854 quc-inurbcdissensionesfuisre.
781 3783 858 3842 Nam
884 3806 951 3843 curn
977 3789 1094 3860 optimis
1121 3789 1249 3844 moribus

212 3873 241 3919 et
267 3865 394 3919 maxima
421 3865 579 3923 concordia
605 3870 746 3942 populum
759 3867 926 3928 Romanum
953 3873 1030 3928 inter
1046 3869 1249 3928 secundumet
1288 3887 1289 3910 ι
