2602 4416
201 165 242 218 64
430 151 531 212 DlV'l
552 147 738 210 AVRELll
763 143 1020 204 AVGVSTlNl

206 313 325 368 deretur
339 318 438 366 tamen
452 324 527 384 quae
541 305 580 360 sit
592 301 695 358 talium
708 301 829 357 deorum
841 299 888 355 vel
900 299 1023 371 malitia,
1046 301 1094 356 vel
1106 300 1250 356 miseria:

205 397 231 452 si
244 403 342 452 autem
356 411 388 448 se
401 407 550 469 pugnasse
576 387 746 454 finxerunt,
771 383 841 458 quid
867 381 945 438 aliud
961 392 1108 460 egerunt,
1130 383 1194 439 nisi
1215 392 1253 438 ut

206 479 262 535 sibi
274 475 401 535 Romani
413 471 547 531 bellando
562 469 705 540 civiliter,
734 476 874 541 tanquam
892 465 1012 523 deorum
1026 469 1160 542 exemplo
1174 469 1250 522 nul-

206 564 267 618 lum
280 560 365 618 nefas
389 558 544 615 admittere
570 545 763 609 viderentur?
789 546 850 606 lam
874 549 955 606 enim
981 559 1140 625 coeperant
1166 550 1252 605 bella

208 646 325 716 civilia,
352 651 382 697 et
395 641 505 714 aliquot
519 635 714 694 nefandorrun
726 633 905 709 proeliorum
930 643 1046 710 strages
1061 625 1252 690 exsecranda

207 732 417 805 praecesserat.
455 719 516 776 lam
539 721 646 776 multos
659 725 807 788 moverat,
834 716 910 792 quod
935 719 1018 773 miles
1044 718 1162 792 quidam
1176 716 1251 772 dum

208 813 305 868 occiso
319 807 411 882 spolia
425 801 608 872 detraheret,
635 801 757 859 fratrem
770 800 879 858 nudato
894 799 1035 857 cadavere
1050 801 1186 880 agnovit,
1214 818 1251 856 ae

209 895 370 948 detestatus
385 889 461 944 bella
476 887 589 958 civilia,
617 895 648 942 et
660 905 692 942 se
705 887 800 960 ipsum
813 883 854 940 ibi
866 885 1162 958 perimensfrateruo
1179 901 1250 939 eor-

210 975 275 1050 pori
288 972 432 1028 adiunxit.
470 968 509 1026 Vt
523 989 594 1048 ergo
608 971 685 1025 tanti
697 967 782 1024 buius
797 969 866 1023 mali
878 968 998 1023 rninime
1023 967 1167 1038 taederet,
1196 965 1253 1021 sed

209 1073 356 1114 armorum
369 1056 561 1110 scelestorum
573 1053 668 1130 magis
681 1051 834 1128 magisque
847 1050 934 1106 ardor
947 1051 1141 1121 incresceret,
1161 1051 1253 1106 noxii

210 1139 379 1210 daemones,
406 1155 478 1214 quos
492 1138 537 1192 illi
551 1136 620 1192 deos
634 1143 771 1212 putantes
791 1132 928 1190 colendos
943 1141 973 1188 et
988 1133 1184 1189 'venerandos
1200 1151 1251 1188 ar·

210 1222 406 1294 bitrabantur,
425 1223 506 1277 inter
519 1239 551 1275 se
563 1227 730 1296 pugnantes
742 1214 909 1273 bominibus
922 1233 1062 1290 apparere
1074 1217 1253 1286 voluerunt,

212 1326 251 1364 ne
263 1307 375 1362 imitari
388 1306 462 1361 tales
488 1321 603 1381 pugnas
619 1303 713 1359 civica
738 1297 899 1374 trepidaret
922 1297 1056 1371 affectio,
1084 1299 1135 1354 sed
1147 1299 1253 1372 potius

212 1389 372 1446 humanum
399 1389 495 1444 scelus
521 1387 622 1444 divino
650 1391 842 1442 excusaretur
868 1384 1010 1456 exemplo.
1046 1381 1110 1438 Hae
1137 1383 1254 1436 astutia

212 1473 335 1548 maligni
348 1472 469 1544 spiritus
483 1471 572 1525 etiam
597 1467 698 1539 ludos,
724 1467 802 1523 unde
815 1469 907 1522 multa
931 1467 990 1521 iam
1007 1463 1085 1536 dixi,
1112 1465 1252 1520 scenicos

214 1555 270 1609 sibi
296 1553 389 1607 dicari
415 1552 584 1626 sa‘erarique
610 1552 777 1606 iusserunt:
807 1548 857 1604 ubi
879 1549 1000 1605 deorum
1025 1556 1109 1604 tanta
1133 1545 1254 1624 flagitia

145 1671 146 1674 =
214 1635 367 1692 theatricis
386 1635 510 1691 canticis
537 1643 625 1709 atque
651 1634 815 1690 fabularum
841 1631 1006 1688 actionibus
1034 1631 1193 1702 celebrata,
1222 1640 1252 1686 ct

216 1719 348 1795 quisquis
367 1719 503 1776 castalia
527 1715 635 1772 fecisse
662 1717 813 1787 crederet,
839 1723 869 1770 et
883 1716 1014 1791 quisquis
1028 1734 1089 1772 non
1103 1713 1252 1785 crederet,

217 1802 269 1858 scd
282 1802 461 1857 tamenillos
486 1801 682 1858 libentissime
696 1801 753 1856 sibi
769 1799 840 1856 talia
864 1801 941 1856 velle
956 1796 1094 1855 exhiberi·
1102 1807 1252 1870 cerneret,

216 1902 337 1940 securus
351 1885 538 1940 imitaretur„
565 1883 611 1943 Ne
624 1885 689 1960 quis
714 1886 813 1958 itaque
837 1884 1022 1938 existimaret
1046 1883 1079 1938 in
1093 1881 1163 1938 deos
1179 1899 1252 1936 eon-

215 1969 293 2025 vieia
305 1969 414 2042 potius,
440 1985 527 2044 quam
540 1968 582 2023 eis
598 1967 721 2044 dignum
733 1965 843 2041 aliquid
856 1967 1057 2040 scriptitasse,
1082 1966 1252 2039 ubieunque

216 2053 282 2108 illos
296 2053 376 2106 inter
391 2069 583 2130 repugnasse
609 2059 713 2124 poetae
739 2059 1014 2122 commemorarunt,
1040 2050 1097 2124 ipsi
1110 2048 1147 2105 ad
1169 2047 1251 2104 doei-

217 2133 340 2210 piendos
353 2133 487 2192 homines
501 2143 652 2210 poetarum
668 2135 798 2190 earmina
810 2133 1015 2204 firmaverunt,
1039 2149 1154 2210 pugnas
1167 2130 1251 2188 vide-

217 2219 289 2273 lieet
300 2236 367 2272 suas
382 2237 443 2275 non
456 2220 550 2274 solum
561 2236 614 2293 per
631 2219 764 2274 scenicos
778 2218 810 2272 in
823 2215 955 2288 tlnatro,
981 2235 1084 2273 verum
1098 2217 1186 2272 etiam
1198 2234 1253 2290 per

219 2319 251 2356 se
264 2302 343 2374 ipsas
357 2301 389 2356 in
404 2319 504 2375 eampo
518 2300 652 2356 humanis
666 2301 758 2357 oculis
779 2299 961 2366 exhibentes.

280 2381 363 2440 Haec
377 2383 476 2440 dicere
490 2385 631 2458 compulsi
656 2403 771 2455 sumus,
798 2385 936 2458 quoniam
960 2384 1095 2458 pessimis
1121 2383 1251 2440 moribus

219 2467 327 2524 civium
340 2466 503 2524 Romanam
515 2468 723 2542 rempublicam
735 2469 793 2523 iam
806 2476 894 2524 antea
906 2467 1051 2542 perditam
1063 2467 1166 2537 fuisse,
1183 2469 1250 2522 nul-

217 2551 333 2625 lamque
346 2552 523 2606 remansisse
549 2559 618 2606 antc
644 2550 802 2608 adventrmr
821 2549 942 2607 Domini
956 2551 1051 2607 nostri
1063 2549 1130 2606 lesu
1143 2548 1250 2622 Chrisi,

219 2642 354 2690 auctores
368 2653 469 2690 eorum
482 2634 580 2690 dicere
594 2643 624 2689 et
637 2635 767 2690 seribere
779 2635 900 2690 minime
914 2634 1130 2691 dubitaverunt.
1157 2635 1250 2699 Quam

219 2716 416 2792 perditionem
429 2718 485 2772 diis
500 2720 561 2774 suis
575 2736 635 2774 non
649 2719 804 2792 imputant,
827 2719 877 2792 qui
890 2719 966 2774 mala
980 2719 1162 2789 transitoria,
1183 2718 1248 2792 qui-

218 2800 272 2854 bus
285 2800 356 2855 boni
370 2818 423 2855 scu
435 2801 550 2873 vivant,
573 2819 626 2857 seu
638 2801 813 2872 moriantur,
833 2803 931 2876 perire
942 2819 1002 2858 non
1012 2809 1146 2876 possunt,
1164 2798 1248 2856 Chri-

219 2890 265 2938 sto
281 2891 394 2940 nostro'
410 2883 567 2957 imputant:
595 2903 661 2957 eum
687 2882 820 2940 Christus
847 2895 949 2941 noster
973 2894 1055 2942 tanta
1080 2883 1249 2957 frequenter

218 2983 271 3039 pro
284 2967 413 3022 moribus
428 2968 544 3040 optimis
556 2979 713 3042 praecepta
725 2977 829 3024 contra
840 2969 971 3042 perditos
984 2985 1096 3038 mores,
1124 2964 1165 3022 dii
1177 2985 1248 3024 vero

181 3065 190 3081 ⁶
218 3049 349 3122 ipsorum
372 3050 461 3105 nullis
475 3052 581 3107 talibus
608 3053 773 3126 praeceptis
788 3054 906 3130 egerint
918 3053 1027 3128 aliquid
1042 3069 1108 3108 eum
1120 3067 1170 3106 suo
1186 3053 1247 3106 eul-

219 3141 284 3186 torc
297 3133 413 3206 populo,
439 3151 492 3208 pro
506 3135 557 3190 illa
569 3137 729 3210 republica,
756 3155 794 3192 ne
806 3137 933 3210 periret;
959 3137 1047 3191 immo
1061 3133 1176 3190 eosdem
1185 3153 1246 3191 mo-

219 3233 267 3270 res
282 3217 364 3272 velut
377 3217 437 3272 suis
453 3220 593 3293 exemplis
620 3220 796 3276 auctoritate
822 3221 912 3274 noxia
925 3217 1153 3293 corrumpendo,
1178 3236 1246 3296 ege-

218 3308 290 3355 runt
301 3299 399 3373 potius
413 3311 447 3356 ut
458 3304 578 3377 periret.
606 3303 699 3368 Quam
710 3319 771 3362 non
783 3301 849 3358 ideo
864 3311 935 3360 tune
948 3304 1073 3378 periisse
1086 3304 1246 3378 quisquam,

218 3391 252 3438 ut
264 3383 403 3455 arbitror,
427 3385 485 3440 iam
499 3386 597 3442 dicere
612 3385 739 3457 audebit,
766 3387 835 3461 quia
848 3385 1012 3443 discessere
1039 3404 1140 3443 omncs
1155 3386 1246 3462 adytis

219 3467 336 3540 arisque
349 3468 461 3522 relictis
476 3467 528 3540 dii,
554 3469 637 3526 velut
660 3471 747 3524 arniei
771 3470 951 3542 virtutibus,
978 3489 1045 3527 curn
1063 3471 1145 3526 vitiis
1157 3467 1245 3525 bomi-

219 3567 289 3604 num
302 3546 538 3623 offenderentur3
565 3553 633 3627 quia
646 3559 691 3606 tot
704 3553 798 3629 signis
815 3561 960 3625 extorum,
984 3555 1181 3632 auguriorum,
1195 3572 1245 3610 va-

218 3632 407 3704 ticiniorum,
434 3635 537 3706 quibus
552 3652 584 3689 se
608 3642 748 3708 tanquam
773 3637 921 3709 praescios
946 3637 1113 3693 futurorum
1138 3636 1245 3692 adiuto-

218 3730 324 3786 resque
337 3717 515 3786 proeliorum
539 3719 650 3772 iactare
665 3712 908 3774 eteommendare
921 3721 1102 3797 gestiebant,
1130 3722 1245 3777 eanvin-
1285 3725 1286 3728 ’

219 3803 326 3853 cuntur
352 3797 444 3855 fnisse
469 3810 657 3874 praesentes:
684 3803 734 3877 qui
760 3803 786 3856 si
811 3819 882 3858 vere
903 3804 1127 3876 abscessissent,
1153 3805 1245 3860 mitius
