2590 4396
223 237 264 292 94
435 225 535 285 DlVl
572 221 760 282 AVRELll
793 219 1044 281 AVGVSTlNl

223 382 359 440 inductae
373 382 404 436 in
419 379 556 436 convivia
568 376 723 452 psaltriae,
751 384 780 429 et
793 375 851 430 alia
863 376 1017 432 licentiosa
1030 378 1169 451 nequitia.
1197 375 1260 434 Sed

223 484 303 523 nuno
317 461 353 519 de
366 463 411 519 bis
427 464 510 518 malis
524 477 599 534 quae
612 457 841 514 intolerabiliter
852 456 985 514 homines
998 461 1169 532 patiuntur,
1195 478 1261 516 non

223 549 259 605 de
271 547 317 605 bis
332 565 408 624 quae
422 546 547 602 libenter
560 541 690 612 faciunt,
715 540 813 597 dicere
840 541 967 597 institui.
1011 540 1094 598 Vnde
1109 541 1180 598 illud
1194 561 1262 599 ma-

223 634 270 712 gis
285 631 364 708 quod
379 631 414 686 de
429 627 568 700 Scipione
580 626 822 697 commemoravi,
849 623 926 700 quod
940 625 1047 682 cedens
1061 627 1188 682 inimicis
1204 645 1262 681 ex-

223 726 270 773 tra
283 716 424 791 patriam,
448 727 535 784 quam
547 708 702 780 liberavit,
718 717 852 766 mortuus
867 717 928 780 cst,
944 708 980 764 ad
993 719 1177 782 praesentem
1189 727 1261 784 pcr-

223 802 299 856 tinet
311 793 556 868 disputctionem,
580 789 658 866 quod
671 793 699 848 ei
713 791 846 849 Romana
859 793 996 864 numina,
1011 811 1169 868 aquarum
1183 801 1262 848 tem-

221 883 276 958 plis
292 879 400 935 avertit
413 873 624 948 Hannibalem,
643 893 704 932 non
717 875 910 932 reddiderunt
923 877 1033 948 vicem,
1050 893 1126 952 quac
1139 886 1265 949 propter

222 965 309 1018 istam
331 957 533 1014 tantummodo
557 959 696 1014 coluntur
720 959 898 1014 felicitatem.
943 955 1002 1015 Sed
1016 960 1086 1034 quia
1099 957 1265 1015 Sallustius

223 1062 258 1100 eo
278 1052 410 1116 tempore
436 1042 477 1096 ibi
504 1040 580 1096 dixit
597 1059 694 1095 mores
708 1043 833 1114 optimos
848 1041 958 1113 fuisse,
983 1041 1209 1115 proptereahoe
1224 1041 1266 1096 de

221 1127 334 1184 Asiana
347 1125 467 1181 luxuria
481 1122 764 1180 commemcrandum
777 1125 894 1198 putavi,
923 1132 958 1180 ut
971 1125 1157 1202 intelligatur
1170 1127 1266 1180 etiam

223 1208 296 1266 illud
309 1226 328 1264 a
341 1206 483 1264 Sallustio
503 1209 535 1262 in
550 1205 768 1279 comparatione
794 1207 919 1262 aliorum
943 1214 1109 1280 temporum
1136 1207 1267 1279 dictum,

224 1293 329 1368 quibus
344 1291 523 1364 temporibus
537 1290 654 1363 peiores
668 1290 734 1364 utiq
787 1291 816 1344 'n
827 1290 1010 1367 gravissimis
1023 1289 1180 1345 discordiis
1195 1310 1268 1346 mo-

224 1393 272 1432 res
286 1375 417 1431 fuerant.
461 1373 537 1430 Nam
550 1371 755 1444 tunc,idest,
802 1381 847 1427 ter
861 1371 1023 1428 secundum
1037 1380 1067 1426 et
1078 1380 1268 1446 postremum

224 1460 333 1516 bellam
347 1456 610 1534 Carthaginiense,
624 1455 683 1510 lata
698 1463 744 1510 est
757 1455 846 1510 etiam
859 1455 909 1509 illa
922 1456 972 1510 lex
981 1454 1125 1525 Voconia,
1140 1473 1178 1510 no
1192 1459 1265 1530 quis

224 1539 379 1596 haeredem
393 1539 532 1594 feminam
546 1537 675 1609 faceret,
700 1555 755 1593 nec
768 1539 887 1594 unicam
899 1537 998 1593 filiam.
1031 1538 1096 1604 Qua
1109 1539 1175 1615 lege
1190 1541 1265 1613 quid

224 1623 356 1696 iniquius
370 1621 430 1676 diei
442 1629 495 1676 out
509 1621 634 1697 cogitari
647 1621 755 1693 possit,
769 1621 886 1699 ignoro.
905 1619 1115 1677 Verumtamen
1129 1629 1192 1676 toto
1208 1624 1263 1678 illo

224 1706 381 1762 intervallo
400 1703 526 1760 duorum
542 1703 686 1758 bellorum
699 1701 880 1759 Punicorum
904 1704 1086 1760 tolerabilior
1101 1703 1265 1761 infelicitas

225 1789 290 1844 fuit.
334 1786 424 1842 Bellis
437 1784 640 1842 tantummodo
654 1786 726 1842 foris
741 1787 950 1843 conterebatur
963 1788 1129 1860 exereitus,
1150 1785 1201 1842 sed
1215 1789 1264 1845 vi-

225 1871 327 1928 ctoriis
342 1869 565 1926 consolabatur:
593 1867 671 1924 dorni
685 1879 783 1926 autem
797 1871 911 1942 nullae,
936 1872 1015 1927 sicat
1033 1871 1121 1944 alias,
1148 1870 1267 1928 discor-

224 1953 290 2010 diae
304 1954 482 2010 saeviebant.
526 1950 584 2009 Sed
600 1954 702 2008 ultimo
717 1953 792 2008 bello
806 1951 920 2009 Punico
940 1971 1000 2010 ano
1014 1955 1124 2028 impetu
1138 1955 1267 2013 alterius

224 2035 389 2112 Scipionis,
415 2037 467 2112 qui
481 2035 517 2092 ob
531 2034 587 2092 hoc
601 2037 689 2091 etiam
708 2037 771 2110 ipse
784 2037 918 2092 Africani
944 2056 1107 2116 cognomen
1135 2039 1265 2113 invenit,

224 2123 339 2176 aemula
361 2121 477 2194 imperii
491 2117 616 2176 Romani
637 2119 671 2175 ab
699 2121 789 2194 stirpe
804 2118 901 2176 deleta
916 2129 974 2177 est:
1003 2138 1037 2176 ac
1052 2119 1157 2177 deinde
1170 2125 1265 2179 tantis

226 2206 368 2259 nralorum
381 2203 539 2280 aggeribus
554 2219 694 2277 oppressa
707 2201 840 2258 Romana
859 2205 1038 2280 respublica,
1065 2213 1099 2259 ut
1110 2209 1264 2279 prosperi-

225 2296 286 2344 tate
298 2304 334 2344 ao
347 2287 507 2344 securitate
520 2304 636 2357 rerum,
650 2284 729 2342 unde
743 2287 866 2343 nimium
879 2288 1026 2363 corruptis
1040 2289 1171 2344 moribus
1186 2292 1265 2346 mala

224 2372 274 2425 illa
290 2377 534 2448 congestarum,
555 2369 622 2443 plns
635 2369 774 2424 nocuisse
797 2380 980 2428 monstretur
998 2379 1058 2426 tam
1072 2373 1131 2428 cito
1146 2391 1265 2446 eversa,

224 2471 311 2527 quam
323 2454 406 2526 prius
420 2459 563 2507 nocuerat
575 2459 635 2506 tam
649 2450 698 2507 diu
713 2451 837 2508 adversa
851 2453 1007 2533 Carthago.
1028 2452 1093 2510 Hoc
1108 2464 1172 2511 toto
1186 2469 1265 2511 tem-

222 2554 294 2611 pore
307 2553 401 2611 usque
414 2533 452 2591 ad
466 2533 622 2592 Caesarem
634 2532 816 2612 Angustum,
837 2537 888 2612 qui
901 2537 1018 2594 videtur
1031 2555 1090 2593 non
1104 2537 1198 2596 adbuc
1212 2543 1265 2598 vel

224 2621 356 2693 ipsorum
369 2619 511 2693 opinione
523 2619 699 2696 gloriosam,
721 2617 771 2675 sed
784 2623 1001 2678 contentiosam
1015 2629 1043 2676 et
1060 2620 1217 2679 exitiosam
1232 2635 1265 2681 et

222 2705 312 2776 plane
322 2703 381 2758 iam
395 2719 534 2758 enervem
546 2719 581 2757 ac
594 2701 765 2778 languidam
778 2703 943 2760 libertatem
963 2705 1143 2761 omnimodo
1158 2711 1263 2762 cx'tor-

224 2787 299 2841 sisse
312 2783 469 2856 Romanis,
495 2783 574 2840 etad
591 2786 691 2861 regale
716 2786 870 2842 arbitrium
896 2797 1003 2844 cuncta
1029 2805 1202 2858 revocasse,
1230 2802 1264 2848 ct

222 2869 306 2943 quasi
320 2865 452 2922 morbida
464 2876 614 2924 vetustate
628 2869 786 2942 collapsam
811 2872 902 2926 veluti
924 2873 1106 2928 instaurasse
1120 2889 1154 2926 ac
1167 2885 1259 2930 reno-

221 2967 308 3005 vasse
321 2949 543 3022 rempublicam3
569 2959 632 3007 toto
661 2970 733 3030 ergo
757 2954 814 3008 isto
840 2964 986 3029 tempore,
1016 2955 1118 3010 omitto
1133 2971 1171 3009 ex
1190 2959 1260 3013 aliis

222 3041 310 3107 atque
324 3032 389 3087 aliis
405 3035 502 3089 causis
516 3036 604 3090 etiem
617 3043 705 3110 atque
719 3037 807 3090 etiam
820 3037 940 3094 bellicas
955 3039 1051 3095 clade
1059 3079 1072 3112 ,Ι
1082 3047 1112 3094 et
1121 3037 1259 3096 Numan-

221 3116 318 3170 tinum
331 3113 435 3171 ioedus
449 3114 595 3173 horrenda
608 3118 772 3194 ignominia
783 3123 980 3178 maculosum:
994 3124 1168 3178 volaverant
1178 3125 1259 3181 enim

221 3196 462 3272 pallideeovea,
489 3209 520 3256 et
532 3200 671 3257 Mancino
685 3204 816 3276 consuli,
843 3207 991 3276 utaiunt,
1018 3207 1176 3283 augurium
1195 3225 1258 3261 rnn-

222 3282 281 3335 lum
306 3281 452 3354 fecerant3
479 3285 565 3358 quasi
576 3301 630 3356 per
643 3293 689 3340 tot
702 3302 814 3357 annos,
842 3288 948 3360 quibus
962 3289 1012 3344 illa
1026 3291 1137 3366 exigna
1151 3291 1258 3346 civitas

221 3362 384 3422 Romanam
399 3367 595 3422 circumsessa
608 3369 773 3424 exercitam
785 3368 947 3441 afflixerat,
974 3373 1090 3446 ipsique
1105 3370 1258 3428 llomanne
1288 3447 1289 3450 Ἴ

219 3447 398 3520 reipublicae
423 3451 533 3505 terrori
560 3467 625 3504 esse
650 3451 709 3506 iarn
736 3462 889 3525 coeperat,
917 3455 968 3510 alii
983 3465 1165 3513 eontraeem
1180 3459 1257 3512 malo

219 3532 346 3607 augurio
358 3534 569 3604 processerint.

582 3631 698 3689 CAP.
742 3631 877 3692 XXll.

219 3705 261 3758 De
272 3705 452 3761 Mithradates
463 3708 563 3773 edicto,
583 3727 635 3779 quo
654 3725 741 3764 omnes
760 3713 990 3781 deesRomancs,
1010 3717 1059 3785 qui
1078 3718 1154 3770 intro
1166 3721 1257 3771 Asiam

319 3799 323 3808 ·
532 3779 731 3843 invenirentur,
751 3781 933 3836 inscitoccs‘di.

281 3863 339 3923 Sed
355 3866 441 3938 haee,
457 3869 591 3943 inquam,
606 3869 753 3941 amantino,
772 3875 908 3946 quamvis
921 3876 996 3932 illud
1010 3893 1197 3952 nequaquam
1211 3888 1256 3934 ta-
