2510 4404
212 197 270 254 378
437 191 535 250 DlVl
556 187 738 250 AVRELll
759 187 1008 282 Avevsrln'l

602 341 624 399 C
646 342 669 398 Α
690 339 725 398 P.
767 337 850 396 Vll.

214 443 293 507 Quod
300 451 331 494 ιιι
344 443 454 494 mundus
469 440 501 497 ιἰι
514 439 648 491 eorunm
667 437 797 497 crederet,
820 436 926 488 virtutis
937 435 1031 507 firesit
1049 438 1174 501 diuinae,
1194 457 1229 490 ιιι

555 503 736 573 persuasionis
748 503 886 554 bemanus.

278 595 337 654 Sed
351 594 435 652 valde
445 593 600 650 ridiculum
614 604 669 659 est,
683 593 718 648 de
732 591 846 649 Romuli
859 593 933 648 falsa
948 593 1122 666 divinitate,
1138 596 1231 652 curule
1245 599 1246 602 ’

215 679 329 738 Christo
343 680 502 753 loquimur,
529 677 626 732 facere
640 678 826 732 mentionem.
867 674 1078 734 Verumtamen
1096 698 1168 734 cum
1186 698 1231 734 ser·

217 765 310 822 centis
325 763 415 817 ferme
428 763 514 818 annis
525 769 592 816 ante
608 755 776 815 Ciceronem
792 757 930 815 Romulus
945 759 1052 830 leserit,
1082 772 1175 837 atqua
1199 764 1232 816 ills

215 847 365 905 aeterium
380 843 624 901 fuisredoctrinis
640 842 903 914 dicaturexculta,
930 853 964 898 ut
991 843 1072 918 quod
1099 845 1169 902 fieri
1190 864 1232 900 uos

215 939 319 1006 potest,
334 947 417 984 omne
432 925 575 1004 [eludens]
588 935 753 1000 respueret:
781 929 996 1002 quantomagis
1010 937 1079 1001 post
1095 939 1233 984 sexcentos
1246 979 1247 1000 ,

214 1031 304 1070 annos
318 1012 408 1085 ipsius
423 1020 554 1086 tempore
569 1008 730 1081 Ciceronis,
756 1011 935 1084 nraximeque
954 1020 1057 1082 postea
1079 1011 1138 1068 sub
1152 1005 1247 1087 Augu-l

215 1107 259 1152 sto
273 1093 495 1169 atquel'iberio‚
510 1093 715 1150 eruditioribus
735 1094 836 1167 utique
849 1092 1041 1167 temporibus,
1054 1098 1232 1152 resurreetio
1246 1135 1247 1140 ι

217 1199 281 1236 nem
296 1180 392 1234 carnis
408 1175 516 1234 Christi
530 1185 615 1252 atque
629 1179 659 1232 in
673 1178 786 1232 coelum
799 1176 1036 1248 adscensionem,
1066 1189 1204 1254 tanquan
1214 1177 1232 1232 il
1246 1231 1247 1240 ,

216 1261 293 1339 quod
306 1262 369 1317 fieri
384 1281 443 1318 non
457 1270 567 1336 potest,
581 1279 662 1316 mens
674 1258 801 1316 humana
813 1260 890 1316 ferre
903 1278 961 1316 non
975 1271 1099 1334 posset,
1120 1263 1231 1319 eludens-

217 1366 272 1422 que
285 1347 319 1401 ab
334 1344 452 1401 auribus
466 1344 655 1418 cordibusque
669 1353 834 1418 respueret,
859 1343 916 1398 nisi
930 1361 991 1399 eam
1019 1343 1092 1400 fieri
1112 1348 1232 1421 potuisse

218 1441 304 1505 atque
317 1429 421 1484 saetam
433 1447 496 1484 esse
511 1427 646 1484 divinitas
659 1428 748 1501 ipsius
763 1428 906 1496 veritatis,
920 1428 968 1482 rel
979 1429 1101 1485 veritas
1117 1429 1232 1486 divinita·

217 1516 267 1584 tis,
283 1523 312 1568 et
326 1514 521 1569 contestantia
533 1511 741 1566 miraculorum
755 1513 839 1586 signa
852 1519 1069 1584 monstrarent3
1092 1522 1128 1570 ut
1141 1523 1233 1569 terrer-

219 1599 295 1654 tibus
311 1605 340 1651 et
353 1594 621 1652 contradicentibus
636 1603 695 1650 tam
708 1595 806 1649 multis
817 1603 933 1666 tamque
945 1597 1066 1671 maguis
1074 1599 1235 1670 persecutio
1247 1582 1248 1646 l

218 1681 320 1748 nibus,
345 1677 521 1752 praecedens
540 1680 572 1734 in
592 1675 720 1746 Christo,
747 1676 850 1732 deinde
867 1675 904 1732 ad
921 1695 1034 1734 uorum
1055 1681 1202 1736 saeculum
1216 1681 1234 1732 ir

218 1763 341 1818 caeteris
356 1770 493 1816 secutura
506 1761 682 1816 resurrectio
696 1771 783 1834 atque
794 1760 994 1816 immortalitas
1013 1765 1122 1819 carnis
1141 1774 1170 1819 et
1182 1763 1233 1818 fide

217 1845 328 1901 lissimc
340 1842 516 1912 crederetur,
531 1853 561 1898 et
572 1843 790 1916 praedicaretur
803 1842 955 1917 intrepide,
966 1852 996 1898 et
1008 1863 1064 1920 per
1080 1848 1183 1903 orbern
1193 1857 1234 1901 ιιι-

218 1949 268 1986 rae
285 1926 464 2001 pullulatura
482 1924 654 1982 foecundius
674 1944 739 1982 eum
752 1926 911 2003 Martyrum
925 1930 1076 2003 sanguine
1099 1941 1234 1987 sereretur.

220 2011 404 2090 Legebantur
416 2012 493 2066 cuim
507 2011 665 2083 praeconia
680 2011 882 2082 praecedentia
897 2004 1170 2093 [praecedentium]
1183 2012 1235 2068 Pro

220 2096 383 2172 phetarum,
398 2093 610 2150 concurrebant
623 2102 738 2149 ostenta
750 2095 902 2164 virtutum,
909 2103 938 2148 et
951 2095 1188 2168 persuadebatur
1198 2116 1234 2150 re-

221 2183 293 2236 ritas
307 2197 383 2236 nova
398 2176 610 2248 consuetudini,
626 2195 684 2232 non
699 2179 844 2233 contraria
857 2179 974 2244 rationi,
989 2177 1089 2236 donec
1105 2181 1183 2239 orbis
1194 2191 1233 2236 ter·

221 2283 281 2335 rae,
298 2265 347 2338 qui
359 2261 586 2338 persequebatur
599 2261 709 2330 furore,
724 2257 800 2337 [pro]
813 2271 982 2336 sequeretur
994 2261 1064 2319 lide.

595 2409 716 2468 CAP.
759 2409 871 2469 Vlll.

221 2505 264 2560 De
282 2506 427 2570 miraculis,
449 2523 515 2574 quoe
534 2516 565 2558 ιιι
581 2507 692 2559 mundas
710 2507 740 2560 in
756 2508 891 2560 Christum
909 2509 1029 2561 crederet
1037 2511 1130 2581 saeta
1139 2521 1202 2572 ml,
1218 2519 1235 2560 ιι

481 2573 548 2644 ficri
557 2576 653 2627 mundo
664 2577 784 2628 credente
793 2593 847 2627 non
856 2577 984 2628 desinunt.

286 2680 359 2753 Cur,
380 2682 532 2756 inquiunt,
555 2701 633 2738 nunc
646 2683 698 2738 illa
712 2684 866 2753 miracula,
885 2701 957 2758 quae
975 2685 1157 2758 praedicatis
1173 2687 1234 2742 facts

223 2784 296 2834 esse,
310 2783 369 2822 non
382 2759 475 2822 fiunti
502 2763 619 2822 Possem
633 2764 748 2840 quidem
762 2765 873 2837 dicere,
887 2770 1056 2825 necessaria
1070 2770 1162 2826 luisse
1173 2772 1231 2845 prim

223 2867 310 2924 quam
324 2848 455 2904 crederet
468 2847 605 2919 mundus,
625 2846 723 2905 adhoc
737 2859 769 2906 ut
782 2849 913 2905 crederet
931 2851 1069 2907 mundus.
1115 2851 1232 2928 Quisque

223 2931 315 2987 adhuc
328 2931 461 3007 prodigia
469 2940 501 2986 ut
515 2930 614 2987 eredat
625 2934 766 3007 inquirit,
788 2951 925 3010 magnum
938 2943 982 2989 cst
995 2936 1059 3009 ipse
1073 2937 1231 3016 prodigies.

223 3015 273 3088 qui
287 3013 393 3068 nrundo
408 3011 543 3068 credente
556 3032 614 3068 non
629 3015 729 3072 credit.
760 3015 863 3072 Verum
877 3015 931 3084 hoe
941 3015 1006 3072 ideo
1022 3016 1141 3092 dicunt,
1153 3033 1183 3076 ut
1192 3038 1232 3072 ner

223 3104 292 3150 tunc
303 3095 354 3150 illa
368 3097 506 3150 miracula
519 3096 596 3151 facta
609 3097 702 3152 fuisse
716 3090 880 3155 credantur.
924 3099 1006 3155 Vnde
1019 3119 1094 3177 ergo
1107 3102 1232 3160 aneon

224 3175 357 3236 Christus
371 3196 574 3254 usquequaque
589 3190 724 3237 cantatur
737 3184 769 3238 in
783 3184 892 3238 coelum
906 3201 972 3238 eum
991 3202 1080 3241 carne
1101 3179 1231 3243 sublatos?

223 3263 305 3319 Vnde
319 3262 496 3338 temporibus
511 3263 645 3336 eruditis,
660 3273 689 3320 et
701 3283 786 3321 omne
796 3265 871 3341 quod
885 3265 950 3321 fieri
961 3284 1021 3321 non
1033 3277 1135 3342 potest
1147 3288 1230 3342 respe-

224 3347 355 3418 cntibus,
383 3349 445 3402 sine
466 3348 533 3403 ullis
550 3348 698 3406 miraculis
723 3351 843 3404 nimium
868 3348 1039 3406 mirabiliter
1067 3352 1231 3408 incredibilis

224 3431 346 3488 credidit
358 3427 499 3486 mundus?
525 3431 570 3486 Αιι
583 3431 657 3487 forte
670 3430 819 3488 credibilia
831 3431 936 3504 fuisse,
957 3443 986 3487 et
998 3433 1065 3491 ideo
1080 3436 1187 3492 credita
1199 3453 1229 3488 cs

223 3535 255 3571 se
270 3514 375 3571 dicturi
389 3510 475 3570 suntl
485 3513 543 3570 Cur
557 3533 626 3592 ergo
640 3516 694 3588 ipsi
707 3531 765 3569 non
780 3509 1026 3572 ereduntiBrevis
1038 3528 1085 3573 est
1098 3521 1227 3597 igiturne

223 3608 283 3653 stre
297 3587 469 3673 ebmplexio:
484 3598 715 3653 autincredibilis
725 3595 913 3674 [incredibili]
921 3600 975 3668 rei,
981 3618 1054 3674 quae
1065 3619 1124 3658 non
1130 3601 1225 3657 videbe·

219 3691 277 3749 tur,
292 3685 349 3736 alia
362 3680 556 3751 incredibilia,
571 3699 642 3755 quae
654 3691 751 3736 tamen
764 3681 872 3737 fiebant
885 3692 914 3737 et
924 3681 1225 3753 videbantur‚lecerem

219 3762 318 3832 tidem,
332 3774 383 3818 aut
395 3773 473 3818 certe
487 3782 533 3819 res
548 3765 589 3818 ita
604 3763 760 3833 credibilis,
768 3775 800 3820 ut
814 3765 901 3820 nullis
915 3765 1226 3840 quibuspersuaderemr

220 3846 1159 3926 miraculisindigerct,istorumnimiamredarguitinfidelitatenr.
1177 3847 1225 3904 llos
