2510 4404
200 202 260 258 346
428 195 525 253 DlVl
544 191 734 252 uvuuult
758 189 1012 248 AVGVSTlNl

200 350 308 421 Adam,
331 367 348 406 e
363 347 410 404 die
422 349 519 406 exitus
534 346 569 402 de
582 327 686 404 ientre
699 345 801 402 matris
821 361 921 400 eorum
938 359 1033 418 usque
1052 345 1086 400 in
1100 345 1181 402 diem
1193 365 1228 402 se-

201 436 337 508 pulturae
355 434 387 490 in
405 441 527 492 matrem
546 431 691 501 omnium,
718 430 805 484 etiam
823 426 877 486 hoc
889 428 996 484 melum
1007 427 1151 486 mirabile
1165 429 1228 506 [me
1250 462 1251 536 q

201 518 280 574 dium
293 511 471 590 miserabile]
484 515 645 589 reperitur,
668 521 701 570 ut
713 511 804 570 sobrii
816 513 916 582 simus,
928 519 1016 585 atque
1029 512 1228 592 intelligamus
1250 549 1251 570 ι

200 601 275 658 hano
289 602 379 658 vitam
393 598 428 656 de
440 609 559 673 peccate
573 598 624 654 illo
638 597 725 654 nimis
740 594 863 666 nefario,
881 592 958 669 quod
971 595 1003 650 in
1016 595 1164 670 paradiso
1176 617 1229 672 per·

201 693 344 760 petratum
359 693 413 755 est,
438 682 543 738 iactam
557 681 640 737 nobis
655 698 719 735 esse
731 681 897 754 poenalem,
921 687 1079 754 totumque
1096 681 1229 756 quodne

201 770 310 825 biscum
326 769 425 846 agitur
437 784 489 840 per
504 763 724 821 Testamentum
736 781 862 834 novum,
889 779 949 818 non
961 762 1122 836 pertinere
1138 766 1194 821 nisi
1204 763 1231 818 ed

202 854 272 910 novi
286 853 393 907 saeculi
407 847 618 906 haereditatem
631 865 748 916 novam,
772 855 804 902 ut
816 844 864 902 hio
878 846 1002 923 pignore
1015 857 1160 924 accepto,
1173 847 1231 903 illud
1251 894 1252 906 .

202 937 282 993 cuius
295 933 349 990 hoc
363 935 472 1012 pignus
490 940 536 988 est
554 949 607 988 suo
631 940 761 1006 tempore
783 936 1006 1004 consequamur:
1035 949 1124 987 nunc
1149 942 1231 988 auten

201 1019 378 1076 ambulemus
391 1019 423 1073 in
436 1033 497 1092 spe,
522 1025 552 1072 ot
564 1014 752 1092 proficientes
766 1013 801 1068 de
815 1014 861 1070 die
874 1015 905 1070 in
920 1011 1011 1085 diem,
1037 1017 1155 1088 spiritu
1165 1015 1233 1071 iacta

203 1101 299 1160 earnis
313 1099 529 1158 mortificemus.
561 1095 651 1158 Noos't
673 1099 752 1154 enim
770 1095 912 1154 Dominus
934 1097 986 1174 qui
1006 1108 1084 1154 sont
1108 1101 1187 1156 eius:
1210 1109 1232 1153 et

205 1185 351 1264 Quotquot
361 1181 478 1267 Spiritu
487 1181 549 1242 Dat
558 1192 700 1262 aguntor,
713 1177 817 1254 bifils's‘
827 1191 896 1240 sont
904 1177 973 1250 Des',
987 1179 1043 1238 sed
1056 1184 1172 1262 gratia,
1184 1201 1231 1238 non

202 1280 316 1332 natura.
347 1265 456 1324 Vnieus
471 1267 549 1324 enim
563 1274 668 1325 natura
681 1263 738 1322 Dei
751 1263 855 1336 Filius,
869 1272 986 1340 prepter
999 1283 1057 1326 nos
1071 1267 1231 1324 misericor·

202 1353 248 1410 dia
261 1351 357 1410 factus
370 1344 416 1409 'est
428 1351 505 1408 filius
519 1349 657 1420 hominis,
669 1358 702 1405 ut
716 1367 768 1406 nos
784 1357 888 1406 natrura
900 1345 1112 1421 liliiluominis,
1126 1349 1231 1407 filiiDei
1252 1373 1253 1378 ι

199 1457 252 1514 per
265 1439 345 1493 illum
359 1437 455 1516 gratia
468 1433 613 1491 fieremus.
649 1431 772 1490 Monens
787 1432 890 1510 quippe
903 1431 953 1488 ille
966 1431 1179 1506 immutabilis,
1191 1453 1230 1490 na·

201 1531 296 1578 turam
309 1530 441 1576 nostram
455 1517 486 1574 iu
498 1536 555 1594 qua
567 1535 621 1574 nos
633 1516 807 1591 susciperet,
820 1515 945 1591 suscepit
957 1532 975 1569 a
988 1513 1097 1589 nobis3
1112 1528 1144 1574 et
1156 1528 1231 1574 tenax

201 1603 364 1662 divinitatis
378 1621 458 1674 suae,
473 1611 590 1660 nostrae
603 1598 782 1656 infirmitatis
795 1599 938 1676 particeps
952 1595 1051 1656 iactus
1067 1611 1134 1674 est3
1148 1613 1178 1658 ut
1188 1619 1232 1657 nos

201 1690 233 1744 in
245 1687 348 1742 melius
363 1686 540 1762 commutati,
555 1683 632 1762 quod
644 1691 811 1762 peccatores
825 1684 1018 1760 mortalesque
1033 1701 1160 1758 sumus,
1182 1687 1231 1740 eius

201 1769 373 1828 immortalis
390 1777 419 1824 et
437 1769 507 1824 iusti
531 1763 769 1844 [immortalitatis
795 1776 825 1824 et
846 1761 987 1842 iustitiae]
1011 1767 1232 1846 participatione

202 1853 385 1923 amittamus,
410 1859 440 1908 et
460 1849 538 1926 quod
555 1851 587 1906 in
607 1860 714 1907 natura
735 1860 836 1910 nostra
853 1847 960 1908 bonum
976 1849 1062 1922 iecit,
1092 1854 1232 1930 impletura

203 1933 337 2016 [impleti]
353 1952 465 1992 summo
479 1933 556 1992 bono
569 1935 601 1990 in
615 1935 677 1992 eius
691 1945 813 1992 naturae
826 1933 956 1991 bonitate
968 1951 1138 1993 servemus.
1161 1933 1233 1996 Sicut

203 2023 281 2080 enim
297 2039 349 2097 per
366 2037 457 2076 unum
473 2013 621 2076 hominem
639 2027 811 2096 peccantem
829 2019 861 2075 in
879 2013 933 2075 boc
947 2025 1006 2074 tam
1020 2037 1124 2098 grave
1139 2021 1233 2076 melun

202 2107 386 2164 devenimus:
400 2103 441 2160 its
451 2121 503 2180 per
517 2120 607 2160 unum
618 2099 764 2160 hominem
776 2097 1062 2178 eundemqueDcum
1076 2101 1232 2162 iustifican-

203 2203 261 2249 tem
280 2189 316 2246 ad
335 2187 407 2246 illud
423 2187 531 2244 honum
549 2196 609 2244 tam
622 2185 744 2244 sublime
756 2187 916 2244 veniemus.
951 2183 1013 2242 Nec
1032 2187 1192 2266 quisquam
1208 2205 1234 2242 se

203 2275 286 2332 debet
297 2271 333 2329 ab
347 2273 404 2328 isto
421 2269 458 2328 ad
471 2271 555 2328 illum
566 2271 709 2328 transisse
726 2267 890 2342 confidere,
916 2269 974 2326 nisi
988 2288 1057 2326 cum
1071 2269 1119 2326 ibi
1142 2271 1234 2340 fuerit,

203 2357 252 2414 ubi
266 2357 391 2413 tentatio
406 2357 487 2412 nulla
500 2356 571 2426 erit;
596 2355 655 2410 nisi
665 2371 765 2430 pacem
778 2354 926 2428 tenuerit,
950 2371 1038 2430 quarn
1051 2353 1129 2412 belli
1145 2353 1235 2424 liuius,

202 2444 233 2496 in
247 2458 304 2516 quo
318 2457 386 2496 caro
401 2439 585 2514 concupiscit
600 2437 739 2496 adversus
757 2437 892 2514 spiritum
908 2445 939 2496 et
955 2436 1078 2514 spiritns
1098 2435 1234 2498 adversas

202 2543 330 2594 carnem,
347 2523 445 2578 multis
459 2533 489 2579 et
501 2521 591 2580 variis
605 2521 811 2580 certaminibus
825 2521 948 2600 quaerit.
983 2517 1050 2578 Hoc
1064 2531 1168 2580 autem
1179 2521 1234 2580 bel·

201 2611 263 2664 lum
276 2625 423 2683 nunquam
437 2607 526 2662 ullum
540 2614 633 2677 esset,
660 2605 686 2662 si
699 2613 804 2664 natura
820 2600 946 2662 humana
957 2623 1010 2682 per
1020 2605 1152 2664 liberum
1164 2607 1234 2664 arbi·

202 2694 292 2749 trium
306 2693 337 2748 in
352 2687 539 2762 rectitudine,
554 2691 586 2746 in
599 2708 655 2766 qua
668 2688 746 2746 facta
759 2697 819 2762 est,
843 2689 1028 2768 perstitisset.
1065 2687 1159 2748 Nune
1173 2708 1234 2748 sero

202 2795 275 2853 quae
287 2793 389 2852 pacem
402 2773 474 2830 felix
490 2792 555 2830 eum
569 2771 632 2832 Deo
645 2770 752 2830 habere
765 2773 870 2844 noluit,
883 2790 979 2829 secum
991 2783 1110 2852 pugnat
1123 2773 1234 2844 infelix,

203 2870 232 2916 et
245 2879 309 2915 cum
323 2855 428 2914 sithoc
441 2859 548 2914 malum
561 2855 605 2936 [et
617 2855 672 2914 hoc
686 2873 800 2934 quoque
813 2874 877 2912 cum
889 2855 995 2912 malum
1008 2851 1061 2932 sit]
1083 2856 1234 2916 miserebi-

202 2945 246 3013 le‚
268 2937 373 2997 melius
394 2951 438 2996 est
452 2949 549 2998 tamen
563 2958 648 3016 quam
661 2941 760 3016 priora
779 2941 856 2998 vitae
873 2935 967 2996 huius.
1002 2937 1113 2998 Melius
1133 2943 1234 3020 qnippe

203 3022 376 3102 confligitur
389 3041 455 3078 cum
468 3023 564 3096 vitiis,
578 3042 665 3098 quam
679 3019 770 3100 [cunr]
785 3007 849 3080 sirie
861 3023 923 3080 ulla
936 3019 1132 3082 conflictione
1146 3025 1234 3082 domi·

203 3115 318 3164 nentur.
356 3103 462 3164 Melius
476 3116 537 3178 est,
558 3107 694 3182 inquam,
717 3107 822 3166 bellum
838 3125 902 3162 cum
924 3125 974 3184 spe
992 3115 1135 3164 aeternae
1147 3109 1234 3184 pacis,

204 3211 291 3268 quam
314 3191 378 3248 sine
400 3191 460 3246 ulla
482 3189 664 3248 liberationis
688 3191 869 3272 cogitatione
894 3191 1057 3266 captivitas.
1096 3189 1234 3268 cupimus

203 3274 321 3354 quidem
334 3275 422 3332 etiam
434 3271 489 3330 hoo
501 3273 577 3330 bello
592 3292 709 3350 carere,
736 3275 814 3332 etad
828 3272 1034 3348 capessendam
1048 3272 1233 3332 ordinatissi-

201 3379 278 3418 mam
291 3378 410 3436 pacem,
424 3358 473 3414 ubi
489 3357 655 3414 firmissima
669 3348 827 3416 stabilitate
837 3353 998 3432 potioribus
1012 3356 1159 3416 inferiora
1169 3359 1233 3414 sub-

203 3445 319 3516 dantur,
333 3445 404 3522 igne
418 3441 510 3498 divini
523 3443 630 3498 amoris
644 3441 838 3500 accendimur.
875 3437 933 3496 Sed
946 3441 972 3496 si
987 3435 1079 3518 (quod
1093 3439 1182 3520 absit)
1202 3443 1232 3496 il·

202 3531 258 3585 lius
271 3529 347 3584 tanti
360 3526 428 3582 boni
442 3543 506 3600 spes
520 3525 602 3580 nulla
616 3536 708 3597 esset,
722 3526 808 3582 malle
823 3523 973 3580 debuimus
986 3524 1018 3580 in
1030 3521 1120 3581 huius
1134 3523 1229 3583 caudi·

204 3613 340 3668 ctationis
351 3610 484 3666 molestia
497 3626 666 3680 remanere,
693 3627 779 3686 quam
793 3608 874 3666 vitiis
894 3608 925 3664 in
938 3626 991 3665 nos
1005 3606 1227 3668 dominationem

203 3713 263 3750 non
277 3696 319 3750 eis
331 3691 496 3750 resistendo
508 3692 685 3766 permittere.
