2586 4396
231 207 270 261 32
438 199 547 261 ·DlVl
571 197 761 256 AVRELll
787 197 1038 258 AVGVSTlNl

588 350 611 408 C
633 351 657 408 A
678 351 710 406 P.
754 348 907 406 XXIV.

231 453 309 516 Quod
317 451 434 512 insontes
444 447 562 502 homines
572 456 601 500 et
609 447 706 500 merito
717 447 881 529 obedientius
891 448 920 502 in
927 450 1059 532 perodipo
1071 465 1271 535 permanentes.

281 521 323 572 ita
331 519 500 590 genitalibus
510 517 633 572 membris
638 517 854 600 flissentusurs
863 519 901 568 ad
906 528 1112 601 generctronem
1118 525 1217 590 proles,

460 588 532 641 sicut
541 597 656 641 caeteras
667 587 705 640 cd
712 586 857 640 arbitrium
867 589 1026 640 colentum.
1104 630 1108 634 .

291 687 459 746 seminaret
473 687 566 762 igitur
578 687 688 758 prolem
700 686 764 756 vir,
790 685 954 759 susciperet
968 686 1075 745 lomina
1088 693 1270 768 genitalibus

229 773 382 841 membris,
402 769 518 844 quando
532 767 562 822 id
576 787 648 842 opus
663 777 752 838 essct,
766 777 797 824 et
809 777 950 843 quantum
962 789 1034 844 opus
1048 783 1139 845 esset,
1161 779 1269 834 volun-

225 865 286 912 tate
298 854 394 923 motis,
409 871 469 908 non
482 850 603 908 libidine
618 853 781 908 concitatis.
807 850 909 926 Neque
923 854 1002 909 onim
1014 873 1047 910 ea
1060 857 1125 913 sola
1136 861 1269 917 membra

226 954 375 994 movemus
399 933 436 990 ad
459 942 572 1005 nutum,
596 953 670 1010 quae
693 935 849 1009 compactis
872 937 1026 994 articulata
1047 948 1117 996 sunt
1140 943 1266 1014 ossibus,

226 1021 304 1074 sicut
315 1017 403 1093 pedes
418 1027 448 1074 et
460 1035 564 1074 manus
578 1026 608 1073 et
621 1017 744 1095 digitos:
759 1035 862 1074 verum
874 1020 961 1076 etiam
975 1020 1026 1076 illa
1038 1040 1114 1096 quae
1128 1027 1266 1083 mollibus

224 1103 347 1158 remissa
361 1109 431 1158 sunt
444 1103 555 1171 nervis,
569 1119 657 1176 quum
666 1103 811 1172 volumus,
825 1120 973 1158 movemus
987 1105 1139 1181 agitando,
1155 1119 1186 1164 et
1197 1129 1267 1184 por-

223 1183 346 1262 rigendo
360 1184 563 1258 producimus,
590 1193 621 1240 et
633 1183 795 1260 torquendo
809 1181 968 1256 flectimus,
992 1196 1021 1242 et
1034 1191 1268 1270 constringendo

224 1266 375 1339 duramus3
402 1269 479 1324 sicut
497 1285 532 1322 ea
546 1275 615 1323 sunt
627 1285 700 1343 quae
712 1269 745 1324 in
758 1285 810 1340 ore
828 1287 863 1324 ac
881 1268 972 1340 facie,
999 1281 1141 1344 quantum
1158 1286 1267 1349 potest,

224 1351 361 1406 voluntas
373 1359 481 1408 movet.
504 1349 659 1408 Pulmones
673 1349 798 1426 denique
810 1351 866 1426 ipsi
880 1353 1023 1424 omnium,
1048 1357 1108 1410 nisi
1121 1357 1267 1416 medulla-

224 1451 301 1502 rum,
315 1435 479 1490 mollissimi
490 1434 654 1504 viscerum,
676 1443 706 1489 et
718 1435 753 1490 ob
767 1432 822 1490 hoc
836 1443 922 1491 antro
935 1439 1063 1510 pectoris
1078 1445 1265 1513 communiti,

223 1513 259 1570 ad
278 1517 412 1589 spiritum
430 1515 593 1572 ducendum
610 1535 645 1572 ac
663 1515 871 1574 remittendum
891 1537 1048 1595 vocemque
1074 1524 1268 1582 emittendam

223 1615 276 1652 scu
290 1597 523 1668 modificandam,
537 1599 616 1654 sicut
628 1599 714 1654 folles
727 1599 875 1656 fabrorum
887 1602 935 1656 vel
947 1619 1137 1680 organorum,
1153 1605 1267 1680 flantis,

222 1680 408 1752 respirantis,
420 1681 585 1754 loquentis,
600 1683 769 1754 clamantis,
783 1684 946 1756 cantantis,
960 1688 1095 1742 serviunt
1108 1692 1266 1749 voluntati.

224 1759 335 1816 Omitto
350 1761 428 1836 quod
441 1763 613 1820 animalibus
628 1764 799 1839 quibusdam
812 1769 987 1824 naturaliter
1000 1769 1127 1827 inditum
1142 1783 1206 1846 cst,
1236 1787 1267 1834 ut

222 1852 340 1920 tegmen
354 1862 410 1918 quo
425 1863 529 1919 eorpus
544 1864 631 1902 omne
647 1849 788 1920 vestitur,
816 1851 842 1904 si
860 1850 930 1926 quid
948 1852 980 1908 in
1001 1871 1179 1932 quocunque
1200 1860 1266 1916 loco

221 1927 283 1981 eius
297 1929 446 1984 senserint
458 1929 651 2006 abigendum,
677 1931 719 1986 ibi
737 1939 853 1988 tantum
871 1945 1023 2006 moveant,
1050 1937 1101 1992 ubi
1115 1942 1267 2014 sentiunt3

126 2013 132 2024 ¹
220 2027 276 2064 nec
290 2011 383 2066 solum
396 2011 559 2068 insidentes
571 2031 699 2086 muscas,
713 2033 816 2072 verum
830 2018 918 2072 eti-am
928 2015 1081 2074 haerentes
1095 2019 1198 2080 hastas
1215 2046 1266 2083 cu-

220 2093 257 2146 tis
271 2100 398 2150 trenrore
412 2092 581 2152 discutiant.
615 2095 764 2172 Numquid
777 2101 847 2173 quia
861 2100 890 2156 id
902 2120 961 2156 non
974 2111 1070 2176 potest
1083 2101 1184 2178 homo,
1198 2109 1267 2167 ideo

220 2174 341 2232 Creator
354 2175 460 2252 quibus
474 2180 570 2234 voluit
581 2181 778 2236 animantibus
793 2180 902 2239 donare
916 2203 976 2240 non
988 2183 1104 2258 potuitl
1124 2187 1178 2246 Sic
1192 2211 1268 2272 crgo

220 2266 248 2312 et
261 2259 324 2330 ipse
337 2257 424 2314 homo
437 2263 532 2333 potuit
546 2263 742 2318 obedientiam
763 2265 851 2320 etiam
864 2267 1035 2324 inferiorum
1048 2267 1159 2327 habere
1172 2285 1267 2332 mem-

221 2337 347 2410 brorum,
362 2359 448 2415 quam
461 2360 514 2397 sua
526 2344 726 2400 inobedientia
737 2347 874 2426 perdidit.
895 2349 997 2426 Neque
1011 2354 1088 2408 enim
1103 2353 1173 2412 Deo
1187 2357 1267 2416 diffi-
1282 2383 1283 2386 ¹

219 2421 275 2475 cile
288 2421 345 2477 fuit
358 2425 401 2478 sic
414 2425 497 2480 illum
510 2425 646 2500 condere,
667 2429 743 2484 utin
756 2431 819 2485 eius
834 2450 922 2490 carna
935 2435 1023 2490 etiam
1037 2436 1111 2492 illud
1123 2457 1189 2496 non
1207 2447 1267 2499 nisi

219 2503 244 2560 ei
249 2521 282 2559 us
291 2507 444 2562 voluntate
457 2519 636 2581 moveretur,
651 2511 728 2586 quod
741 2529 820 2569 nunc
835 2517 893 2572 nisi
905 2516 1026 2574 libidine
1040 2537 1101 2576 non
1114 2537 1266 2583 movetur.

280 2587 355 2644 Nam
368 2599 399 2646 et
410 2587 560 2650 hominum
575 2593 756 2670 quorundam
769 2607 889 2654 naturas
904 2601 1036 2656 novimus
1050 2606 1180 2662 multum
1193 2628 1267 2666 cae-

216 2671 287 2726 teris
301 2671 447 2746 dispares,
467 2677 571 2750 etipsa
584 2679 706 2734 raritate
720 2680 883 2752 mirabiles,
903 2685 1045 2740 nonnulla
1058 2695 1092 2741 ut
1104 2691 1217 2748 volunt
1231 2695 1268 2750 de

216 2771 337 2828 corpore
350 2755 532 2828 facientium,
548 2777 624 2833 quae
637 2762 687 2816 alii
701 2763 881 2820 nullomodo
893 2776 1028 2838 possunt,
1049 2777 1079 2824 et
1092 2771 1196 2829 audita
1211 2780 1267 2832 vix

216 2837 349 2892 credunt.
377 2835 456 2894 Sunt
467 2841 544 2896 enim
559 2843 609 2914 qui
622 2851 652 2897 et
664 2861 750 2900 aures
764 2858 903 2904 moveant
915 2851 962 2905 vel
975 2852 1120 2928 singulas,
1134 2858 1185 2911 vel
1199 2877 1265 2915 am-

214 2915 265 2971 bas
280 2919 375 2973 simul.
408 2917 486 2976 Sunt
503 2923 555 2996 qui
576 2933 668 2981 totam
687 2931 847 2986 caesariam
860 2933 953 3006 capite
966 2935 1098 3006 immoto,
1113 2950 1264 3012 quantum

215 3000 312 3072 capilli
326 3011 485 3074 occupant,
505 3003 655 3079 deponunt
668 3010 704 3066 ad
717 3011 862 3086 frontem,
887 3026 1084 3092 revocantque
1099 3037 1191 3094 quum
1205 3043 1264 3082 ro-

213 3081 285 3135 lunt.
309 3079 388 3141 Sunt
401 3085 451 3158 qui
469 3105 659 3165 eorumquae
676 3098 848 3154 roraverint
860 3098 1070 3156 incredibiliter
1082 3104 1215 3176 plurima
1231 3119 1263 3164 et

212 3165 294 3218 varia
316 3167 464 3238 paululum
487 3173 666 3245 praecordiis
691 3182 894 3251 contrectatis,
920 3190 1058 3256 tanquam
1078 3184 1116 3240 de
1134 3194 1262 3248 sacculo

211 3247 289 3320 quod
308 3249 454 3322 placuerit
471 3255 692 3334 integerrimum
711 3262 873 3333 proferunt.
908 3265 1030 3330 Quidam
1047 3285 1138 3324 voces
1156 3274 1261 3328 arium

209 3348 404 3407 pecorumque
417 3345 448 3390 et
461 3339 584 3396 aliorum
605 3345 801 3416 quorumlibet
820 3344 969 3404 hominum
983 3351 1024 3404 sic
1037 3350 1198 3410 imitantur
1215 3367 1261 3412 at-

210 3430 265 3488 que
280 3417 460 3490 exprimunt,
474 3430 507 3477 ut
520 3424 579 3478 nisi
593 3424 760 3498 videantur,
775 3428 904 3487 discerni
918 3433 1037 3488 omuino
1052 3440 1261 3509 nonpossint.

210 3494 353 3556 Nonnulli
365 3501 400 3556 ab
414 3503 472 3558 imo
486 3507 551 3560 sine
563 3507 688 3580 paedore
709 3509 846 3586 [pudore]
865 3515 925 3569 ullo
942 3515 985 3570 ita
1005 3533 1184 3574 numerosos
1203 3540 1261 3594 pro
1282 3561 1283 3602 ,

209 3580 330 3637 arbitrio
344 3586 458 3640 sonitus
469 3586 572 3658 edunt,
586 3598 619 3644 ut
633 3607 670 3644 ex
688 3592 739 3648 illa
753 3595 841 3650 etiam
855 3605 938 3669 parte
952 3606 1070 3653 cantare
1083 3597 1261 3658 videantur.
1282 3635 1283 3680 q

209 3657 274 3730 lpse
286 3683 349 3718 sum
364 3677 513 3740 expertus,
528 3671 632 3727 sudare
645 3669 792 3730 hominem
807 3679 903 3734 solere
917 3697 1002 3754 quum
1017 3683 1117 3737 vellat.
1141 3681 1262 3740 Notum
1282 3711 1283 3768 p

209 3749 266 3810 ost,
281 3747 422 3817 quosdam
434 3748 506 3806 ilerc
520 3771 608 3827 quum
621 3757 739 3827 volunt,
753 3767 842 3833 atquc
855 3759 981 3818 ubertim
994 3764 1131 3819 lacrimas
1146 3765 1261 3822 funde-
1282 3803 1283 3858 p

208 3837 250 3876 re.
271 3821 331 3879 lom
343 3828 415 3882 illud
429 3835 519 3920 multo
534 3845 578 3890 est
591 3836 808 3912 incredibilius,
829 3843 908 3917 quod
919 3847 1051 3920 plerique
1064 3846 1177 3903 iratres
1191 3867 1260 3904 me·
1282 3895 1283 3944 p
