2538 4392
201 211 261 270 DE
288 210 507 272 ClVlTATE
531 211 610 271 DEl
631 211 714 270 ΜΒ.
736 211 863 272 ΧῊΙΙ.
985 219 1046 276 219

35 373 128 440 potest:
141 381 193 420 non
204 380 264 438 quo
278 365 462 422 necessarius
474 366 525 437 sit,
540 365 629 420 etiam
640 365 667 419 si
676 362 762 434 desit,
776 363 828 419 sed
842 367 982 440 quianon
996 369 1043 426 in·

35 465 146 525 congrm
158 446 298 517 creditur,
323 447 418 503 fuisse
436 449 510 505 etin
524 449 590 506 aliis
607 447 743 525 gentibus
761 445 911 518 homines,
937 450 1042 524 quibus

35 531 80 586 boc
91 530 251 605 mysterium
263 531 426 587 revelatum
442 542 503 604 est,
528 541 558 587 et
572 533 622 606 qui
634 529 690 586 boc
704 531 792 586 etiarn
804 531 974 605 praedicere
987 535 1043 589 im·

35 614 98 688 pulsi
109 621 184 682 sunt,
196 614 258 669 sire
271 615 428 687 participes
443 613 571 670 eiusdem
585 615 698 691 gratiae
711 613 841 685 fuerint,
865 615 928 670 sive
942 630 1044 688 exper-

35 714 84 764 :es,
105 695 151 750 sed
161 713 210 768 per
223 698 315 752 malos
334 700 456 775 angelos
471 698 649 769 ductisunt,
673 713 746 772 quos
761 697 849 752 etiem
862 696 1046 771 praesentem

35 778 169 848 Christum,
190 795 275 854 quem
287 777 387 836 ludaei
400 799 461 837 non
474 779 685 858 agnoscebant,
699 781 808 835 sciurus
822 780 915 835 fuisse
929 778 1045 836 confes-

35 879 79 916 sos.
107 859 163 916 Nec
175 863 252 936 ipsos
267 861 391 922 ludaeos
406 867 543 920 existimo
558 859 666 920 audere
679 862 872 935 contendere,
899 865 1047 919 neruinem

35 945 185 1000 sertinuisse
213 945 250 1000 ad
263 945 387 1018 Deum,
442 953 556 1017 praeter
568 943 735 1016 israelitas,
750 961 788 1000 ex
802 961 859 1021 quo
872 949 1045 1022 propagatio

36 1029 107 1082 sratl
119 1045 178 1082 esse
190 1029 297 1100 coepit,
321 1029 477 1104 reprobato
491 1033 553 1086 eius
567 1030 658 1086 fratre
671 1031 791 1086 maiore.
826 1029 954 1104 Populus
968 1031 1046 1085 enim

35 1129 51 1164 e
64 1127 142 1180 vera,
166 1113 214 1185 qui
225 1113 343 1185 proprie
356 1112 414 1168 Dei
431 1116 555 1188 populus
570 1113 734 1182 diceretur,
764 1113 862 1168 nuilus
881 1115 955 1168 alius
976 1113 1045 1168 ruit:

35 1194 144 1250 onriues
157 1203 252 1249 autern
265 1195 405 1268 quosdam
420 1209 482 1252 non
494 1206 630 1266 terrena,
657 1195 709 1250 sed
723 1196 843 1250 coelesti
856 1197 996 1250 societate
1010 1194 1046 1251 ad

35 1294 99 1332 ‘cros
113 1274 253 1335 lsrailitas
267 1291 409 1350 supernae
421 1279 500 1334 circs
511 1280 624 1351 patriae
637 1279 819 1352 pertinentes
834 1280 922 1334 ctiam
934 1279 966 1332 iu
981 1279 1046 1333 aliis

35 1359 146 1414 entibus
160 1358 260 1429 irrisae,
274 1376 386 1436 negare
400 1379 460 1416 non
473 1370 610 1434 possunt:
635 1361 703 1435 quia
716 1361 741 1416 si
755 1370 882 1437 negant,
907 1360 1046 1415 facillime

35 1443 227 1497 onvineuntur
241 1439 276 1496 de
289 1452 390 1499 sancto
406 1452 436 1498 et
448 1443 575 1499 mirabili
587 1445 653 1499 viro
667 1441 737 1513 lob,
760 1445 879 1518 quince
894 1442 1046 1521 indigena,

37 1544 69 1580 ec
84 1525 256 1599 proselytus,
279 1523 308 1578 id
323 1534 377 1596 est,
401 1526 515 1582 advena
527 1527 629 1601 populi
642 1523 732 1582 lsrael
745 1526 815 1598 fuit3
841 1526 893 1582 sed
906 1543 944 1580 ex
957 1534 1047 1604 gente

35 1607 146 1662 lunraea
159 1625 251 1684 genus
266 1607 387 1678 ducens,
400 1609 441 1666 ibi
454 1619 549 1676 ortus,
562 1610 669 1666 ibidem
681 1617 817 1666 mortuus
830 1617 889 1664 est:
909 1609 958 1682 qui
972 1609 1046 1664 divi-

35 1709 51 1746 o
67 1692 108 1746 sio
121 1686 254 1746 laudatur
267 1692 400 1766 eloquio,
424 1701 458 1748 ut
471 1693 548 1767 quod
561 1693 598 1749 ad
611 1694 754 1748 iustitiam
766 1693 963 1766 pietatemque
976 1691 1044 1746 atti-

35 1783 73 1844 et,
88 1773 180 1830 nullus
194 1776 222 1829 ei
237 1772 324 1832 borno
338 1793 458 1834 suorum
471 1783 635 1852 temporum
649 1783 838 1850 coaequetur.
876 1775 958 1840 Quae
971 1781 1046 1828 tem-

35 1873 81 1913 ara
94 1859 155 1912 cius
166 1859 300 1931 'quamvis
313 1875 373 1916 non
387 1861 573 1916 inveniamus
587 1861 619 1915 in
633 1859 797 1928 chronicis,
821 1857 988 1934 colligimur
1001 1864 1046 1911 ta·

35 1959 76 1995 ,en
90 1955 128 1994 cx
140 1939 214 1996 libro
229 1941 307 2012 eius,
332 1959 418 2016 quem
429 1960 482 2016 pro
497 1945 544 1998 sui
557 1944 662 1998 merito
676 1941 828 1996 {eraclitae
842 1942 873 1995 in
887 1939 1046 1995 auctorita·

35 2043 67 2078 ιιι
80 2023 252 2078 eanonicam
264 2035 451 2098 receperunt,
464 2026 555 2080 tertia
566 2025 759 2101 generatione
771 2024 963 2095 posteriorem
975 2019 1047 2075 fisis-

35 2119 138 2182 ·quarn
151 2104 251 2162 lsrael.
287 2103 441 2162 Divinitus
460 2115 560 2162 autem
576 2108 726 2180 provisum
744 2104 836 2159 fuisse
856 2118 917 2158 non
936 2101 1047 2170 dubito,

35 2212 38 2244 :
58 2207 97 2244 cx
118 2188 173 2245 boe
190 2207 250 2245 uno
271 2190 430 2259 sciremus,
457 2190 544 2244 ctiam
557 2207 609 2262 pcr
622 2189 694 2242 alias
710 2193 814 2263 genter
829 2202 893 2240 esse
905 2184 1049 2258 potuisse,

35 2274 53 2328 si
68 2271 229 2328 seeundum
241 2271 339 2328 Deum
351 2273 493 2328 vixerunt
506 2273 590 2346 eique
603 2271 793 2344 placuerunt,
815 2268 997 2340 pertinentes
1012 2261 1049 2320 ad

36 2357 169 2411 iritalera
181 2353 375 2410 Hierusalem.
398 2353 484 2420 Quod
496 2355 607 2409 nemini
625 2369 797 2408 concessum
815 2349 909 2406 luisse
924 2347 1046 2404 ereden-

35 2459 71 2494 rm
86 2448 149 2510 cst,
174 2439 234 2493 ni'si
253 2439 303 2494 cui
323 2437 463 2494 divinitus
482 2439 629 2493 revelatus
644 2444 691 2490 est
702 2451 781 2490 uuus
792 2433 935 2488 mediator
948 2429 1006 2486 Dei
1020 2425 1049 2485 ct

35 2523 157 2578 sminum
169 2519 256 2576 homo
268 2519 405 2576 'Christus
417 2517 515 2576 lesus:
540 2521 591 2594 qui
603 2525 748 2574 venturus
763 2517 795 2571 in
809 2533 899 2570 carne
913 2515 956 2569 sic
970 2513 1049 2566 anti·

35 2607 67 2661 is
82 2605 198 2661 sanctis
211 2602 484 2676 praenuntiabatur,
497 2598 739 2675 quemadmodum
748 2598 832 2656 nobis
843 2597 961 2652 venisse
973 2605 1050 2648 nun-

35 2698 93 2744 stus
109 2695 172 2756 est,
186 2694 220 2740 ut
233 2701 293 2740 una
307 2683 465 2755 eademque
477 2701 530 2756 per
543 2685 639 2756 ipsum
652 2682 724 2735 fides
739 2694 839 2735 omncs
854 2680 885 2733 in
899 2677 958 2733 Dei
969 2675 1049 2732 cist-

35 2781 110 2841 tem,
140 2768 201 2824 Dei
220 2767 351 2838 domum,
377 2763 435 2820 Dei
453 2767 591 2839 templum
607 2762 841 2838 praedestinatos
859 2759 999 2834 perducat
1014 2748 1050 2814 ad

35 2873 112 2910 euro.
149 2850 213 2908 Sed
233 2865 424 2926 quaecunque
444 2848 569 2904 aliorum
588 2845 759 2922 prophetiae
778 2843 813 2900 de
828 2843 886 2900 Dei
899 2853 951 2918 per
965 2840 1050 2898 Chri·

35 2957 77 2993 rm
91 2935 195 2991 lesum
209 2935 306 3012 gratia
318 2933 526 3007 proferuntur,
552 2939 679 3003 possunt
698 2929 814 3004 putari,
841 2945 859 2983 a
873 2923 1050 2984 Christianis

35 3040 63 3075 re
79 3017 242 3075 confictae.
257 3015 333 3094 ldeo
349 3015 422 3072 nihil
436 3025 482 3071 est
494 3015 608 3071 firmius
622 3013 659 3069 ad
672 3007 891 3070 convincendos
904 2998 1051 3086 quo'slib'et

35 3121 132 3171 cnos,
154 3103 190 3156 'si
207 3099 243 3154 de
261 3098 315 3155 hac
327 3119 360 3155 re
375 3099 598 3169 contenderint,
625 3090 1051 3172 nostrosqucfaeiendo's1ful-

38 3181 151 3258 ndosJ,
181 3185 209 3238 si
223 3191 303 3238 reete
318 3183 479 3256 sapuerint,
494 3198 581 3255 quam
592 3189 626 3236 ut
640 3179 740 3236 divina
752 3179 902 3252 praedictis
916 3177 953 3237 de
967 3174 1055 3238 Chri·

35 3297 36 3314 ι
55 3287 93 3324 ea
107 3267 323 3341 proferantur,
348 3282 424 3338 quac
439 3265 470 3318 in
484 3262 659 3318 ludaeorum
680 3261 790 3334 scripta
805 3267 874 3315 sunt
888 3257 1051 3314 codicibus:

35 3351 105 3406 ibus
122 3350 242 3406 avulsis
256 3349 292 3404 de
305 3346 421 3402 sedibus
435 3346 578 3420 propriis,
601 3353 631 3399 et
643 3353 762 3416 propter
780 3339 838 3396 hoc
851 3338 1051 3395 testimonium

35 3453 54 3489 ο
71 3433 153 3488 orbe
169 3430 325 3506 dispersis,
339 3427 450 3486 Christi
463 3427 671 3502 usquequaque
685 3425 779 3482 crevit
790 3422 936 3480 Ecclesia.

349 3543 472 3602 CAP.
514 3540 710 3600 XLVlll.

35 3626 190 3694 »paesium
202 3623 321 3706 slgguee',
331 3640 385 3704 qua
396 3622 476 3686 dixit,
486 3623 614 3705 nquiorem
632 3689 637 3700 Ι
660 3629 752 3699 turam
759 3617 878 3698 gloriam
888 3616 979 3698 domus
989 3613 1054 3678 Dei,

44 3712 143 3763 ‘'²⁴⁶²''
156 3711 180 3762 Ρ
182 3693 415 3812 ””’”’”έῗέἵῖἴῖἐ
430 3687 852 3823 stt.1l.·'.‘.;‘.‘.tlf.tl.tt.“”'¹'
853 3687 887 3747 ‘²’
907 3686 953 3736 '²⁰¹
966 3702 996 3738 ²²⁸

49 3841 150 3898 Haec
165 3843 277 3920 domus
291 3841 348 3897 Dei
361 3839 479 3896 maioris
494 3850 539 3896 cst
553 3839 676 3918 gloriae,
690 3835 886 3914 quam'suerat
898 3835 949 3892 illa
961 3835 1055 3912 prima
