<?xml version="1.0" encoding="UTF-8"?>
<!DOCTYPE html PUBLIC "-//W3C//DTD XHTML 1.0 Transitional//EN"
    "http://www.w3.org/TR/xhtml1/DTD/xhtml1-transitional.dtd">
<html xmlns="http://www.w3.org/1999/xhtml" xml:lang="en" lang="en">
 <head>
  <title>
</title>
<meta http-equiv="Content-Type" content="text/html;charset=utf-8" />
  <meta name='ocr-system' content='tesseract 3.04.00' />
  <meta name='ocr-capabilities' content='ocr_page ocr_carea ocr_par ocr_line ocrx_word'/>
</head>
<body>
  <div class='ocr_page' id='page_1' title='image "./saureliiaugusti02augugoog_0068.png"; bbox 0 0 2602 4416; ppageno 0'>
   <div class='ocr_carea' id='block_1_1' title="bbox 290 173 1094 252">
    <p class='ocr_par' dir='ltr' id='par_1_1' title="bbox 290 173 1094 252">
     <span class='ocr_line' id='line_1_1' title="bbox 290 173 1094 252; baseline 0.026 -20"><span class='ocrx_word' id='word_1_1' title='bbox 290 173 352 233; x_wconf 81' lang='lat' dir='ltr'><strong>DE</strong></span> <span class='ocrx_word' id='word_1_2' title='bbox 375 173 591 236; x_wconf 76' lang='lat' dir='ltr'><strong>GlVl&#39;l&#39;ATE</strong></span> <span class='ocrx_word' id='word_1_3' title='bbox 614 178 695 238; x_wconf 84' lang='lat' dir='ltr'><strong>DEI</strong></span> <span class='ocrx_word' id='word_1_4' title='bbox 725 181 803 240; x_wconf 77' lang='grc' dir='ltr'><strong>ΗΒ.</strong></span> <span class='ocrx_word' id='word_1_5' title='bbox 827 184 867 244; x_wconf 92' lang='lat' dir='ltr'><strong>ll.</strong></span> <span class='ocrx_word' id='word_1_6' title='bbox 1056 193 1094 252; x_wconf 82' lang='lat' dir='ltr'><strong>dl</strong></span> 
     </span>
    </p>
   </div>
   <div class='ocr_carea' id='block_1_2' title="bbox 41 326 1099 3924">
    <p class='ocr_par' dir='ltr' id='par_1_2' title="bbox 41 326 1099 3924">
     <span class='ocr_line' id='line_1_2' title="bbox 62 326 1098 415; baseline 0.011 -25"><span class='ocrx_word' id='word_1_7' title='bbox 62 341 85 390; x_wconf 83' lang='lat' dir='ltr'><strong>et</strong></span> <span class='ocrx_word' id='word_1_8' title='bbox 96 330 191 404; x_wconf 84' lang='lat' dir='ltr'><strong>emori</strong></span> <span class='ocrx_word' id='word_1_9' title='bbox 205 326 267 386; x_wconf 90' lang='lat' dir='ltr'><strong>diis</strong></span> <span class='ocrx_word' id='word_1_10' title='bbox 281 328 394 384; x_wconf 82' lang='lat' dir='ltr'><strong>amieis.</strong></span> <span class='ocrx_word' id='word_1_11' title='bbox 439 328 524 396; x_wconf 77' lang='lat' dir='ltr'><strong>Quod</strong></span> <span class='ocrx_word' id='word_1_12' title='bbox 538 331 565 386; x_wconf 92' lang='lat' dir='ltr'><strong>si</strong></span> <span class='ocrx_word' id='word_1_13' title='bbox 576 331 619 388; x_wconf 89' lang='lat' dir='ltr'><strong>ita</strong></span> <span class='ocrx_word' id='word_1_14' title='bbox 632 349 699 388; x_wconf 88' lang='lat' dir='ltr'><strong>esse</strong></span> <span class='ocrx_word' id='word_1_15' title='bbox 718 334 901 408; x_wconf 88' lang='lat' dir='ltr'><strong>concedunt,</strong></span> <span class='ocrx_word' id='word_1_16' title='bbox 928 337 1098 415; x_wconf 86' lang='lat' dir='ltr'><strong>compendio</strong></span> 
     </span>
     <span class='ocr_line' id='line_1_3' title="bbox 60 409 1097 488; baseline -0.003 -16"><span class='ocrx_word' id='word_1_17' title='bbox 60 413 121 472; x_wconf 80' lang='lat' dir='ltr'>nihil</span> <span class='ocrx_word' id='word_1_18' title='bbox 134 431 189 472; x_wconf 91' lang='lat' dir='ltr'><strong>eos</strong></span> <span class='ocrx_word' id='word_1_19' title='bbox 204 409 366 488; x_wconf 74' lang='lat' dir='ltr'>prodesse,</span> <span class='ocrx_word' id='word_1_20' title='bbox 387 419 419 468; x_wconf 87' lang='lat' dir='ltr'><strong>ct</strong></span> <span class='ocrx_word' id='word_1_21' title='bbox 432 413 488 468; x_wconf 90' lang='lat' dir='ltr'><strong>coli</strong></span> <span class='ocrx_word' id='word_1_22' title='bbox 501 411 664 487; x_wconf 83' lang='lat' dir='ltr'><strong>superfluo,</strong></span> <span class='ocrx_word' id='word_1_23' title='bbox 679 415 869 474; x_wconf 85' lang='lat' dir='ltr'><strong>confitentur.</strong></span> <span class='ocrx_word' id='word_1_24' title='bbox 912 419 987 480; x_wconf 88' lang='lat' dir='ltr'><strong>Nam</strong></span> <span class='ocrx_word' id='word_1_25' title='bbox 999 426 1025 482; x_wconf 91' lang='lat' dir='ltr'><strong>si</strong></span> <span class='ocrx_word' id='word_1_26' title='bbox 1036 426 1097 484; x_wconf 85' lang='lat' dir='ltr'><strong>vir.</strong></span> 
     </span>
     <span class='ocr_line' id='line_1_4' title="bbox 59 494 1098 578; baseline 0.011 -23"><span class='ocrx_word' id='word_1_27' title='bbox 59 499 161 556; x_wconf 89' lang='lat' dir='ltr'><strong>tutibus</strong></span> <span class='ocrx_word' id='word_1_28' title='bbox 191 497 290 553; x_wconf 79' lang='lat' dir='ltr'><strong>aniani</strong></span> <span class='ocrx_word' id='word_1_29' title='bbox 317 504 347 552; x_wconf 91' lang='lat' dir='ltr'><strong>et</strong></span> <span class='ocrx_word' id='word_1_30' title='bbox 371 494 511 570; x_wconf 79' lang='lat' dir='ltr'><strong>probitati</strong></span> <span class='ocrx_word' id='word_1_31' title='bbox 537 498 631 570; x_wconf 86' lang='lat' dir='ltr'><strong>vitae,</strong></span> <span class='ocrx_word' id='word_1_32' title='bbox 657 500 739 556; x_wconf 92' lang='lat' dir='ltr'><strong>cuius</strong></span> <span class='ocrx_word' id='word_1_33' title='bbox 752 502 883 574; x_wconf 82' lang='lat' dir='ltr'><strong>praemia</strong></span> <span class='ocrx_word' id='word_1_34' title='bbox 895 514 1098 578; x_wconf 71' lang='lat' dir='ltr'><strong>postmortem</strong></span> 
     </span>
     <span class='ocr_line' id='line_1_5' title="bbox 56 578 1097 658; baseline 0.009 -19"><span class='ocrx_word' id='word_1_35' title='bbox 56 580 198 657; x_wconf 85' lang='lat' dir='ltr'><strong>speranda</strong></span> <span class='ocrx_word' id='word_1_36' title='bbox 225 588 316 650; x_wconf 87' lang='lat' dir='ltr'><strong>snut,</strong></span> <span class='ocrx_word' id='word_1_37' title='bbox 338 578 435 656; x_wconf 77' lang='lat' dir='ltr'><strong>magis</strong></span> <span class='ocrx_word' id='word_1_38' title='bbox 458 581 608 638; x_wconf 88' lang='lat' dir='ltr'><strong>contraria</strong></span> <span class='ocrx_word' id='word_1_39' title='bbox 621 591 655 637; x_wconf 91' lang='lat' dir='ltr'><strong>ut</strong></span> <span class='ocrx_word' id='word_1_40' title='bbox 676 585 799 658; x_wconf 89' lang='lat' dir='ltr'><strong>populus</strong></span> <span class='ocrx_word' id='word_1_41' title='bbox 827 583 957 646; x_wconf 84' lang='lat' dir='ltr'><strong>disceret</strong></span> <span class='ocrx_word' id='word_1_42' title='bbox 980 589 1097 648; x_wconf 88' lang='lat' dir='ltr'><strong>instite-</strong></span> 
     </span>
     <span class='ocr_line' id='line_1_6' title="bbox 55 659 1097 744; baseline 0.009 -22"><span class='ocrx_word' id='word_1_43' title='bbox 55 675 132 722; x_wconf 89' lang='lat' dir='ltr'><strong>mut:</strong></span> <span class='ocrx_word' id='word_1_44' title='bbox 159 666 190 721; x_wconf 85' lang='lat' dir='ltr'><strong>si</strong></span> <span class='ocrx_word' id='word_1_45' title='bbox 204 661 283 720; x_wconf 89' lang='lat' dir='ltr'><strong>nihil</strong></span> <span class='ocrx_word' id='word_1_46' title='bbox 296 661 387 718; x_wconf 86' lang='lat' dir='ltr'><strong>etiam</strong></span> <span class='ocrx_word' id='word_1_47' title='bbox 398 663 431 717; x_wconf 91' lang='lat' dir='ltr'><strong>in</strong></span> <span class='ocrx_word' id='word_1_48' title='bbox 443 659 489 720; x_wconf 86' lang='lat' dir='ltr'><strong>his</strong></span> <span class='ocrx_word' id='word_1_49' title='bbox 503 665 723 722; x_wconf 72' lang='lat' dir='ltr'><strong>nauseantibus</strong></span> <span class='ocrx_word' id='word_1_50' title='bbox 737 675 768 722; x_wconf 88' lang='lat' dir='ltr'><strong>et</strong></span> <span class='ocrx_word' id='word_1_51' title='bbox 780 671 987 743; x_wconf 75' lang='lat' dir='ltr'><strong>temporalibus</strong></span> <span class='ocrx_word' id='word_1_52' title='bbox 1003 671 1097 744; x_wconf 90' lang='lat' dir='ltr'><strong>bouis,</strong></span> 
     </span>
     <span class='ocr_line' id='line_1_7' title="bbox 54 744 1099 830; baseline 0.007 -25"><span class='ocrx_word' id='word_1_53' title='bbox 54 751 94 806; x_wconf 79' lang='lat' dir='ltr'><strong>vel</strong></span> <span class='ocrx_word' id='word_1_54' title='bbox 107 750 152 805; x_wconf 88' lang='lat' dir='ltr'><strong>eis</strong></span> <span class='ocrx_word' id='word_1_55' title='bbox 167 764 250 823; x_wconf 89' lang='lat' dir='ltr'><strong>quos</strong></span> <span class='ocrx_word' id='word_1_56' title='bbox 265 744 394 802; x_wconf 91' lang='lat' dir='ltr'><strong>oderunt</strong></span> <span class='ocrx_word' id='word_1_57' title='bbox 407 755 528 818; x_wconf 77' lang='lat' dir='ltr'><strong>nocent,</strong></span> <span class='ocrx_word' id='word_1_58' title='bbox 555 749 602 803; x_wconf 84' lang='lat' dir='ltr'><strong>vel</strong></span> <span class='ocrx_word' id='word_1_59' title='bbox 615 749 658 804; x_wconf 89' lang='lat' dir='ltr'><strong>eis</strong></span> <span class='ocrx_word' id='word_1_60' title='bbox 672 766 744 824; x_wconf 89' lang='lat' dir='ltr'><strong>quos</strong></span> <span class='ocrx_word' id='word_1_61' title='bbox 758 749 887 830; x_wconf 84' lang='lat' dir='ltr'><strong>diligunt</strong></span> <span class='ocrx_word' id='word_1_62' title='bbox 898 764 1039 828; x_wconf 88' lang='lat' dir='ltr'><strong>prosunt,</strong></span> <span class='ocrx_word' id='word_1_63' title='bbox 1066 767 1099 812; x_wconf 92' lang='lat' dir='ltr'><strong>ut</strong></span> 
     </span>
     <span class='ocr_line' id='line_1_8' title="bbox 54 829 1097 909; baseline 0.006 -21"><span class='ocrx_word' id='word_1_64' title='bbox 54 832 114 908; x_wconf 82' lang='lat' dir='ltr'><strong>quid</strong></span> <span class='ocrx_word' id='word_1_65' title='bbox 128 833 288 899; x_wconf 89' lang='lat' dir='ltr'><strong>coluntur,</strong></span> <span class='ocrx_word' id='word_1_66' title='bbox 301 837 336 886; x_wconf 91' lang='lat' dir='ltr'><strong>ut</strong></span> <span class='ocrx_word' id='word_1_67' title='bbox 349 829 419 904; x_wconf 84' lang='lat' dir='ltr'><strong>quid</strong></span> <span class='ocrx_word' id='word_1_68' title='bbox 430 837 512 886; x_wconf 87' lang='lat' dir='ltr'><strong>tanto</strong></span> <span class='ocrx_word' id='word_1_69' title='bbox 524 829 621 888; x_wconf 88' lang='lat' dir='ltr'><strong>studio</strong></span> <span class='ocrx_word' id='word_1_70' title='bbox 631 831 748 888; x_wconf 89' lang='lat' dir='ltr'><strong>colendi</strong></span> <span class='ocrx_word' id='word_1_71' title='bbox 758 831 969 909; x_wconf 66' lang='lat' dir='ltr'><strong>requiruntur?</strong></span> <span class='ocrx_word' id='word_1_72' title='bbox 983 835 1044 894; x_wconf 88' lang='lat' dir='ltr'><strong>Cur</strong></span> <span class='ocrx_word' id='word_1_73' title='bbox 1054 840 1097 894; x_wconf 90' lang='lat' dir='ltr'><strong>ls-</strong></span> 
     </span>
     <span class='ocr_line' id='line_1_9' title="bbox 53 912 1096 992; baseline 0.006 -20"><span class='ocrx_word' id='word_1_74' title='bbox 53 917 173 973; x_wconf 81' lang='lat' dir='ltr'><strong>boricsir</strong></span> <span class='ocrx_word' id='word_1_75' title='bbox 188 913 388 988; x_wconf 70' lang='lat' dir='ltr'><strong>tristibusque</strong></span> <span class='ocrx_word' id='word_1_76' title='bbox 400 912 596 986; x_wconf 70' lang='lat' dir='ltr'><strong>temporibus,</strong></span> <span class='ocrx_word' id='word_1_77' title='bbox 614 923 753 991; x_wconf 85' lang='lat' dir='ltr'><strong>tanquam</strong></span> <span class='ocrx_word' id='word_1_78' title='bbox 769 914 874 975; x_wconf 83' lang='lat' dir='ltr'><strong>offensi</strong></span> <span class='ocrx_word' id='word_1_79' title='bbox 886 918 1096 992; x_wconf 88' lang='lat' dir='ltr'><strong>abscesserint,</strong></span> 
     </span>
     <span class='ocr_line' id='line_1_10' title="bbox 52 995 1095 1079; baseline 0.006 -24"><span class='ocrx_word' id='word_1_80' title='bbox 52 1005 269 1078; x_wconf 81' lang='lat' dir='ltr'><strong>nunnuratur,</strong></span> <span class='ocrx_word' id='word_1_81' title='bbox 296 1005 327 1052; x_wconf 87' lang='lat' dir='ltr'><strong>ct</strong></span> <span class='ocrx_word' id='word_1_82' title='bbox 350 1004 471 1071; x_wconf 89' lang='lat' dir='ltr'><strong>propter</strong></span> <span class='ocrx_word' id='word_1_83' title='bbox 484 1014 535 1052; x_wconf 91' lang='lat' dir='ltr'><strong>eos</strong></span> <span class='ocrx_word' id='word_1_84' title='bbox 549 995 717 1056; x_wconf 89' lang='lat' dir='ltr'><strong>Christiana</strong></span> <span class='ocrx_word' id='word_1_85' title='bbox 730 1001 836 1079; x_wconf 88' lang='lat' dir='ltr'><strong>religio</strong></span> <span class='ocrx_word' id='word_1_86' title='bbox 849 1003 993 1060; x_wconf 82' lang='lat' dir='ltr'><strong>conviciis</strong></span> <span class='ocrx_word' id='word_1_87' title='bbox 1017 1005 1095 1061; x_wconf 92' lang='lat' dir='ltr'><strong>indi-</strong></span> 
     </span>
     <span class='ocr_line' id='line_1_11' title="bbox 52 1074 1096 1160; baseline 0.005 -22"><span class='ocrx_word' id='word_1_88' title='bbox 52 1083 202 1160; x_wconf 85' lang='lat' dir='ltr'><strong>gnissimis</strong></span> <span class='ocrx_word' id='word_1_89' title='bbox 215 1074 370 1136; x_wconf 64' lang='lat' dir='ltr'><strong>laeditur?</strong></span> <span class='ocrx_word' id='word_1_90' title='bbox 393 1077 428 1136; x_wconf 82' lang='lat' dir='ltr'><strong>si</strong></span> <span class='ocrx_word' id='word_1_91' title='bbox 440 1088 538 1137; x_wconf 88' lang='lat' dir='ltr'><strong>autem</strong></span> <span class='ocrx_word' id='word_1_92' title='bbox 550 1078 659 1139; x_wconf 83' lang='lat' dir='ltr'><strong>habent</strong></span> <span class='ocrx_word' id='word_1_93' title='bbox 670 1083 702 1139; x_wconf 91' lang='lat' dir='ltr'><strong>in</strong></span> <span class='ocrx_word' id='word_1_94' title='bbox 713 1081 759 1140; x_wconf 89' lang='lat' dir='ltr'><strong>bis</strong></span> <span class='ocrx_word' id='word_1_95' title='bbox 772 1085 875 1156; x_wconf 89' lang='lat' dir='ltr'><strong>rebus,</strong></span> <span class='ocrx_word' id='word_1_96' title='bbox 900 1087 947 1142; x_wconf 82' lang='lat' dir='ltr'><strong>vel</strong></span> <span class='ocrx_word' id='word_1_97' title='bbox 959 1087 1096 1146; x_wconf 83' lang='lat' dir='ltr'><strong>beneficii</strong></span> 
     </span>
     <span class='ocr_line' id='line_1_12' title="bbox 51 1163 1094 1242; baseline 0.006 -20"><span class='ocrx_word' id='word_1_98' title='bbox 51 1169 92 1222; x_wconf 80' lang='lat' dir='ltr'><strong>vel</strong></span> <span class='ocrx_word' id='word_1_99' title='bbox 105 1163 251 1222; x_wconf 86' lang='lat' dir='ltr'><strong>maleficii</strong></span> <span class='ocrx_word' id='word_1_100' title='bbox 264 1172 458 1238; x_wconf 88' lang='lat' dir='ltr'><strong>potestatem,</strong></span> <span class='ocrx_word' id='word_1_101' title='bbox 472 1165 571 1220; x_wconf 92' lang='lat' dir='ltr'><strong>curin</strong></span> <span class='ocrx_word' id='word_1_102' title='bbox 584 1166 627 1222; x_wconf 87' lang='lat' dir='ltr'><strong>eis</strong></span> <span class='ocrx_word' id='word_1_103' title='bbox 641 1165 799 1224; x_wconf 86' lang='lat' dir='ltr'><strong>adfuerunt</strong></span> <span class='ocrx_word' id='word_1_104' title='bbox 811 1170 939 1242; x_wconf 88' lang='lat' dir='ltr'><strong>pessimo</strong></span> <span class='ocrx_word' id='word_1_105' title='bbox 952 1171 1017 1226; x_wconf 83' lang='lat' dir='ltr'><strong>viro</strong></span> <span class='ocrx_word' id='word_1_106' title='bbox 1030 1171 1094 1228; x_wconf 88' lang='lat' dir='ltr'><strong>Ma·</strong></span> 
     </span>
     <span class='ocr_line' id='line_1_13' title="bbox 52 1244 1095 1328; baseline 0.005 -23"><span class='ocrx_word' id='word_1_107' title='bbox 52 1251 106 1320; x_wconf 90' lang='lat' dir='ltr'><strong>rio,</strong></span> <span class='ocrx_word' id='word_1_108' title='bbox 127 1257 161 1305; x_wconf 91' lang='lat' dir='ltr'><strong>et</strong></span> <span class='ocrx_word' id='word_1_109' title='bbox 174 1248 290 1322; x_wconf 89' lang='lat' dir='ltr'><strong>optimo</strong></span> <span class='ocrx_word' id='word_1_110' title='bbox 303 1245 420 1324; x_wconf 81' lang='lat' dir='ltr'><strong>Regulo</strong></span> <span class='ocrx_word' id='word_1_111' title='bbox 434 1244 613 1306; x_wconf 77' lang='lat' dir='ltr'><strong>defueruntf</strong></span> <span class='ocrx_word' id='word_1_112' title='bbox 636 1248 683 1306; x_wconf 83' lang='lat' dir='ltr'><strong>An</strong></span> <span class='ocrx_word' id='word_1_113' title='bbox 699 1267 738 1305; x_wconf 88' lang='lat' dir='ltr'><strong>ex</strong></span> <span class='ocrx_word' id='word_1_114' title='bbox 748 1249 804 1308; x_wconf 90' lang='lat' dir='ltr'><strong>hoc</strong></span> <span class='ocrx_word' id='word_1_115' title='bbox 818 1251 876 1325; x_wconf 88' lang='lat' dir='ltr'><strong>ipsi</strong></span> <span class='ocrx_word' id='word_1_116' title='bbox 888 1252 1095 1328; x_wconf 86' lang='lat' dir='ltr'><strong>intelliguntur</strong></span> 
     </span>
     <span class='ocr_line' id='line_1_14' title="bbox 51 1325 1095 1410; baseline 0.002 -22"><span class='ocrx_word' id='word_1_117' title='bbox 51 1332 239 1390; x_wconf 88' lang='lat' dir='ltr'><strong>iniustissimi</strong></span> <span class='ocrx_word' id='word_1_118' title='bbox 254 1339 285 1386; x_wconf 88' lang='lat' dir='ltr'><strong>et</strong></span> <span class='ocrx_word' id='word_1_119' title='bbox 293 1325 435 1405; x_wconf 81' lang='lat' dir='ltr'><strong>pessimil</strong></span> <span class='ocrx_word' id='word_1_120' title='bbox 454 1331 536 1396; x_wconf 75' lang='lat' dir='ltr'><strong>Quod</strong></span> <span class='ocrx_word' id='word_1_121' title='bbox 549 1333 576 1388; x_wconf 90' lang='lat' dir='ltr'><strong>si</strong></span> <span class='ocrx_word' id='word_1_122' title='bbox 588 1341 745 1407; x_wconf 86' lang='lat' dir='ltr'><strong>propterea</strong></span> <span class='ocrx_word' id='word_1_123' title='bbox 756 1335 851 1410; x_wconf 81' lang='lat' dir='ltr'><strong>magis</strong></span> <span class='ocrx_word' id='word_1_124' title='bbox 865 1332 988 1389; x_wconf 90' lang='lat' dir='ltr'><strong>timendi</strong></span> <span class='ocrx_word' id='word_1_125' title='bbox 1002 1343 1032 1389; x_wconf 91' lang='lat' dir='ltr'><strong>ct</strong></span> <span class='ocrx_word' id='word_1_126' title='bbox 1045 1353 1095 1390; x_wconf 90' lang='lat' dir='ltr'><strong>co-</strong></span> 
     </span>
     <span class='ocr_line' id='line_1_15' title="bbox 52 1410 1094 1492; baseline 0.003 -21"><span class='ocrx_word' id='word_1_127' title='bbox 52 1415 127 1472; x_wconf 88' lang='lat' dir='ltr'><strong>lendi</strong></span> <span class='ocrx_word' id='word_1_128' title='bbox 139 1423 300 1490; x_wconf 90' lang='lat' dir='ltr'><strong>putantur:</strong></span> <span class='ocrx_word' id='word_1_129' title='bbox 324 1432 420 1489; x_wconf 83' lang='lat' dir='ltr'><strong>neque</strong></span> <span class='ocrx_word' id='word_1_130' title='bbox 433 1410 488 1470; x_wconf 91' lang='lat' dir='ltr'><strong>hoc</strong></span> <span class='ocrx_word' id='word_1_131' title='bbox 500 1423 652 1489; x_wconf 87' lang='lat' dir='ltr'><strong>putentur.</strong></span> <span class='ocrx_word' id='word_1_132' title='bbox 670 1413 773 1492; x_wconf 86' lang='lat' dir='ltr'><strong>Neque</strong></span> <span class='ocrx_word' id='word_1_133' title='bbox 782 1417 862 1472; x_wconf 90' lang='lat' dir='ltr'><strong>cuim</strong></span> <span class='ocrx_word' id='word_1_134' title='bbox 874 1416 970 1474; x_wconf 83' lang='lat' dir='ltr'><strong>sninus</strong></span> <span class='ocrx_word' id='word_1_135' title='bbox 984 1434 1034 1474; x_wconf 89' lang='lat' dir='ltr'><strong>eos</strong></span> <span class='ocrx_word' id='word_1_136' title='bbox 1047 1418 1094 1474; x_wconf 91' lang='lat' dir='ltr'><strong>iu·</strong></span> 
     </span>
     <span class='ocr_line' id='line_1_16' title="bbox 53 1497 1094 1576; baseline 0.001 -21"><span class='ocrx_word' id='word_1_137' title='bbox 53 1501 169 1556; x_wconf 86' lang='lat' dir='ltr'><strong>venitur</strong></span> <span class='ocrx_word' id='word_1_138' title='bbox 180 1497 315 1576; x_wconf 85' lang='lat' dir='ltr'><strong>Regulus</strong></span> <span class='ocrx_word' id='word_1_139' title='bbox 331 1498 472 1566; x_wconf 88' lang='lat' dir='ltr'><strong>coluisse,</strong></span> <span class='ocrx_word' id='word_1_140' title='bbox 487 1515 574 1572; x_wconf 86' lang='lat' dir='ltr'><strong>quam</strong></span> <span class='ocrx_word' id='word_1_141' title='bbox 586 1497 707 1556; x_wconf 86' lang='lat' dir='ltr'><strong>Marius.</strong></span> <span class='ocrx_word' id='word_1_142' title='bbox 739 1497 768 1556; x_wconf 94' lang='lat' dir='ltr'>N</span> <span class='ocrx_word' id='word_1_143' title='bbox 769 1518 802 1556; x_wconf 88' lang='lat' dir='ltr'><strong>ec</strong></span> <span class='ocrx_word' id='word_1_144' title='bbox 816 1499 882 1556; x_wconf 94' lang='lat' dir='ltr'><strong>ideo</strong></span> <span class='ocrx_word' id='word_1_145' title='bbox 894 1501 957 1556; x_wconf 83' lang='lat' dir='ltr'><strong>vita</strong></span> <span class='ocrx_word' id='word_1_146' title='bbox 967 1501 1094 1574; x_wconf 83' lang='lat' dir='ltr'><strong>passima</strong></span> 
     </span>
     <span class='ocr_line' id='line_1_17' title="bbox 54 1580 1093 1661; baseline 0.002 -23"><span class='ocrx_word' id='word_1_147' title='bbox 54 1580 188 1659; x_wconf 85' lang='lat' dir='ltr'><strong>eligenda</strong></span> <span class='ocrx_word' id='word_1_148' title='bbox 211 1580 367 1649; x_wconf 79' lang='lat' dir='ltr'><strong>videatur,</strong></span> <span class='ocrx_word' id='word_1_149' title='bbox 392 1581 461 1656; x_wconf 89' lang='lat' dir='ltr'><strong>quia</strong></span> <span class='ocrx_word' id='word_1_150' title='bbox 472 1581 567 1658; x_wconf 84' lang='lat' dir='ltr'><strong>magis</strong></span> <span class='ocrx_word' id='word_1_151' title='bbox 580 1581 675 1638; x_wconf 91' lang='lat' dir='ltr'><strong>Mario</strong></span> <span class='ocrx_word' id='word_1_152' title='bbox 689 1599 776 1658; x_wconf 80' lang='lat' dir='ltr'><strong>quam</strong></span> <span class='ocrx_word' id='word_1_153' title='bbox 789 1581 904 1661; x_wconf 87' lang='lat' dir='ltr'><strong>Regulo</strong></span> <span class='ocrx_word' id='word_1_154' title='bbox 918 1582 959 1640; x_wconf 91' lang='lat' dir='ltr'><strong>dii</strong></span> <span class='ocrx_word' id='word_1_155' title='bbox 983 1584 1093 1642; x_wconf 86' lang='lat' dir='ltr'><strong>favisse</strong></span> 
     </span>
     <span class='ocr_line' id='line_1_18' title="bbox 54 1663 1093 1743; baseline 0.002 -21"><span class='ocrx_word' id='word_1_156' title='bbox 54 1666 268 1722; x_wconf 76' lang='lat' dir='ltr'><strong>existimantur.</strong></span> <span class='ocrx_word' id='word_1_157' title='bbox 291 1663 429 1722; x_wconf 87' lang='lat' dir='ltr'><strong>Metellus</strong></span> <span class='ocrx_word' id='word_1_158' title='bbox 442 1665 521 1720; x_wconf 76' lang='lat' dir='ltr'><strong>enuu</strong></span> <span class='ocrx_word' id='word_1_159' title='bbox 529 1663 729 1724; x_wconf 84' lang='lat' dir='ltr'><strong>Romanorum</strong></span> <span class='ocrx_word' id='word_1_160' title='bbox 737 1665 968 1736; x_wconf 84' lang='lat' dir='ltr'><strong>laudatissimus,</strong></span> <span class='ocrx_word' id='word_1_161' title='bbox 980 1669 1031 1743; x_wconf 88' lang='lat' dir='ltr'><strong>qui</strong></span> <span class='ocrx_word' id='word_1_162' title='bbox 1040 1666 1093 1724; x_wconf 86' lang='lat' dir='ltr'><strong>ha·</strong></span> 
     </span>
     <span class='ocr_line' id='line_1_19' title="bbox 55 1745 1094 1825; baseline -0.001 -19"><span class='ocrx_word' id='word_1_163' title='bbox 55 1751 111 1806; x_wconf 88' lang='lat' dir='ltr'><strong>buit</strong></span> <span class='ocrx_word' id='word_1_164' title='bbox 123 1750 255 1825; x_wconf 86' lang='lat' dir='ltr'><strong>quinque</strong></span> <span class='ocrx_word' id='word_1_165' title='bbox 267 1745 346 1806; x_wconf 90' lang='lat' dir='ltr'><strong>filios</strong></span> <span class='ocrx_word' id='word_1_166' title='bbox 373 1749 558 1818; x_wconf 86' lang='lat' dir='ltr'><strong>consulares,</strong></span> <span class='ocrx_word' id='word_1_167' title='bbox 588 1751 676 1805; x_wconf 89' lang='lat' dir='ltr'><strong>ctiam</strong></span> <span class='ocrx_word' id='word_1_168' title='bbox 693 1767 793 1806; x_wconf 86' lang='lat' dir='ltr'><strong>rerum</strong></span> <span class='ocrx_word' id='word_1_169' title='bbox 805 1751 1008 1825; x_wconf 80' lang='lat' dir='ltr'><strong>temporalium</strong></span> <span class='ocrx_word' id='word_1_170' title='bbox 1020 1750 1094 1806; x_wconf 80' lang='lat' dir='ltr'><strong>felix</strong></span> 
     </span>
     <span class='ocr_line' id='line_1_20' title="bbox 52 1831 1093 1909; baseline -0.001 -19"><span class='ocrx_word' id='word_1_171' title='bbox 52 1835 118 1906; x_wconf 89' lang='lat' dir='ltr'><strong>fuit;</strong></span> <span class='ocrx_word' id='word_1_172' title='bbox 138 1841 170 1888; x_wconf 89' lang='lat' dir='ltr'><strong>et</strong></span> <span class='ocrx_word' id='word_1_173' title='bbox 183 1831 313 1889; x_wconf 80' lang='lat' dir='ltr'><strong>Catilina</strong></span> <span class='ocrx_word' id='word_1_174' title='bbox 324 1831 487 1906; x_wconf 73' lang='lat' dir='ltr'><strong>pessima,</strong></span> <span class='ocrx_word' id='word_1_175' title='bbox 501 1850 660 1908; x_wconf 89' lang='lat' dir='ltr'><strong>oppressus</strong></span> <span class='ocrx_word' id='word_1_176' title='bbox 673 1835 773 1909; x_wconf 90' lang='lat' dir='ltr'><strong>inopia</strong></span> <span class='ocrx_word' id='word_1_177' title='bbox 787 1844 818 1892; x_wconf 89' lang='lat' dir='ltr'><strong>et</strong></span> <span class='ocrx_word' id='word_1_178' title='bbox 831 1835 863 1892; x_wconf 91' lang='lat' dir='ltr'><strong>iu</strong></span> <span class='ocrx_word' id='word_1_179' title='bbox 878 1834 953 1892; x_wconf 89' lang='lat' dir='ltr'><strong>bello</strong></span> <span class='ocrx_word' id='word_1_180' title='bbox 967 1835 1015 1892; x_wconf 90' lang='lat' dir='ltr'><strong>sui</strong></span> <span class='ocrx_word' id='word_1_181' title='bbox 1028 1853 1093 1891; x_wconf 90' lang='lat' dir='ltr'><strong>sce-</strong></span> 
     </span>
     <span class='ocr_line' id='line_1_21' title="bbox 52 1914 1093 1993; baseline -0.001 -20"><span class='ocrx_word' id='word_1_182' title='bbox 52 1919 117 1973; x_wconf 86' lang='lat' dir='ltr'><strong>leris</strong></span> <span class='ocrx_word' id='word_1_183' title='bbox 130 1925 300 1992; x_wconf 85' lang='lat' dir='ltr'><strong>prostratus</strong></span> <span class='ocrx_word' id='word_1_184' title='bbox 314 1914 437 1972; x_wconf 84' lang='lat' dir='ltr'><strong>infelix:</strong></span> <span class='ocrx_word' id='word_1_185' title='bbox 462 1925 492 1972; x_wconf 91' lang='lat' dir='ltr'><strong>et</strong></span> <span class='ocrx_word' id='word_1_186' title='bbox 504 1917 660 1974; x_wconf 86' lang='lat' dir='ltr'><strong>verissima</strong></span> <span class='ocrx_word' id='word_1_187' title='bbox 672 1926 760 1993; x_wconf 83' lang='lat' dir='ltr'><strong>atque</strong></span> <span class='ocrx_word' id='word_1_188' title='bbox 773 1919 939 1976; x_wconf 82' lang='lat' dir='ltr'><strong>certissimo</strong></span> <span class='ocrx_word' id='word_1_189' title='bbox 951 1917 1093 1974; x_wconf 84' lang='lat' dir='ltr'><strong>felicitate</strong></span> 
     </span>
     <span class='ocr_line' id='line_1_22' title="bbox 51 1998 1051 2076; baseline -0.002 -18"><span class='ocrx_word' id='word_1_190' title='bbox 51 2002 233 2076; x_wconf 89' lang='lat' dir='ltr'><strong>praepollent</strong></span> <span class='ocrx_word' id='word_1_191' title='bbox 241 1999 312 2056; x_wconf 90' lang='lat' dir='ltr'><strong>boni</strong></span> <span class='ocrx_word' id='word_1_192' title='bbox 325 1998 424 2056; x_wconf 91' lang='lat' dir='ltr'><strong>Deum</strong></span> <span class='ocrx_word' id='word_1_193' title='bbox 450 2001 596 2071; x_wconf 88' lang='lat' dir='ltr'><strong>colentes,</strong></span> <span class='ocrx_word' id='word_1_194' title='bbox 623 2019 710 2076; x_wconf 88' lang='lat' dir='ltr'><strong>aquo</strong></span> <span class='ocrx_word' id='word_1_195' title='bbox 724 2002 787 2058; x_wconf 89' lang='lat' dir='ltr'><strong>solo</strong></span> <span class='ocrx_word' id='word_1_196' title='bbox 802 2000 933 2059; x_wconf 89' lang='lat' dir='ltr'><strong>conferri</strong></span> <span class='ocrx_word' id='word_1_197' title='bbox 944 2010 1051 2075; x_wconf 87' lang='lat' dir='ltr'><strong>potest.</strong></span> 
     </span>
     <span class='ocr_line' id='line_1_23' title="bbox 108 2081 1094 2162; baseline -0.003 -20"><span class='ocrx_word' id='word_1_198' title='bbox 108 2085 165 2142; x_wconf 86' lang='lat' dir='ltr'><strong>llla</strong></span> <span class='ocrx_word' id='word_1_199' title='bbox 178 2085 274 2162; x_wconf 85' lang='lat' dir='ltr'><strong>igitur</strong></span> <span class='ocrx_word' id='word_1_200' title='bbox 286 2083 454 2158; x_wconf 77' lang='lat' dir='ltr'><strong>respublica</strong></span> <span class='ocrx_word' id='word_1_201' title='bbox 466 2085 549 2140; x_wconf 84' lang='lat' dir='ltr'><strong>malis</strong></span> <span class='ocrx_word' id='word_1_202' title='bbox 562 2085 691 2142; x_wconf 88' lang='lat' dir='ltr'><strong>moribus</strong></span> <span class='ocrx_word' id='word_1_203' title='bbox 708 2103 775 2140; x_wconf 90' lang='lat' dir='ltr'><strong>cum</strong></span> <span class='ocrx_word' id='word_1_204' title='bbox 799 2086 925 2159; x_wconf 90' lang='lat' dir='ltr'><strong>periret,</strong></span> <span class='ocrx_word' id='word_1_205' title='bbox 952 2081 1026 2138; x_wconf 89' lang='lat' dir='ltr'><strong>nihil</strong></span> <span class='ocrx_word' id='word_1_206' title='bbox 1052 2082 1094 2139; x_wconf 91' lang='lat' dir='ltr'><strong>dii</strong></span> 
     </span>
     <span class='ocr_line' id='line_1_24' title="bbox 52 2165 1092 2247; baseline -0.004 -22"><span class='ocrx_word' id='word_1_207' title='bbox 52 2188 149 2226; x_wconf 88' lang='lat' dir='ltr'><strong>corum</strong></span> <span class='ocrx_word' id='word_1_208' title='bbox 163 2187 218 2244; x_wconf 91' lang='lat' dir='ltr'><strong>pro</strong></span> <span class='ocrx_word' id='word_1_209' title='bbox 233 2165 400 2245; x_wconf 78' lang='lat' dir='ltr'><strong>dirigendis</strong></span> <span class='ocrx_word' id='word_1_210' title='bbox 413 2169 462 2224; x_wconf 84' lang='lat' dir='ltr'><strong>vel</strong></span> <span class='ocrx_word' id='word_1_211' title='bbox 473 2186 526 2242; x_wconf 90' lang='lat' dir='ltr'><strong>pro</strong></span> <span class='ocrx_word' id='word_1_212' title='bbox 542 2168 726 2247; x_wconf 77' lang='lat' dir='ltr'><strong>corrigendis</strong></span> <span class='ocrx_word' id='word_1_213' title='bbox 747 2175 874 2246; x_wconf 82' lang='lat' dir='ltr'><strong>egerunt</strong></span> <span class='ocrx_word' id='word_1_214' title='bbox 887 2165 1028 2236; x_wconf 88' lang='lat' dir='ltr'><strong>moribus,</strong></span> <span class='ocrx_word' id='word_1_215' title='bbox 1055 2184 1092 2222; x_wconf 89' lang='lat' dir='ltr'><strong>ne</strong></span> 
     </span>
     <span class='ocr_line' id='line_1_25' title="bbox 51 2249 1091 2329; baseline -0.004 -19"><span class='ocrx_word' id='word_1_216' title='bbox 51 2255 175 2329; x_wconf 86' lang='lat' dir='ltr'><strong>periret:</strong></span> <span class='ocrx_word' id='word_1_217' title='bbox 199 2253 260 2308; x_wconf 90' lang='lat' dir='ltr'><strong>imo</strong></span> <span class='ocrx_word' id='word_1_218' title='bbox 274 2249 469 2326; x_wconf 81' lang='lat' dir='ltr'><strong>depravandis</strong></span> <span class='ocrx_word' id='word_1_219' title='bbox 484 2261 514 2308; x_wconf 92' lang='lat' dir='ltr'><strong>et</strong></span> <span class='ocrx_word' id='word_1_220' title='bbox 528 2251 749 2328; x_wconf 87' lang='lat' dir='ltr'><strong>corrumpendis</strong></span> <span class='ocrx_word' id='word_1_221' title='bbox 763 2251 938 2308; x_wconf 89' lang='lat' dir='ltr'><strong>addiderunt</strong></span> <span class='ocrx_word' id='word_1_222' title='bbox 951 2250 1091 2320; x_wconf 88' lang='lat' dir='ltr'><strong>moribus,</strong></span> 
     </span>
     <span class='ocr_line' id='line_1_26' title="bbox 51 2332 1092 2414; baseline -0.005 -21"><span class='ocrx_word' id='word_1_223' title='bbox 51 2347 80 2393; x_wconf 93' lang='lat' dir='ltr'><strong>ut</strong></span> <span class='ocrx_word' id='word_1_224' title='bbox 92 2337 217 2412; x_wconf 88' lang='lat' dir='ltr'><strong>periret.</strong></span> <span class='ocrx_word' id='word_1_225' title='bbox 260 2333 324 2391; x_wconf 91' lang='lat' dir='ltr'><strong>Nec</strong></span> <span class='ocrx_word' id='word_1_226' title='bbox 338 2353 372 2391; x_wconf 88' lang='lat' dir='ltr'><strong>se</strong></span> <span class='ocrx_word' id='word_1_227' title='bbox 385 2333 477 2391; x_wconf 89' lang='lat' dir='ltr'><strong>bonos</strong></span> <span class='ocrx_word' id='word_1_228' title='bbox 491 2334 622 2414; x_wconf 88' lang='lat' dir='ltr'><strong>fingant,</strong></span> <span class='ocrx_word' id='word_1_229' title='bbox 648 2335 725 2410; x_wconf 87' lang='lat' dir='ltr'><strong>quod</strong></span> <span class='ocrx_word' id='word_1_230' title='bbox 750 2337 831 2394; x_wconf 87' lang='lat' dir='ltr'><strong>velut</strong></span> <span class='ocrx_word' id='word_1_231' title='bbox 855 2332 960 2392; x_wconf 89' lang='lat' dir='ltr'><strong>offensi</strong></span> <span class='ocrx_word' id='word_1_232' title='bbox 984 2335 1092 2391; x_wconf 85' lang='lat' dir='ltr'><strong>civium</strong></span> 
     </span>
     <span class='ocr_line' id='line_1_27' title="bbox 50 2417 1092 2496; baseline -0.005 -19"><span class='ocrx_word' id='word_1_233' title='bbox 50 2417 426 2496; x_wconf 83' lang='lat' dir='ltr'><strong>iniquitatediscesserint.</strong></span> <span class='ocrx_word' id='word_1_234' title='bbox 451 2417 575 2476; x_wconf 85' lang='lat' dir='ltr'><strong>Prorsus</strong></span> <span class='ocrx_word' id='word_1_235' title='bbox 589 2419 631 2476; x_wconf 91' lang='lat' dir='ltr'><strong>ibi</strong></span> <span class='ocrx_word' id='word_1_236' title='bbox 644 2428 743 2491; x_wconf 83' lang='lat' dir='ltr'><strong>erant3</strong></span> <span class='ocrx_word' id='word_1_237' title='bbox 766 2419 945 2494; x_wconf 88' lang='lat' dir='ltr'><strong>produntur,</strong></span> <span class='ocrx_word' id='word_1_238' title='bbox 969 2417 1092 2474; x_wconf 83' lang='lat' dir='ltr'><strong>convin-</strong></span> 
     </span>
     <span class='ocr_line' id='line_1_28' title="bbox 49 2503 1092 2578; baseline -0.007 -16"><span class='ocrx_word' id='word_1_239' title='bbox 49 2515 173 2562; x_wconf 88' lang='lat' dir='ltr'><strong>cuntur:</strong></span> <span class='ocrx_word' id='word_1_240' title='bbox 194 2521 250 2560; x_wconf 89' lang='lat' dir='ltr'><strong>nec</strong></span> <span class='ocrx_word' id='word_1_241' title='bbox 264 2503 423 2560; x_wconf 80' lang='lat' dir='ltr'><strong>subvenire</strong></span> <span class='ocrx_word' id='word_1_242' title='bbox 436 2503 659 2578; x_wconf 87' lang='lat' dir='ltr'><strong>praecipiendo,</strong></span> <span class='ocrx_word' id='word_1_243' title='bbox 673 2521 728 2558; x_wconf 91' lang='lat' dir='ltr'><strong>nec</strong></span> <span class='ocrx_word' id='word_1_244' title='bbox 741 2505 834 2558; x_wconf 88' lang='lat' dir='ltr'><strong>latere</strong></span> <span class='ocrx_word' id='word_1_245' title='bbox 849 2503 975 2558; x_wconf 87' lang='lat' dir='ltr'><strong>tacendo</strong></span> <span class='ocrx_word' id='word_1_246' title='bbox 988 2509 1092 2575; x_wconf 89' lang='lat' dir='ltr'><strong>potue-</strong></span> 
     </span>
     <span class='ocr_line' id='line_1_29' title="bbox 48 2581 1093 2662; baseline -0.009 -16"><span class='ocrx_word' id='word_1_247' title='bbox 48 2598 127 2646; x_wconf 89' lang='lat' dir='ltr'><strong>runt.</strong></span> <span class='ocrx_word' id='word_1_248' title='bbox 165 2586 279 2644; x_wconf 90' lang='lat' dir='ltr'><strong>Omitto</strong></span> <span class='ocrx_word' id='word_1_249' title='bbox 293 2586 372 2662; x_wconf 86' lang='lat' dir='ltr'><strong>quod</strong></span> <span class='ocrx_word' id='word_1_250' title='bbox 384 2583 494 2644; x_wconf 88' lang='lat' dir='ltr'><strong>Marius</strong></span> <span class='ocrx_word' id='word_1_251' title='bbox 509 2605 527 2642; x_wconf 88' lang='lat' dir='ltr'><strong>a</strong></span> <span class='ocrx_word' id='word_1_252' title='bbox 539 2584 747 2642; x_wconf 88' lang='lat' dir='ltr'><strong>miserantibus</strong></span> <span class='ocrx_word' id='word_1_253' title='bbox 761 2583 1016 2640; x_wconf 88' lang='lat' dir='ltr'><strong>Minturnensibus</strong></span> <span class='ocrx_word' id='word_1_254' title='bbox 1030 2581 1093 2638; x_wconf 89' lang='lat' dir='ltr'><strong>Ma-</strong></span> 
     </span>
     <span class='ocr_line' id='line_1_30' title="bbox 46 2666 1093 2738; baseline -0.008 -10"><span class='ocrx_word' id='word_1_255' title='bbox 46 2675 128 2729; x_wconf 88' lang='lat' dir='ltr'><strong>ricae</strong></span> <span class='ocrx_word' id='word_1_256' title='bbox 142 2671 215 2728; x_wconf 87' lang='lat' dir='ltr'><strong>deae</strong></span> <span class='ocrx_word' id='word_1_257' title='bbox 229 2673 262 2727; x_wconf 91' lang='lat' dir='ltr'><strong>in</strong></span> <span class='ocrx_word' id='word_1_258' title='bbox 274 2672 343 2728; x_wconf 91' lang='lat' dir='ltr'><strong>luco</strong></span> <span class='ocrx_word' id='word_1_259' title='bbox 359 2670 422 2726; x_wconf 87' lang='lat' dir='ltr'><strong>eins</strong></span> <span class='ocrx_word' id='word_1_260' title='bbox 437 2668 658 2728; x_wconf 89' lang='lat' dir='ltr'><strong>commendatus</strong></span> <span class='ocrx_word' id='word_1_261' title='bbox 673 2675 734 2736; x_wconf 89' lang='lat' dir='ltr'><strong>cst,</strong></span> <span class='ocrx_word' id='word_1_262' title='bbox 759 2674 793 2721; x_wconf 91' lang='lat' dir='ltr'><strong>ut</strong></span> <span class='ocrx_word' id='word_1_263' title='bbox 808 2666 836 2720; x_wconf 89' lang='lat' dir='ltr'><strong>ei</strong></span> <span class='ocrx_word' id='word_1_264' title='bbox 849 2666 948 2721; x_wconf 88' lang='lat' dir='ltr'><strong>omnia</strong></span> <span class='ocrx_word' id='word_1_265' title='bbox 972 2681 1093 2738; x_wconf 88' lang='lat' dir='ltr'><strong>prospe-</strong></span> 
     </span>
     <span class='ocr_line' id='line_1_31' title="bbox 45 2744 1093 2828; baseline -0.011 -15"><span class='ocrx_word' id='word_1_266' title='bbox 45 2765 150 2827; x_wconf 70' lang='lat' dir='ltr'><strong>taret,</strong></span> <span class='ocrx_word' id='word_1_267' title='bbox 179 2764 207 2810; x_wconf 90' lang='lat' dir='ltr'><strong>et</strong></span> <span class='ocrx_word' id='word_1_268' title='bbox 219 2771 256 2810; x_wconf 86' lang='lat' dir='ltr'><strong>ex</strong></span> <span class='ocrx_word' id='word_1_269' title='bbox 270 2772 385 2810; x_wconf 88' lang='lat' dir='ltr'><strong>summa</strong></span> <span class='ocrx_word' id='word_1_270' title='bbox 397 2751 604 2828; x_wconf 86' lang='lat' dir='ltr'><strong>desperatione</strong></span> <span class='ocrx_word' id='word_1_271' title='bbox 628 2767 765 2806; x_wconf 83' lang='lat' dir='ltr'><strong>reversus</strong></span> <span class='ocrx_word' id='word_1_272' title='bbox 792 2748 965 2818; x_wconf 91' lang='lat' dir='ltr'><strong>incolumis,</strong></span> <span class='ocrx_word' id='word_1_273' title='bbox 990 2748 1024 2802; x_wconf 90' lang='lat' dir='ltr'><strong>in</strong></span> <span class='ocrx_word' id='word_1_274' title='bbox 1037 2744 1093 2802; x_wconf 92' lang='lat' dir='ltr'><strong>Vr-</strong></span> 
     </span>
     <span class='ocr_line' id='line_1_32' title="bbox 44 2833 1093 2916; baseline -0.01 -19"><span class='ocrx_word' id='word_1_275' title='bbox 44 2843 116 2899; x_wconf 87' lang='lat' dir='ltr'><strong>bem</strong></span> <span class='ocrx_word' id='word_1_276' title='bbox 142 2838 227 2896; x_wconf 86' lang='lat' dir='ltr'><strong>duxit</strong></span> <span class='ocrx_word' id='word_1_277' title='bbox 253 2837 404 2895; x_wconf 88' lang='lat' dir='ltr'><strong>crudelem</strong></span> <span class='ocrx_word' id='word_1_278' title='bbox 430 2836 558 2893; x_wconf 87' lang='lat' dir='ltr'><strong>crudelis</strong></span> <span class='ocrx_word' id='word_1_279' title='bbox 585 2835 762 2916; x_wconf 82' lang='lat' dir='ltr'><strong>exercitmn:</strong></span> <span class='ocrx_word' id='word_1_280' title='bbox 788 2833 840 2890; x_wconf 90' lang='lat' dir='ltr'><strong>ubi</strong></span> <span class='ocrx_word' id='word_1_281' title='bbox 858 2850 945 2906; x_wconf 87' lang='lat' dir='ltr'><strong>quam</strong></span> <span class='ocrx_word' id='word_1_282' title='bbox 958 2840 1093 2902; x_wconf 88' lang='lat' dir='ltr'><strong>cruenta,</strong></span> 
     </span>
     <span class='ocr_line' id='line_1_33' title="bbox 46 2916 1092 3000; baseline -0.008 -20"><span class='ocrx_word' id='word_1_283' title='bbox 46 2943 136 3000; x_wconf 86' lang='lat' dir='ltr'><strong>quam</strong></span> <span class='ocrx_word' id='word_1_284' title='bbox 150 2923 298 2993; x_wconf 84' lang='lat' dir='ltr'><strong>incivilis,</strong></span> <span class='ocrx_word' id='word_1_285' title='bbox 324 2920 483 2996; x_wconf 87' lang='lat' dir='ltr'><strong>hostilique</strong></span> <span class='ocrx_word' id='word_1_286' title='bbox 496 2921 652 2978; x_wconf 88' lang='lat' dir='ltr'><strong>immanior</strong></span> <span class='ocrx_word' id='word_1_287' title='bbox 666 2919 730 2974; x_wconf 89' lang='lat' dir='ltr'><strong>eius</strong></span> <span class='ocrx_word' id='word_1_288' title='bbox 755 2916 883 2974; x_wconf 84' lang='lat' dir='ltr'><strong>victoria</strong></span> <span class='ocrx_word' id='word_1_289' title='bbox 907 2916 1015 2987; x_wconf 91' lang='lat' dir='ltr'><strong>fuerit,</strong></span> <span class='ocrx_word' id='word_1_290' title='bbox 1042 2933 1092 2974; x_wconf 89' lang='lat' dir='ltr'><strong>eos</strong></span> 
     </span>
     <span class='ocr_line' id='line_1_34' title="bbox 46 3000 1092 3084; baseline -0.007 -19"><span class='ocrx_word' id='word_1_291' title='bbox 46 3011 96 3084; x_wconf 84' lang='lat' dir='ltr'><strong>qui</strong></span> <span class='ocrx_word' id='word_1_292' title='bbox 110 3009 302 3083; x_wconf 86' lang='lat' dir='ltr'><strong>scripserunt</strong></span> <span class='ocrx_word' id='word_1_293' title='bbox 314 3007 418 3083; x_wconf 87' lang='lat' dir='ltr'><strong>legant</strong></span> <span class='ocrx_word' id='word_1_294' title='bbox 430 3006 482 3080; x_wconf 81' lang='lat' dir='ltr'><strong>qui</strong></span> <span class='ocrx_word' id='word_1_295' title='bbox 494 3006 607 3062; x_wconf 85' lang='lat' dir='ltr'><strong>uolunt.</strong></span> <span class='ocrx_word' id='word_1_296' title='bbox 652 3001 712 3060; x_wconf 81' lang='lat' dir='ltr'><strong>Sed</strong></span> <span class='ocrx_word' id='word_1_297' title='bbox 724 3000 794 3072; x_wconf 88' lang='lat' dir='ltr'><strong>hoc,</strong></span> <span class='ocrx_word' id='word_1_298' title='bbox 820 3010 854 3058; x_wconf 86' lang='lat' dir='ltr'><strong>ut</strong></span> <span class='ocrx_word' id='word_1_299' title='bbox 867 3000 946 3073; x_wconf 80' lang='lat' dir='ltr'><strong>dixi,</strong></span> <span class='ocrx_word' id='word_1_300' title='bbox 973 3001 1092 3058; x_wconf 79' lang='lat' dir='ltr'><strong>omitto:</strong></span> 
     </span>
     <span class='ocr_line' id='line_1_35' title="bbox 46 3083 1091 3162; baseline -0.01 -14"><span class='ocrx_word' id='word_1_301' title='bbox 46 3112 102 3149; x_wconf 89' lang='lat' dir='ltr'><strong>nec</strong></span> <span class='ocrx_word' id='word_1_302' title='bbox 130 3090 264 3150; x_wconf 85' lang='lat' dir='ltr'><strong>Maricae</strong></span> <span class='ocrx_word' id='word_1_303' title='bbox 296 3089 399 3147; x_wconf 88' lang='lat' dir='ltr'><strong>nescio</strong></span> <span class='ocrx_word' id='word_1_304' title='bbox 432 3089 479 3143; x_wconf 88' lang='lat' dir='ltr'><strong>cui</strong></span> <span class='ocrx_word' id='word_1_305' title='bbox 510 3089 607 3144; x_wconf 88' lang='lat' dir='ltr'><strong>tribuo</strong></span> <span class='ocrx_word' id='word_1_306' title='bbox 632 3085 708 3143; x_wconf 86' lang='lat' dir='ltr'><strong>Mari</strong></span> <span class='ocrx_word' id='word_1_307' title='bbox 741 3086 935 3162; x_wconf 82' lang='lat' dir='ltr'><strong>sanguineam</strong></span> <span class='ocrx_word' id='word_1_308' title='bbox 964 3083 1091 3142; x_wconf 89' lang='lat' dir='ltr'><strong>felicita-</strong></span> 
     </span>
     <span class='ocr_line' id='line_1_36' title="bbox 45 3167 1094 3247; baseline -0.01 -15"><span class='ocrx_word' id='word_1_309' title='bbox 45 3187 120 3247; x_wconf 88' lang='lat' dir='ltr'><strong>tem,</strong></span> <span class='ocrx_word' id='word_1_310' title='bbox 155 3175 211 3232; x_wconf 89' lang='lat' dir='ltr'><strong>sed</strong></span> <span class='ocrx_word' id='word_1_311' title='bbox 239 3175 375 3230; x_wconf 87' lang='lat' dir='ltr'><strong>occultae</strong></span> <span class='ocrx_word' id='word_1_312' title='bbox 400 3173 498 3247; x_wconf 86' lang='lat' dir='ltr'><strong>potius</strong></span> <span class='ocrx_word' id='word_1_313' title='bbox 525 3171 728 3246; x_wconf 87' lang='lat' dir='ltr'><strong>providentiae</strong></span> <span class='ocrx_word' id='word_1_314' title='bbox 753 3168 812 3225; x_wconf 88' lang='lat' dir='ltr'><strong>Dei</strong></span> <span class='ocrx_word' id='word_1_315' title='bbox 834 3167 871 3224; x_wconf 90' lang='lat' dir='ltr'><strong>ad</strong></span> <span class='ocrx_word' id='word_1_316' title='bbox 892 3171 1016 3226; x_wconf 89' lang='lat' dir='ltr'><strong>istorum</strong></span> <span class='ocrx_word' id='word_1_317' title='bbox 1042 3185 1094 3224; x_wconf 90' lang='lat' dir='ltr'><strong>ora</strong></span> 
     </span>
     <span class='ocr_line' id='line_1_37' title="bbox 45 3250 1093 3333; baseline -0.009 -18"><span class='ocrx_word' id='word_1_318' title='bbox 45 3259 229 3330; x_wconf 88' lang='lat' dir='ltr'><strong>claudenda,</strong></span> <span class='ocrx_word' id='word_1_319' title='bbox 267 3275 377 3333; x_wconf 76' lang='lat' dir='ltr'><strong>eosquc</strong></span> <span class='ocrx_word' id='word_1_320' title='bbox 407 3255 442 3312; x_wconf 90' lang='lat' dir='ltr'><strong>ab</strong></span> <span class='ocrx_word' id='word_1_321' title='bbox 469 3273 570 3312; x_wconf 88' lang='lat' dir='ltr'><strong>errore</strong></span> <span class='ocrx_word' id='word_1_322' title='bbox 605 3253 772 3311; x_wconf 86' lang='lat' dir='ltr'><strong>liberandos</strong></span> <span class='ocrx_word' id='word_1_323' title='bbox 805 3253 855 3328; x_wconf 90' lang='lat' dir='ltr'><strong>qui</strong></span> <span class='ocrx_word' id='word_1_324' title='bbox 891 3271 952 3309; x_wconf 90' lang='lat' dir='ltr'><strong>non</strong></span> <span class='ocrx_word' id='word_1_325' title='bbox 988 3250 1093 3308; x_wconf 88' lang='lat' dir='ltr'><strong>studiis</strong></span> 
     </span>
     <span class='ocr_line' id='line_1_38' title="bbox 44 3332 1094 3422; baseline -0.015 -21"><span class='ocrx_word' id='word_1_326' title='bbox 44 3354 159 3422; x_wconf 88' lang='lat' dir='ltr'><strong>agunt,</strong></span> <span class='ocrx_word' id='word_1_327' title='bbox 188 3341 243 3398; x_wconf 89' lang='lat' dir='ltr'><strong>sed</strong></span> <span class='ocrx_word' id='word_1_328' title='bbox 255 3340 327 3398; x_wconf 88' lang='lat' dir='ltr'><strong>haec</strong></span> <span class='ocrx_word' id='word_1_329' title='bbox 352 3338 514 3416; x_wconf 89' lang='lat' dir='ltr'><strong>prudenter</strong></span> <span class='ocrx_word' id='word_1_330' title='bbox 527 3337 695 3396; x_wconf 85' lang='lat' dir='ltr'><strong>advertunt.</strong></span> <span class='ocrx_word' id='word_1_331' title='bbox 739 3337 798 3402; x_wconf 79' lang='lat' dir='ltr'><strong>Qui</strong></span> <span class='ocrx_word' id='word_1_332' title='bbox 811 3338 868 3393; x_wconf 87' lang='lat' dir='ltr'><strong>etsi</strong></span> <span class='ocrx_word' id='word_1_333' title='bbox 881 3336 991 3413; x_wconf 87' lang='lat' dir='ltr'><strong>aliquid</strong></span> <span class='ocrx_word' id='word_1_334' title='bbox 1004 3336 1035 3389; x_wconf 94' lang='lat' dir='ltr'><strong>in</strong></span> <span class='ocrx_word' id='word_1_335' title='bbox 1048 3332 1094 3388; x_wconf 91' lang='lat' dir='ltr'><strong>his</strong></span> 
     </span>
     <span class='ocr_line' id='line_1_39' title="bbox 44 3423 1095 3500; baseline -0.014 -18"><span class='ocrx_word' id='word_1_336' title='bbox 44 3429 133 3484; x_wconf 86' lang='lat' dir='ltr'><strong>rebus</strong></span> <span class='ocrx_word' id='word_1_337' title='bbox 149 3426 312 3484; x_wconf 88' lang='lat' dir='ltr'><strong>daemones</strong></span> <span class='ocrx_word' id='word_1_338' title='bbox 339 3433 478 3500; x_wconf 85' lang='lat' dir='ltr'><strong>possunt,</strong></span> <span class='ocrx_word' id='word_1_339' title='bbox 505 3431 620 3478; x_wconf 87' lang='lat' dir='ltr'><strong>tantum</strong></span> <span class='ocrx_word' id='word_1_340' title='bbox 646 3430 786 3496; x_wconf 85' lang='lat' dir='ltr'><strong>possunt,</strong></span> <span class='ocrx_word' id='word_1_341' title='bbox 812 3430 953 3495; x_wconf 89' lang='lat' dir='ltr'><strong>quantum</strong></span> <span class='ocrx_word' id='word_1_342' title='bbox 979 3423 1095 3473; x_wconf 86' lang='lat' dir='ltr'><strong>secreto</strong></span> 
     </span>
     <span class='ocr_line' id='line_1_40' title="bbox 43 3503 1094 3588; baseline -0.017 -20"><span class='ocrx_word' id='word_1_343' title='bbox 43 3512 263 3588; x_wconf 87' lang='lat' dir='ltr'><strong>omnipotentis</strong></span> <span class='ocrx_word' id='word_1_344' title='bbox 276 3509 400 3566; x_wconf 87' lang='lat' dir='ltr'><strong>arbitrio</strong></span> <span class='ocrx_word' id='word_1_345' title='bbox 413 3508 640 3582; x_wconf 83' lang='lat' dir='ltr'><strong>permittuntur3</strong></span> <span class='ocrx_word' id='word_1_346' title='bbox 659 3524 697 3560; x_wconf 91' lang='lat' dir='ltr'><strong>ne</strong></span> <span class='ocrx_word' id='word_1_347' title='bbox 711 3503 985 3582; x_wconf 87' lang='lat' dir='ltr'><strong>magnipendamus</strong></span> <span class='ocrx_word' id='word_1_348' title='bbox 1000 3507 1094 3552; x_wconf 90' lang='lat' dir='ltr'><strong>terrc-</strong></span> 
     </span>
     <span class='ocr_line' id='line_1_41' title="bbox 43 3585 1096 3667; baseline -0.014 -16"><span class='ocrx_word' id='word_1_349' title='bbox 43 3615 111 3652; x_wconf 89' lang='lat' dir='ltr'><strong>nam</strong></span> <span class='ocrx_word' id='word_1_350' title='bbox 132 3596 329 3664; x_wconf 79' lang='lat' dir='ltr'><strong>felicitatem,</strong></span> <span class='ocrx_word' id='word_1_351' title='bbox 358 3609 448 3667; x_wconf 85' lang='lat' dir='ltr'><strong>quae,</strong></span> <span class='ocrx_word' id='word_1_352' title='bbox 474 3591 554 3646; x_wconf 89' lang='lat' dir='ltr'><strong>sicut</strong></span> <span class='ocrx_word' id='word_1_353' title='bbox 567 3588 676 3658; x_wconf 88' lang='lat' dir='ltr'><strong>Mario,</strong></span> <span class='ocrx_word' id='word_1_354' title='bbox 701 3588 785 3642; x_wconf 85' lang='lat' dir='ltr'><strong>malis</strong></span> <span class='ocrx_word' id='word_1_355' title='bbox 812 3588 901 3642; x_wconf 85' lang='lat' dir='ltr'><strong>etiam</strong></span> <span class='ocrx_word' id='word_1_356' title='bbox 925 3585 1096 3656; x_wconf 87' lang='lat' dir='ltr'><strong>plerumque</strong></span> 
     </span>
     <span class='ocr_line' id='line_1_42' title="bbox 42 3671 1097 3750; baseline -0.015 -14"><span class='ocrx_word' id='word_1_357' title='bbox 42 3679 243 3750; x_wconf 73' lang='lat' dir='ltr'><strong>conceditur,</strong></span> <span class='ocrx_word' id='word_1_358' title='bbox 272 3695 328 3732; x_wconf 91' lang='lat' dir='ltr'><strong>nec</strong></span> <span class='ocrx_word' id='word_1_359' title='bbox 344 3694 409 3731; x_wconf 90' lang='lat' dir='ltr'><strong>cam</strong></span> <span class='ocrx_word' id='word_1_360' title='bbox 422 3691 527 3730; x_wconf 87' lang='lat' dir='ltr'><strong>rursus</strong></span> <span class='ocrx_word' id='word_1_361' title='bbox 546 3673 631 3749; x_wconf 86' lang='lat' dir='ltr'><strong>quasi</strong></span> <span class='ocrx_word' id='word_1_362' title='bbox 644 3673 750 3727; x_wconf 83' lang='lat' dir='ltr'><strong>malam</strong></span> <span class='ocrx_word' id='word_1_363' title='bbox 764 3671 954 3734; x_wconf 87' lang='lat' dir='ltr'><strong>arbitremur,</strong></span> <span class='ocrx_word' id='word_1_364' title='bbox 982 3683 1049 3720; x_wconf 88' lang='lat' dir='ltr'><strong>cum</strong></span> <span class='ocrx_word' id='word_1_365' title='bbox 1062 3682 1097 3720; x_wconf 81' lang='lat' dir='ltr'><strong>ca</strong></span> 
     </span>
     <span class='ocr_line' id='line_1_43' title="bbox 41 3748 1095 3836; baseline -0.016 -17"><span class='ocrx_word' id='word_1_366' title='bbox 41 3767 154 3822; x_wconf 89' lang='lat' dir='ltr'><strong>multos</strong></span> <span class='ocrx_word' id='word_1_367' title='bbox 170 3765 264 3820; x_wconf 88' lang='lat' dir='ltr'><strong>ctiam</strong></span> <span class='ocrx_word' id='word_1_368' title='bbox 276 3762 342 3836; x_wconf 90' lang='lat' dir='ltr'><strong>pios</strong></span> <span class='ocrx_word' id='word_1_369' title='bbox 357 3767 387 3814; x_wconf 89' lang='lat' dir='ltr'><strong>ct</strong></span> <span class='ocrx_word' id='word_1_370' title='bbox 400 3758 493 3816; x_wconf 87' lang='lat' dir='ltr'><strong>bonos</strong></span> <span class='ocrx_word' id='word_1_371' title='bbox 505 3760 593 3813; x_wconf 91' lang='lat' dir='ltr'><strong>unius</strong></span> <span class='ocrx_word' id='word_1_372' title='bbox 605 3755 665 3812; x_wconf 90' lang='lat' dir='ltr'><strong>Dei</strong></span> <span class='ocrx_word' id='word_1_373' title='bbox 675 3754 740 3810; x_wconf 86' lang='lat' dir='ltr'><strong>veri</strong></span> <span class='ocrx_word' id='word_1_374' title='bbox 752 3755 897 3818; x_wconf 89' lang='lat' dir='ltr'><strong>cultores,</strong></span> <span class='ocrx_word' id='word_1_375' title='bbox 911 3748 1013 3803; x_wconf 87' lang='lat' dir='ltr'><strong>invitis</strong></span> <span class='ocrx_word' id='word_1_376' title='bbox 1028 3748 1095 3804; x_wconf 88' lang='lat' dir='ltr'><strong>dae-</strong></span> 
     </span>
     <span class='ocr_line' id='line_1_44' title="bbox 42 3831 1096 3924; baseline -0.018 -20"><span class='ocrx_word' id='word_1_377' title='bbox 42 3849 183 3908; x_wconf 88' lang='lat' dir='ltr'><strong>monibus</strong></span> <span class='ocrx_word' id='word_1_378' title='bbox 197 3845 415 3924; x_wconf 86' lang='lat' dir='ltr'><strong>praepolluisse</strong></span> <span class='ocrx_word' id='word_1_379' title='bbox 429 3839 597 3912; x_wconf 83' lang='lat' dir='ltr'><strong>videamus3</strong></span> <span class='ocrx_word' id='word_1_380' title='bbox 624 3857 679 3894; x_wconf 88' lang='lat' dir='ltr'><strong>nec</strong></span> <span class='ocrx_word' id='word_1_381' title='bbox 707 3835 825 3892; x_wconf 85' lang='lat' dir='ltr'><strong>eosdem</strong></span> <span class='ocrx_word' id='word_1_382' title='bbox 848 3831 1096 3888; x_wconf 87' lang='lat' dir='ltr'><strong>immundissimos</strong></span> 
     </span>
    </p>
   </div>
   <div class='ocr_carea' id='block_1_3' title="bbox 0 0 1306 4416">
    <p class='ocr_par' dir='ltr' id='par_1_3' title="bbox 0 0 1306 4416">
     <span class='ocr_line' id='line_1_45' title="bbox 0 0 1306 4416; baseline 0 2"><span class='ocrx_word' id='word_1_383' title='bbox 0 0 1306 4416; x_wconf 95' lang='lat' dir='ltr'><strong> </strong></span> 
     </span>
    </p>
   </div>
  </div>
 </body>
</html>
