<?xml version="1.0" encoding="UTF-8"?>
<!DOCTYPE html PUBLIC "-//W3C//DTD XHTML 1.0 Transitional//EN"
    "http://www.w3.org/TR/xhtml1/DTD/xhtml1-transitional.dtd">
<html xmlns="http://www.w3.org/1999/xhtml" xml:lang="en" lang="en">
 <head>
  <title>
</title>
<meta http-equiv="Content-Type" content="text/html;charset=utf-8" />
  <meta name='ocr-system' content='tesseract 3.04.00' />
  <meta name='ocr-capabilities' content='ocr_page ocr_carea ocr_par ocr_line ocrx_word'/>
</head>
<body>
  <div class='ocr_page' id='page_1' title='image "./saureliiaugusti02augugoog_0333.png"; bbox 0 0 2576 4396; ppageno 0'>
   <div class='ocr_carea' id='block_1_1' title="bbox 228 180 1034 260">
    <p class='ocr_par' dir='ltr' id='par_1_1' title="bbox 228 180 1034 260">
     <span class='ocr_line' id='line_1_1' title="bbox 228 180 1034 260; baseline -0.009 -1"><span class='ocrx_word' id='word_1_1' title='bbox 228 180 317 260; x_wconf 78' lang='lat' dir='ltr'><strong>aaa</strong></span> <span class='ocrx_word' id='word_1_2' title='bbox 448 195 546 256; x_wconf 78' lang='lat' dir='ltr'><strong>orvi</strong></span> <span class='ocrx_word' id='word_1_3' title='bbox 569 193 758 252; x_wconf 78' lang='lat' dir='ltr'><strong>svnaun</strong></span> <span class='ocrx_word' id='word_1_4' title='bbox 785 192 1034 254; x_wconf 76' lang='lat' dir='ltr'><strong>Avovsnrur</strong></span> 
     </span>
    </p>
   </div>
   <div class='ocr_carea' id='block_1_2' title="bbox 226 344 1275 2884">
    <p class='ocr_par' dir='ltr' id='par_1_2' title="bbox 226 344 1275 2800">
     <span class='ocr_line' id='line_1_2' title="bbox 228 344 1258 423; baseline -0.004 -15"><span class='ocrx_word' id='word_1_5' title='bbox 228 353 382 408; x_wconf 90' lang='lat' dir='ltr'><strong>tinuerunt</strong></span> <span class='ocrx_word' id='word_1_6' title='bbox 400 347 604 404; x_wconf 85' lang='lat' dir='ltr'><strong>excellentiam</strong></span> <span class='ocrx_word' id='word_1_7' title='bbox 622 346 761 420; x_wconf 84' lang='lat' dir='ltr'><strong>sapientis</strong></span> <span class='ocrx_word' id='word_1_8' title='bbox 782 344 940 420; x_wconf 79' lang='lat' dir='ltr'><strong>beataeque</strong></span> <span class='ocrx_word' id='word_1_9' title='bbox 954 346 1047 416; x_wconf 90' lang='lat' dir='ltr'><strong>vitae,</strong></span> <span class='ocrx_word' id='word_1_10' title='bbox 1075 363 1148 420; x_wconf 86' lang='lat' dir='ltr'><strong>quac</strong></span> <span class='ocrx_word' id='word_1_11' title='bbox 1160 355 1258 423; x_wconf 90' lang='lat' dir='ltr'><strong>procul</strong></span> 
     </span>
     <span class='ocr_line' id='line_1_3' title="bbox 229 429 1259 508; baseline -0.001 -18"><span class='ocrx_word' id='word_1_12' title='bbox 229 434 315 490; x_wconf 91' lang='lat' dir='ltr'><strong>dubio</strong></span> <span class='ocrx_word' id='word_1_13' title='bbox 341 449 402 488; x_wconf 91' lang='lat' dir='ltr'><strong>non</strong></span> <span class='ocrx_word' id='word_1_14' title='bbox 428 431 487 486; x_wconf 87' lang='lat' dir='ltr'><strong>nisi</strong></span> <span class='ocrx_word' id='word_1_15' title='bbox 502 438 623 485; x_wconf 88' lang='lat' dir='ltr'><strong>aeterna</strong></span> <span class='ocrx_word' id='word_1_16' title='bbox 645 437 690 484; x_wconf 88' lang='lat' dir='ltr'><strong>est</strong></span> <span class='ocrx_word' id='word_1_17' title='bbox 716 429 956 502; x_wconf 78' lang='lat' dir='ltr'><strong>aeternitatisque</strong></span> <span class='ocrx_word' id='word_1_18' title='bbox 973 445 1042 483; x_wconf 89' lang='lat' dir='ltr'><strong>suae</strong></span> <span class='ocrx_word' id='word_1_19' title='bbox 1069 439 1149 486; x_wconf 89' lang='lat' dir='ltr'><strong>certa</strong></span> <span class='ocrx_word' id='word_1_20' title='bbox 1173 442 1259 508; x_wconf 84' lang='lat' dir='ltr'><strong>atque</strong></span> 
     </span>
     <span class='ocr_line' id='line_1_4' title="bbox 230 510 1260 585; baseline 0 -13"><span class='ocrx_word' id='word_1_21' title='bbox 230 533 346 574; x_wconf 87' lang='lat' dir='ltr'><strong>secura:</strong></span> <span class='ocrx_word' id='word_1_22' title='bbox 373 513 424 570; x_wconf 88' lang='lat' dir='ltr'><strong>sed</strong></span> <span class='ocrx_word' id='word_1_23' title='bbox 449 521 479 568; x_wconf 92' lang='lat' dir='ltr'><strong>ct</strong></span> <span class='ocrx_word' id='word_1_24' title='bbox 503 513 677 568; x_wconf 83' lang='lat' dir='ltr'><strong>rationalem</strong></span> <span class='ocrx_word' id='word_1_25' title='bbox 702 512 771 566; x_wconf 90' lang='lat' dir='ltr'><strong>licet</strong></span> <span class='ocrx_word' id='word_1_26' title='bbox 787 512 984 585; x_wconf 86' lang='lat' dir='ltr'><strong>insipientem</strong></span> <span class='ocrx_word' id='word_1_27' title='bbox 1011 512 1053 566; x_wconf 87' lang='lat' dir='ltr'><strong>sie</strong></span> <span class='ocrx_word' id='word_1_28' title='bbox 1078 510 1201 584; x_wconf 88' lang='lat' dir='ltr'><strong>habent,</strong></span> <span class='ocrx_word' id='word_1_29' title='bbox 1229 527 1260 571; x_wconf 93' lang='lat' dir='ltr'><strong>ut</strong></span> 
     </span>
     <span class='ocr_line' id='line_1_5' title="bbox 228 594 1261 671; baseline -0.001 -17"><span class='ocrx_word' id='word_1_30' title='bbox 228 617 292 655; x_wconf 88' lang='lat' dir='ltr'><strong>eam</strong></span> <span class='ocrx_word' id='word_1_31' title='bbox 305 597 492 671; x_wconf 87' lang='lat' dir='ltr'><strong>nonpossint</strong></span> <span class='ocrx_word' id='word_1_32' title='bbox 504 595 652 665; x_wconf 88' lang='lat' dir='ltr'><strong>amittere,</strong></span> <span class='ocrx_word' id='word_1_33' title='bbox 667 612 722 650; x_wconf 90' lang='lat' dir='ltr'><strong>nec</strong></span> <span class='ocrx_word' id='word_1_34' title='bbox 736 595 762 650; x_wconf 93' lang='lat' dir='ltr'><strong>si</strong></span> <span class='ocrx_word' id='word_1_35' title='bbox 774 595 876 650; x_wconf 88' lang='lat' dir='ltr'><strong>velint.</strong></span> <span class='ocrx_word' id='word_1_36' title='bbox 904 594 1055 659; x_wconf 82' lang='lat' dir='ltr'><strong>Quatenus</strong></span> <span class='ocrx_word' id='word_1_37' title='bbox 1079 603 1177 652; x_wconf 87' lang='lat' dir='ltr'><strong>autem</strong></span> <span class='ocrx_word' id='word_1_38' title='bbox 1194 608 1261 653; x_wconf 89' lang='lat' dir='ltr'><strong>ante</strong></span> 
     </span>
     <span class='ocr_line' id='line_1_6' title="bbox 227 677 1262 756; baseline -0.001 -20"><span class='ocrx_word' id='word_1_39' title='bbox 227 699 314 756; x_wconf 88' lang='lat' dir='ltr'><strong>quam</strong></span> <span class='ocrx_word' id='word_1_40' title='bbox 327 687 517 756; x_wconf 72' lang='lat' dir='ltr'><strong>peccantem,</strong></span> <span class='ocrx_word' id='word_1_41' title='bbox 544 677 621 732; x_wconf 89' lang='lat' dir='ltr'><strong>illius</strong></span> <span class='ocrx_word' id='word_1_42' title='bbox 636 677 797 751; x_wconf 83' lang='lat' dir='ltr'><strong>sapientiae</strong></span> <span class='ocrx_word' id='word_1_43' title='bbox 817 677 928 732; x_wconf 82' lang='lat' dir='ltr'><strong>firerint</strong></span> <span class='ocrx_word' id='word_1_44' title='bbox 944 678 1115 752; x_wconf 89' lang='lat' dir='ltr'><strong>participes,</strong></span> <span class='ocrx_word' id='word_1_45' title='bbox 1141 678 1262 735; x_wconf 88' lang='lat' dir='ltr'><strong>definire</strong></span> 
     </span>
     <span class='ocr_line' id='line_1_7' title="bbox 227 758 1261 839; baseline 0 -20"><span class='ocrx_word' id='word_1_46' title='bbox 227 765 293 839; x_wconf 87' lang='lat' dir='ltr'><strong>quis</strong></span> <span class='ocrx_word' id='word_1_47' title='bbox 311 758 426 837; x_wconf 81' lang='lat' dir='ltr'><strong>potasti</strong></span> <span class='ocrx_word' id='word_1_48' title='bbox 449 761 484 817; x_wconf 94' lang='lat' dir='ltr'><strong>ln</strong></span> <span class='ocrx_word' id='word_1_49' title='bbox 503 761 566 816; x_wconf 91' lang='lat' dir='ltr'><strong>eius</strong></span> <span class='ocrx_word' id='word_1_50' title='bbox 586 767 684 816; x_wconf 88' lang='lat' dir='ltr'><strong>tamen</strong></span> <span class='ocrx_word' id='word_1_51' title='bbox 697 761 922 834; x_wconf 79' lang='lat' dir='ltr'><strong>participatione</strong></span> <span class='ocrx_word' id='word_1_52' title='bbox 935 762 1071 834; x_wconf 80' lang='lat' dir='ltr'><strong>aequales</strong></span> <span class='ocrx_word' id='word_1_53' title='bbox 1084 760 1176 818; x_wconf 84' lang='lat' dir='ltr'><strong>fuisse</strong></span> <span class='ocrx_word' id='word_1_54' title='bbox 1189 764 1261 819; x_wconf 88' lang='lat' dir='ltr'><strong>istos</strong></span> 
     </span>
     <span class='ocr_line' id='line_1_8' title="bbox 228 842 1262 920; baseline 0 -19"><span class='ocrx_word' id='word_1_55' title='bbox 228 848 309 916; x_wconf 86' lang='lat' dir='ltr'><strong>illis,</strong></span> <span class='ocrx_word' id='word_1_56' title='bbox 337 845 387 920; x_wconf 91' lang='lat' dir='ltr'><strong>qui</strong></span> <span class='ocrx_word' id='word_1_57' title='bbox 399 852 553 918; x_wconf 87' lang='lat' dir='ltr'><strong>propterca</strong></span> <span class='ocrx_word' id='word_1_58' title='bbox 566 861 636 900; x_wconf 86' lang='lat' dir='ltr'><strong>vere</strong></span> <span class='ocrx_word' id='word_1_59' title='bbox 647 843 790 917; x_wconf 89' lang='lat' dir='ltr'><strong>pleneque</strong></span> <span class='ocrx_word' id='word_1_60' title='bbox 803 842 978 914; x_wconf 59' lang='lat' dir='ltr'><strong>beati‘sunt,</strong></span> <span class='ocrx_word' id='word_1_61' title='bbox 1003 844 1140 917; x_wconf 88' lang='lat' dir='ltr'><strong>quoniam</strong></span> <span class='ocrx_word' id='word_1_62' title='bbox 1151 863 1262 920; x_wconf 89' lang='lat' dir='ltr'><strong>nequa-</strong></span> 
     </span>
     <span class='ocr_line' id='line_1_9' title="bbox 229 924 1261 1002; baseline -0.001 -18"><span class='ocrx_word' id='word_1_63' title='bbox 229 946 316 1002; x_wconf 92' lang='lat' dir='ltr'><strong>quam</strong></span> <span class='ocrx_word' id='word_1_64' title='bbox 335 928 370 982; x_wconf 95' lang='lat' dir='ltr'><strong>de</strong></span> <span class='ocrx_word' id='word_1_65' title='bbox 387 944 457 982; x_wconf 75' lang='lat' dir='ltr'><strong>surae</strong></span> <span class='ocrx_word' id='word_1_66' title='bbox 475 925 665 983; x_wconf 85' lang='lat' dir='ltr'><strong>beatitudinis</strong></span> <span class='ocrx_word' id='word_1_67' title='bbox 685 927 860 981; x_wconf 77' lang='lat' dir='ltr'><strong>aeternitate</strong></span> <span class='ocrx_word' id='word_1_68' title='bbox 877 924 1034 997; x_wconf 82' lang='lat' dir='ltr'><strong>falluntur,</strong></span> <span class='ocrx_word' id='word_1_69' title='bbox 1061 927 1203 1000; x_wconf 92' lang='lat' dir='ltr'><strong>quomodo</strong></span> <span class='ocrx_word' id='word_1_70' title='bbox 1218 927 1261 982; x_wconf 91' lang='lat' dir='ltr'><strong>di-</strong></span> 
     </span>
     <span class='ocr_line' id='line_1_10' title="bbox 228 1005 1263 1085; baseline 0.001 -19"><span class='ocrx_word' id='word_1_71' title='bbox 228 1005 435 1067; x_wconf 82' lang='lat' dir='ltr'><strong>cturisumusi</strong></span> <span class='ocrx_word' id='word_1_72' title='bbox 465 1007 698 1085; x_wconf 89' lang='lat' dir='ltr'><strong>quandoquidem</strong></span> <span class='ocrx_word' id='word_1_73' title='bbox 711 1008 737 1062; x_wconf 88' lang='lat' dir='ltr'><strong>si</strong></span> <span class='ocrx_word' id='word_1_74' title='bbox 750 1010 884 1083; x_wconf 80' lang='lat' dir='ltr'><strong>aequales</strong></span> <span class='ocrx_word' id='word_1_75' title='bbox 902 1009 935 1062; x_wconf 92' lang='lat' dir='ltr'><strong>in</strong></span> <span class='ocrx_word' id='word_1_76' title='bbox 954 1026 987 1064; x_wconf 89' lang='lat' dir='ltr'><strong>ea</strong></span> <span class='ocrx_word' id='word_1_77' title='bbox 1005 1007 1148 1081; x_wconf 82' lang='lat' dir='ltr'><strong>luissent,</strong></span> <span class='ocrx_word' id='word_1_78' title='bbox 1175 1012 1263 1066; x_wconf 86' lang='lat' dir='ltr'><strong>etiam</strong></span> 
     </span>
     <span class='ocr_line' id='line_1_11' title="bbox 228 1091 1264 1168; baseline 0.001 -20"><span class='ocrx_word' id='word_1_79' title='bbox 228 1094 280 1149; x_wconf 90' lang='lat' dir='ltr'><strong>isti</strong></span> <span class='ocrx_word' id='word_1_80' title='bbox 297 1095 330 1149; x_wconf 90' lang='lat' dir='ltr'><strong>in</strong></span> <span class='ocrx_word' id='word_1_81' title='bbox 348 1094 410 1148; x_wconf 88' lang='lat' dir='ltr'><strong>aius</strong></span> <span class='ocrx_word' id='word_1_82' title='bbox 429 1093 603 1148; x_wconf 86' lang='lat' dir='ltr'><strong>aeternitate</strong></span> <span class='ocrx_word' id='word_1_83' title='bbox 622 1091 800 1148; x_wconf 73' lang='lat' dir='ltr'><strong>mansissent</strong></span> <span class='ocrx_word' id='word_1_84' title='bbox 817 1092 928 1165; x_wconf 87' lang='lat' dir='ltr'><strong>pariter</strong></span> <span class='ocrx_word' id='word_1_85' title='bbox 941 1091 1034 1163; x_wconf 91' lang='lat' dir='ltr'><strong>beati,</strong></span> <span class='ocrx_word' id='word_1_86' title='bbox 1061 1093 1129 1167; x_wconf 90' lang='lat' dir='ltr'><strong>quia</strong></span> <span class='ocrx_word' id='word_1_87' title='bbox 1153 1095 1264 1168; x_wconf 88' lang='lat' dir='ltr'><strong>pariter</strong></span> 
     </span>
     <span class='ocr_line' id='line_1_12' title="bbox 230 1172 1263 1250; baseline 0.001 -19"><span class='ocrx_word' id='word_1_88' title='bbox 230 1177 313 1232; x_wconf 87' lang='lat' dir='ltr'><strong>certi.</strong></span> <span class='ocrx_word' id='word_1_89' title='bbox 356 1175 459 1250; x_wconf 84' lang='lat' dir='ltr'><strong>Neque</strong></span> <span class='ocrx_word' id='word_1_90' title='bbox 478 1177 557 1230; x_wconf 92' lang='lat' dir='ltr'><strong>enim</strong></span> <span class='ocrx_word' id='word_1_91' title='bbox 576 1175 653 1230; x_wconf 89' lang='lat' dir='ltr'><strong>sicut</strong></span> <span class='ocrx_word' id='word_1_92' title='bbox 668 1175 730 1230; x_wconf 85' lang='lat' dir='ltr'><strong>vita</strong></span> <span class='ocrx_word' id='word_1_93' title='bbox 749 1172 885 1248; x_wconf 88' lang='lat' dir='ltr'><strong>quamdiu</strong></span> <span class='ocrx_word' id='word_1_94' title='bbox 899 1191 1014 1248; x_wconf 89' lang='lat' dir='ltr'><strong>cunque</strong></span> <span class='ocrx_word' id='word_1_95' title='bbox 1027 1173 1132 1246; x_wconf 80' lang='lat' dir='ltr'><strong>riserit,</strong></span> <span class='ocrx_word' id='word_1_96' title='bbox 1158 1177 1200 1232; x_wconf 88' lang='lat' dir='ltr'><strong>ita</strong></span> <span class='ocrx_word' id='word_1_97' title='bbox 1213 1195 1263 1231; x_wconf 90' lang='lat' dir='ltr'><strong>ae-</strong></span> 
     </span>
     <span class='ocr_line' id='line_1_13' title="bbox 229 1254 1264 1334; baseline 0 -20"><span class='ocrx_word' id='word_1_98' title='bbox 229 1267 314 1315; x_wconf 89' lang='lat' dir='ltr'><strong>terna</strong></span> <span class='ocrx_word' id='word_1_99' title='bbox 326 1259 388 1314; x_wconf 87' lang='lat' dir='ltr'><strong>vita</strong></span> <span class='ocrx_word' id='word_1_100' title='bbox 401 1259 547 1315; x_wconf 87' lang='lat' dir='ltr'><strong>veraciter</strong></span> <span class='ocrx_word' id='word_1_101' title='bbox 562 1257 619 1312; x_wconf 90' lang='lat' dir='ltr'><strong>dici</strong></span> <span class='ocrx_word' id='word_1_102' title='bbox 632 1257 757 1329; x_wconf 89' lang='lat' dir='ltr'><strong>poterit,</strong></span> <span class='ocrx_word' id='word_1_103' title='bbox 772 1257 798 1310; x_wconf 88' lang='lat' dir='ltr'><strong>si</strong></span> <span class='ocrx_word' id='word_1_104' title='bbox 811 1255 900 1312; x_wconf 92' lang='lat' dir='ltr'><strong>finem</strong></span> <span class='ocrx_word' id='word_1_105' title='bbox 912 1254 1047 1313; x_wconf 89' lang='lat' dir='ltr'><strong>habitura</strong></span> <span class='ocrx_word' id='word_1_106' title='bbox 1060 1259 1107 1312; x_wconf 88' lang='lat' dir='ltr'><strong>sit.</strong></span> <span class='ocrx_word' id='word_1_107' title='bbox 1152 1256 1186 1314; x_wconf 87' lang='lat' dir='ltr'><strong>Si</strong></span> <span class='ocrx_word' id='word_1_108' title='bbox 1198 1261 1264 1334; x_wconf 93' lang='lat' dir='ltr'><strong>qui-</strong></span> 
     </span>
     <span class='ocr_line' id='line_1_14' title="bbox 228 1337 1264 1410; baseline 0.002 -14"><span class='ocrx_word' id='word_1_109' title='bbox 228 1341 295 1396; x_wconf 89' lang='lat' dir='ltr'><strong>dem</strong></span> <span class='ocrx_word' id='word_1_110' title='bbox 306 1343 369 1397; x_wconf 83' lang='lat' dir='ltr'><strong>vita</strong></span> <span class='ocrx_word' id='word_1_111' title='bbox 378 1339 580 1397; x_wconf 90' lang='lat' dir='ltr'><strong>tantummodo</strong></span> <span class='ocrx_word' id='word_1_112' title='bbox 593 1337 732 1410; x_wconf 87' lang='lat' dir='ltr'><strong>vivendo,</strong></span> <span class='ocrx_word' id='word_1_113' title='bbox 746 1347 865 1395; x_wconf 87' lang='lat' dir='ltr'><strong>aeterna</strong></span> <span class='ocrx_word' id='word_1_114' title='bbox 877 1358 949 1396; x_wconf 86' lang='lat' dir='ltr'><strong>vero</strong></span> <span class='ocrx_word' id='word_1_115' title='bbox 959 1340 1047 1396; x_wconf 90' lang='lat' dir='ltr'><strong>finem</strong></span> <span class='ocrx_word' id='word_1_116' title='bbox 1061 1359 1120 1398; x_wconf 90' lang='lat' dir='ltr'><strong>non</strong></span> <span class='ocrx_word' id='word_1_117' title='bbox 1133 1340 1264 1398; x_wconf 87' lang='lat' dir='ltr'><strong>habendo</strong></span> 
     </span>
     <span class='ocr_line' id='line_1_15' title="bbox 228 1422 1265 1499; baseline -0.001 -18"><span class='ocrx_word' id='word_1_118' title='bbox 228 1425 379 1481; x_wconf 86' lang='lat' dir='ltr'><strong>nominata</strong></span> <span class='ocrx_word' id='word_1_119' title='bbox 393 1433 447 1479; x_wconf 89' lang='lat' dir='ltr'><strong>est.</strong></span> <span class='ocrx_word' id='word_1_120' title='bbox 491 1425 675 1498; x_wconf 81' lang='lat' dir='ltr'><strong>Quapropter</strong></span> <span class='ocrx_word' id='word_1_121' title='bbox 699 1423 832 1497; x_wconf 86' lang='lat' dir='ltr'><strong>quamvis</strong></span> <span class='ocrx_word' id='word_1_122' title='bbox 857 1441 918 1478; x_wconf 89' lang='lat' dir='ltr'><strong>non</strong></span> <span class='ocrx_word' id='word_1_123' title='bbox 941 1422 1079 1499; x_wconf 91' lang='lat' dir='ltr'><strong>quicquid</strong></span> <span class='ocrx_word' id='word_1_124' title='bbox 1102 1434 1265 1497; x_wconf 88' lang='lat' dir='ltr'><strong>aeternum,</strong></span> 
     </span>
     <span class='ocr_line' id='line_1_16' title="bbox 228 1500 1264 1584; baseline 0 -22"><span class='ocrx_word' id='word_1_125' title='bbox 228 1507 369 1562; x_wconf 90' lang='lat' dir='ltr'><strong>continuo</strong></span> <span class='ocrx_word' id='word_1_126' title='bbox 382 1505 499 1560; x_wconf 90' lang='lat' dir='ltr'><strong>beatum</strong></span> <span class='ocrx_word' id='word_1_127' title='bbox 514 1507 568 1576; x_wconf 90' lang='lat' dir='ltr'><strong>sit;</strong></span> <span class='ocrx_word' id='word_1_128' title='bbox 595 1500 721 1581; x_wconf 86' lang='lat' dir='ltr'><strong>(dicitur</strong></span> <span class='ocrx_word' id='word_1_129' title='bbox 735 1507 814 1562; x_wconf 89' lang='lat' dir='ltr'><strong>enim</strong></span> <span class='ocrx_word' id='word_1_130' title='bbox 828 1506 916 1560; x_wconf 90' lang='lat' dir='ltr'><strong>etiam</strong></span> <span class='ocrx_word' id='word_1_131' title='bbox 927 1507 1060 1580; x_wconf 88' lang='lat' dir='ltr'><strong>poenalis</strong></span> <span class='ocrx_word' id='word_1_132' title='bbox 1074 1508 1153 1584; x_wconf 82' lang='lat' dir='ltr'><strong>ignis</strong></span> <span class='ocrx_word' id='word_1_133' title='bbox 1168 1517 1264 1563; x_wconf 85' lang='lat' dir='ltr'><strong>aeter·</strong></span> 
     </span>
     <span class='ocr_line' id='line_1_17' title="bbox 229 1586 1264 1666; baseline 0.001 -23"><span class='ocrx_word' id='word_1_134' title='bbox 229 1606 286 1644; x_wconf 90' lang='lat' dir='ltr'><strong>nus</strong></span> <span class='ocrx_word' id='word_1_135' title='bbox 295 1586 326 1666; x_wconf 76' lang='lat' dir='ltr'><strong>z)</strong></span> <span class='ocrx_word' id='word_1_136' title='bbox 339 1597 439 1643; x_wconf 88' lang='lat' dir='ltr'><strong>tamen</strong></span> <span class='ocrx_word' id='word_1_137' title='bbox 453 1589 557 1644; x_wconf 82' lang='lat' dir='ltr'><strong>sivero</strong></span> <span class='ocrx_word' id='word_1_138' title='bbox 569 1586 755 1662; x_wconf 80' lang='lat' dir='ltr'><strong>perfecteque</strong></span> <span class='ocrx_word' id='word_1_139' title='bbox 768 1587 853 1644; x_wconf 88' lang='lat' dir='ltr'><strong>beata</strong></span> <span class='ocrx_word' id='word_1_140' title='bbox 862 1589 924 1644; x_wconf 87' lang='lat' dir='ltr'><strong>vita</strong></span> <span class='ocrx_word' id='word_1_141' title='bbox 934 1607 994 1644; x_wconf 91' lang='lat' dir='ltr'><strong>non</strong></span> <span class='ocrx_word' id='word_1_142' title='bbox 1005 1590 1064 1644; x_wconf 91' lang='lat' dir='ltr'><strong>nisi</strong></span> <span class='ocrx_word' id='word_1_143' title='bbox 1077 1598 1196 1646; x_wconf 84' lang='lat' dir='ltr'><strong>aeterna</strong></span> <span class='ocrx_word' id='word_1_144' title='bbox 1209 1601 1264 1661; x_wconf 85' lang='lat' dir='ltr'><strong>est,</strong></span> 
     </span>
     <span class='ocr_line' id='line_1_18' title="bbox 229 1669 1264 1746; baseline 0.002 -20"><span class='ocrx_word' id='word_1_145' title='bbox 229 1689 291 1726; x_wconf 91' lang='lat' dir='ltr'><strong>non</strong></span> <span class='ocrx_word' id='word_1_146' title='bbox 306 1679 369 1726; x_wconf 89' lang='lat' dir='ltr'><strong>erat</strong></span> <span class='ocrx_word' id='word_1_147' title='bbox 382 1671 449 1726; x_wconf 91' lang='lat' dir='ltr'><strong>talis</strong></span> <span class='ocrx_word' id='word_1_148' title='bbox 463 1671 604 1740; x_wconf 85' lang='lat' dir='ltr'><strong>istorum,</strong></span> <span class='ocrx_word' id='word_1_149' title='bbox 629 1669 803 1745; x_wconf 88' lang='lat' dir='ltr'><strong>quandoque</strong></span> <span class='ocrx_word' id='word_1_150' title='bbox 821 1671 968 1741; x_wconf 88' lang='lat' dir='ltr'><strong>desitura,</strong></span> <span class='ocrx_word' id='word_1_151' title='bbox 996 1680 1026 1726; x_wconf 91' lang='lat' dir='ltr'><strong>ct</strong></span> <span class='ocrx_word' id='word_1_152' title='bbox 1037 1679 1192 1746; x_wconf 88' lang='lat' dir='ltr'><strong>propterea</strong></span> <span class='ocrx_word' id='word_1_153' title='bbox 1206 1691 1264 1729; x_wconf 88' lang='lat' dir='ltr'><strong>non</strong></span> 
     </span>
     <span class='ocr_line' id='line_1_19' title="bbox 229 1753 1264 1829; baseline 0.002 -21"><span class='ocrx_word' id='word_1_154' title='bbox 229 1761 368 1823; x_wconf 87' lang='lat' dir='ltr'><strong>aeterna,</strong></span> <span class='ocrx_word' id='word_1_155' title='bbox 396 1754 459 1809; x_wconf 82' lang='lat' dir='ltr'><strong>sive</strong></span> <span class='ocrx_word' id='word_1_156' title='bbox 472 1753 503 1808; x_wconf 90' lang='lat' dir='ltr'><strong>id</strong></span> <span class='ocrx_word' id='word_1_157' title='bbox 521 1753 647 1824; x_wconf 87' lang='lat' dir='ltr'><strong>scirent,</strong></span> <span class='ocrx_word' id='word_1_158' title='bbox 673 1754 735 1808; x_wconf 83' lang='lat' dir='ltr'><strong>sive</strong></span> <span class='ocrx_word' id='word_1_159' title='bbox 749 1754 915 1810; x_wconf 87' lang='lat' dir='ltr'><strong>nescientes</strong></span> <span class='ocrx_word' id='word_1_160' title='bbox 929 1753 1007 1809; x_wconf 91' lang='lat' dir='ltr'><strong>aliud</strong></span> <span class='ocrx_word' id='word_1_161' title='bbox 1019 1762 1170 1828; x_wconf 86' lang='lat' dir='ltr'><strong>putarent:</strong></span> <span class='ocrx_word' id='word_1_162' title='bbox 1198 1757 1264 1829; x_wconf 88' lang='lat' dir='ltr'><strong>qnia</strong></span> 
     </span>
     <span class='ocr_line' id='line_1_20' title="bbox 230 1834 1263 1910; baseline 0.002 -20"><span class='ocrx_word' id='word_1_163' title='bbox 230 1837 357 1891; x_wconf 87' lang='lat' dir='ltr'><strong>seientes</strong></span> <span class='ocrx_word' id='word_1_164' title='bbox 369 1837 468 1906; x_wconf 91' lang='lat' dir='ltr'><strong>timor,</strong></span> <span class='ocrx_word' id='word_1_165' title='bbox 484 1834 649 1892; x_wconf 88' lang='lat' dir='ltr'><strong>nescientes</strong></span> <span class='ocrx_word' id='word_1_166' title='bbox 664 1853 747 1892; x_wconf 87' lang='lat' dir='ltr'><strong>error</strong></span> <span class='ocrx_word' id='word_1_167' title='bbox 759 1835 860 1892; x_wconf 89' lang='lat' dir='ltr'><strong>beatos</strong></span> <span class='ocrx_word' id='word_1_168' title='bbox 874 1854 939 1891; x_wconf 90' lang='lat' dir='ltr'><strong>esse</strong></span> <span class='ocrx_word' id='word_1_169' title='bbox 952 1837 1053 1910; x_wconf 89' lang='lat' dir='ltr'><strong>utique</strong></span> <span class='ocrx_word' id='word_1_170' title='bbox 1067 1854 1127 1891; x_wconf 89' lang='lat' dir='ltr'><strong>non</strong></span> <span class='ocrx_word' id='word_1_171' title='bbox 1141 1837 1263 1894; x_wconf 87' lang='lat' dir='ltr'><strong>sinebat.</strong></span> 
     </span>
     <span class='ocr_line' id='line_1_21' title="bbox 229 1916 1264 1991; baseline 0.002 -17"><span class='ocrx_word' id='word_1_172' title='bbox 229 1916 264 1974; x_wconf 85' lang='lat' dir='ltr'><strong>si</strong></span> <span class='ocrx_word' id='word_1_173' title='bbox 277 1927 373 1974; x_wconf 87' lang='lat' dir='ltr'><strong>autem</strong></span> <span class='ocrx_word' id='word_1_174' title='bbox 389 1917 444 1974; x_wconf 92' lang='lat' dir='ltr'><strong>hoc</strong></span> <span class='ocrx_word' id='word_1_175' title='bbox 463 1919 505 1974; x_wconf 90' lang='lat' dir='ltr'><strong>ita</strong></span> <span class='ocrx_word' id='word_1_176' title='bbox 523 1918 709 1990; x_wconf 77' lang='lat' dir='ltr'><strong>nesciebant,</strong></span> <span class='ocrx_word' id='word_1_177' title='bbox 735 1927 768 1974; x_wconf 93' lang='lat' dir='ltr'><strong>ut</strong></span> <span class='ocrx_word' id='word_1_178' title='bbox 785 1917 866 1974; x_wconf 78' lang='lat' dir='ltr'><strong>falsis</strong></span> <span class='ocrx_word' id='word_1_179' title='bbox 879 1919 1039 1975; x_wconf 85' lang='lat' dir='ltr'><strong>incertisve</strong></span> <span class='ocrx_word' id='word_1_180' title='bbox 1052 1937 1113 1976; x_wconf 90' lang='lat' dir='ltr'><strong>non</strong></span> <span class='ocrx_word' id='word_1_181' title='bbox 1128 1919 1264 1991; x_wconf 84' lang='lat' dir='ltr'><strong>fiderent,</strong></span> 
     </span>
     <span class='ocr_line' id='line_1_22' title="bbox 229 1999 1265 2078; baseline 0.002 -22"><span class='ocrx_word' id='word_1_182' title='bbox 229 1999 279 2056; x_wconf 89' lang='lat' dir='ltr'><strong>sed</strong></span> <span class='ocrx_word' id='word_1_183' title='bbox 297 2010 396 2057; x_wconf 90' lang='lat' dir='ltr'><strong>utrum</strong></span> <span class='ocrx_word' id='word_1_184' title='bbox 415 2003 641 2076; x_wconf 86' lang='lat' dir='ltr'><strong>sempiternum,</strong></span> <span class='ocrx_word' id='word_1_185' title='bbox 667 2018 706 2056; x_wconf 90' lang='lat' dir='ltr'><strong>an</strong></span> <span class='ocrx_word' id='word_1_186' title='bbox 719 2000 892 2078; x_wconf 90' lang='lat' dir='ltr'><strong>quandoque</strong></span> <span class='ocrx_word' id='word_1_187' title='bbox 905 2001 994 2058; x_wconf 92' lang='lat' dir='ltr'><strong>finem</strong></span> <span class='ocrx_word' id='word_1_188' title='bbox 1006 1999 1176 2058; x_wconf 87' lang='lat' dir='ltr'><strong>habitururn</strong></span> <span class='ocrx_word' id='word_1_189' title='bbox 1189 2014 1265 2058; x_wconf 86' lang='lat' dir='ltr'><strong>essct</strong></span> 
     </span>
     <span class='ocr_line' id='line_1_23' title="bbox 227 2083 1265 2158; baseline 0.003 -19"><span class='ocrx_word' id='word_1_190' title='bbox 227 2083 336 2139; x_wconf 90' lang='lat' dir='ltr'><strong>bonum</strong></span> <span class='ocrx_word' id='word_1_191' title='bbox 350 2102 451 2156; x_wconf 85' lang='lat' dir='ltr'><strong>suum,</strong></span> <span class='ocrx_word' id='word_1_192' title='bbox 479 2087 511 2140; x_wconf 93' lang='lat' dir='ltr'><strong>in</strong></span> <span class='ocrx_word' id='word_1_193' title='bbox 531 2093 667 2140; x_wconf 86' lang='lat' dir='ltr'><strong>neutram</strong></span> <span class='ocrx_word' id='word_1_194' title='bbox 685 2092 798 2158; x_wconf 90' lang='lat' dir='ltr'><strong>partem</strong></span> <span class='ocrx_word' id='word_1_195' title='bbox 817 2083 901 2141; x_wconf 90' lang='lat' dir='ltr'><strong>firma</strong></span> <span class='ocrx_word' id='word_1_196' title='bbox 921 2085 1093 2142; x_wconf 82' lang='lat' dir='ltr'><strong>assensione</strong></span> <span class='ocrx_word' id='word_1_197' title='bbox 1106 2083 1265 2156; x_wconf 70' lang='lat' dir='ltr'><strong>sementum,</strong></span> 
     </span>
     <span class='ocr_line' id='line_1_24' title="bbox 227 2165 1265 2241; baseline 0.003 -20"><span class='ocrx_word' id='word_1_198' title='bbox 227 2167 291 2240; x_wconf 89' lang='lat' dir='ltr'><strong>ipsa</strong></span> <span class='ocrx_word' id='word_1_199' title='bbox 305 2166 341 2222; x_wconf 88' lang='lat' dir='ltr'><strong>de</strong></span> <span class='ocrx_word' id='word_1_200' title='bbox 354 2176 437 2224; x_wconf 89' lang='lat' dir='ltr'><strong>tanta</strong></span> <span class='ocrx_word' id='word_1_201' title='bbox 449 2165 590 2223; x_wconf 81' lang='lat' dir='ltr'><strong>felicitate</strong></span> <span class='ocrx_word' id='word_1_202' title='bbox 603 2167 751 2222; x_wconf 88' lang='lat' dir='ltr'><strong>cunctatio</strong></span> <span class='ocrx_word' id='word_1_203' title='bbox 762 2183 826 2221; x_wconf 91' lang='lat' dir='ltr'><strong>cam</strong></span> <span class='ocrx_word' id='word_1_204' title='bbox 836 2167 940 2223; x_wconf 87' lang='lat' dir='ltr'><strong>beatae</strong></span> <span class='ocrx_word' id='word_1_205' title='bbox 949 2169 1028 2224; x_wconf 86' lang='lat' dir='ltr'><strong>vitae</strong></span> <span class='ocrx_word' id='word_1_206' title='bbox 1038 2167 1265 2241; x_wconf 85' lang='lat' dir='ltr'><strong>plenitudinem,</strong></span> 
     </span>
     <span class='ocr_line' id='line_1_25' title="bbox 228 2246 1266 2326; baseline 0.003 -23"><span class='ocrx_word' id='word_1_207' title='bbox 228 2267 313 2322; x_wconf 91' lang='lat' dir='ltr'><strong>quam</strong></span> <span class='ocrx_word' id='word_1_208' title='bbox 326 2250 358 2304; x_wconf 92' lang='lat' dir='ltr'><strong>in</strong></span> <span class='ocrx_word' id='word_1_209' title='bbox 374 2251 485 2304; x_wconf 88' lang='lat' dir='ltr'><strong>sanctis</strong></span> <span class='ocrx_word' id='word_1_210' title='bbox 504 2249 626 2324; x_wconf 80' lang='lat' dir='ltr'><strong>Angelis</strong></span> <span class='ocrx_word' id='word_1_211' title='bbox 647 2266 711 2303; x_wconf 88' lang='lat' dir='ltr'><strong>csse</strong></span> <span class='ocrx_word' id='word_1_212' title='bbox 724 2247 888 2322; x_wconf 90' lang='lat' dir='ltr'><strong>credimus,</strong></span> <span class='ocrx_word' id='word_1_213' title='bbox 915 2269 975 2306; x_wconf 93' lang='lat' dir='ltr'><strong>non</strong></span> <span class='ocrx_word' id='word_1_214' title='bbox 987 2246 1119 2305; x_wconf 89' lang='lat' dir='ltr'><strong>habebat.</strong></span> <span class='ocrx_word' id='word_1_215' title='bbox 1162 2250 1266 2326; x_wconf 87' lang='lat' dir='ltr'><strong>Neque</strong></span> 
     </span>
     <span class='ocr_line' id='line_1_26' title="bbox 229 2328 1275 2411; baseline 0.006 -27"><span class='ocrx_word' id='word_1_216' title='bbox 229 2331 307 2384; x_wconf 92' lang='lat' dir='ltr'><strong>enim</strong></span> <span class='ocrx_word' id='word_1_217' title='bbox 320 2328 423 2384; x_wconf 86' lang='lat' dir='ltr'><strong>beatae</strong></span> <span class='ocrx_word' id='word_1_218' title='bbox 436 2331 515 2385; x_wconf 81' lang='lat' dir='ltr'><strong>vitae</strong></span> <span class='ocrx_word' id='word_1_219' title='bbox 527 2330 702 2387; x_wconf 82' lang='lat' dir='ltr'><strong>vocabulum</strong></span> <span class='ocrx_word' id='word_1_220' title='bbox 711 2332 752 2386; x_wconf 91' lang='lat' dir='ltr'><strong>ita</strong></span> <span class='ocrx_word' id='word_1_221' title='bbox 764 2331 961 2389; x_wconf 87' lang='lat' dir='ltr'><strong>contrahimus</strong></span> <span class='ocrx_word' id='word_1_222' title='bbox 973 2330 1009 2387; x_wconf 88' lang='lat' dir='ltr'><strong>ad</strong></span> <span class='ocrx_word' id='word_1_223' title='bbox 1019 2331 1159 2406; x_wconf 86' lang='lat' dir='ltr'><strong>quasdam</strong></span> <span class='ocrx_word' id='word_1_224' title='bbox 1170 2335 1275 2411; x_wconf 62' lang='lat' dir='ltr'><strong>signi-2</strong></span> 
     </span>
     <span class='ocr_line' id='line_1_27' title="bbox 227 2411 1265 2490; baseline 0.006 -24"><span class='ocrx_word' id='word_1_225' title='bbox 227 2411 374 2467; x_wconf 87' lang='lat' dir='ltr'><strong>ficationis</strong></span> <span class='ocrx_word' id='word_1_226' title='bbox 392 2415 562 2490; x_wconf 78' lang='lat' dir='ltr'><strong>angustias,</strong></span> <span class='ocrx_word' id='word_1_227' title='bbox 590 2421 623 2469; x_wconf 91' lang='lat' dir='ltr'><strong>ut</strong></span> <span class='ocrx_word' id='word_1_228' title='bbox 637 2414 731 2480; x_wconf 89' lang='lat' dir='ltr'><strong>solum</strong></span> <span class='ocrx_word' id='word_1_229' title='bbox 744 2411 840 2468; x_wconf 90' lang='lat' dir='ltr'><strong>Deum</strong></span> <span class='ocrx_word' id='word_1_230' title='bbox 854 2414 982 2471; x_wconf 82' lang='lat' dir='ltr'><strong>dieamus</strong></span> <span class='ocrx_word' id='word_1_231' title='bbox 995 2413 1128 2472; x_wconf 89' lang='lat' dir='ltr'><strong>beatum:</strong></span> <span class='ocrx_word' id='word_1_232' title='bbox 1154 2418 1205 2490; x_wconf 88' lang='lat' dir='ltr'><strong>qui</strong></span> <span class='ocrx_word' id='word_1_233' title='bbox 1220 2427 1265 2472; x_wconf 91' lang='lat' dir='ltr'><strong>ta-</strong></span> 
     </span>
     <span class='ocr_line' id='line_1_28' title="bbox 227 2495 1265 2570; baseline 0.005 -20"><span class='ocrx_word' id='word_1_234' title='bbox 227 2513 295 2550; x_wconf 89' lang='lat' dir='ltr'><strong>men</strong></span> <span class='ocrx_word' id='word_1_235' title='bbox 308 2495 349 2550; x_wconf 90' lang='lat' dir='ltr'><strong>ita</strong></span> <span class='ocrx_word' id='word_1_236' title='bbox 363 2514 432 2562; x_wconf 85' lang='lat' dir='ltr'><strong>vere</strong></span> <span class='ocrx_word' id='word_1_237' title='bbox 445 2495 546 2552; x_wconf 89' lang='lat' dir='ltr'><strong>beatus</strong></span> <span class='ocrx_word' id='word_1_238' title='bbox 560 2504 621 2567; x_wconf 91' lang='lat' dir='ltr'><strong>est,</strong></span> <span class='ocrx_word' id='word_1_239' title='bbox 634 2504 668 2551; x_wconf 89' lang='lat' dir='ltr'><strong>ut</strong></span> <span class='ocrx_word' id='word_1_240' title='bbox 679 2496 773 2550; x_wconf 89' lang='lat' dir='ltr'><strong>maior</strong></span> <span class='ocrx_word' id='word_1_241' title='bbox 786 2495 936 2554; x_wconf 90' lang='lat' dir='ltr'><strong>beatitudo</strong></span> <span class='ocrx_word' id='word_1_242' title='bbox 950 2515 1015 2552; x_wconf 88' lang='lat' dir='ltr'><strong>csse</strong></span> <span class='ocrx_word' id='word_1_243' title='bbox 1028 2515 1089 2552; x_wconf 91' lang='lat' dir='ltr'><strong>non</strong></span> <span class='ocrx_word' id='word_1_244' title='bbox 1102 2501 1212 2570; x_wconf 89' lang='lat' dir='ltr'><strong>possit:</strong></span> <span class='ocrx_word' id='word_1_245' title='bbox 1234 2502 1265 2555; x_wconf 92' lang='lat' dir='ltr'><strong>in</strong></span> 
     </span>
     <span class='ocr_line' id='line_1_29' title="bbox 227 2577 1275 2655; baseline 0.004 -22"><span class='ocrx_word' id='word_1_246' title='bbox 227 2580 310 2634; x_wconf 90' lang='lat' dir='ltr'><strong>cuins</strong></span> <span class='ocrx_word' id='word_1_247' title='bbox 324 2580 556 2654; x_wconf 86' lang='lat' dir='ltr'><strong>comparatione,</strong></span> <span class='ocrx_word' id='word_1_248' title='bbox 571 2578 649 2654; x_wconf 91' lang='lat' dir='ltr'><strong>quod</strong></span> <span class='ocrx_word' id='word_1_249' title='bbox 661 2578 768 2655; x_wconf 82' lang='lat' dir='ltr'><strong>Angeli</strong></span> <span class='ocrx_word' id='word_1_250' title='bbox 781 2577 859 2634; x_wconf 89' lang='lat' dir='ltr'><strong>beati</strong></span> <span class='ocrx_word' id='word_1_251' title='bbox 873 2589 959 2652; x_wconf 88' lang='lat' dir='ltr'><strong>sunt,</strong></span> <span class='ocrx_word' id='word_1_252' title='bbox 980 2597 1032 2636; x_wconf 91' lang='lat' dir='ltr'><strong>sua</strong></span> <span class='ocrx_word' id='word_1_253' title='bbox 1045 2579 1169 2654; x_wconf 86' lang='lat' dir='ltr'><strong>quadam</strong></span> <span class='ocrx_word' id='word_1_254' title='bbox 1183 2591 1275 2637; x_wconf 66' lang='lat' dir='ltr'><strong>sum-l</strong></span> 
     </span>
     <span class='ocr_line' id='line_1_30' title="bbox 226 2661 1275 2739; baseline 0 -23"><span class='ocrx_word' id='word_1_255' title='bbox 226 2679 274 2716; x_wconf 86' lang='lat' dir='ltr'><strong>ma</strong></span> <span class='ocrx_word' id='word_1_256' title='bbox 286 2661 482 2734; x_wconf 89' lang='lat' dir='ltr'><strong>beatitudine,</strong></span> <span class='ocrx_word' id='word_1_257' title='bbox 509 2671 619 2736; x_wconf 89' lang='lat' dir='ltr'><strong>quanta</strong></span> <span class='ocrx_word' id='word_1_258' title='bbox 634 2679 698 2716; x_wconf 88' lang='lat' dir='ltr'><strong>esse</strong></span> <span class='ocrx_word' id='word_1_259' title='bbox 711 2663 742 2717; x_wconf 91' lang='lat' dir='ltr'><strong>in</strong></span> <span class='ocrx_word' id='word_1_260' title='bbox 756 2661 878 2738; x_wconf 81' lang='lat' dir='ltr'><strong>Angelis</strong></span> <span class='ocrx_word' id='word_1_261' title='bbox 891 2671 1003 2737; x_wconf 87' lang='lat' dir='ltr'><strong>potest,</strong></span> <span class='ocrx_word' id='word_1_262' title='bbox 1022 2661 1092 2736; x_wconf 87' lang='lat' dir='ltr'><strong>quid</strong></span> <span class='ocrx_word' id='word_1_263' title='bbox 1104 2672 1157 2720; x_wconf 91' lang='lat' dir='ltr'><strong>aut</strong></span> <span class='ocrx_word' id='word_1_264' title='bbox 1170 2665 1275 2739; x_wconf 78' lang='lat' dir='ltr'><strong>quan-l</strong></span> 
     </span>
     <span class='ocr_line' id='line_1_31' title="bbox 226 2741 1275 2800; baseline 0 0"><span class='ocrx_word' id='word_1_265' title='bbox 226 2752 288 2800; x_wconf 89' lang='lat' dir='ltr'><strong>tum</strong></span> <span class='ocrx_word' id='word_1_266' title='bbox 302 2741 365 2800; x_wconf 72' lang='lat' dir='ltr'><strong>esti</strong></span> <span class='ocrx_word' id='word_1_267' title='bbox 1274 2747 1275 2800; x_wconf 77' lang='lat' dir='ltr'><strong>l</strong></span> 
     </span>
    </p>

    <p class='ocr_par' dir='ltr' id='par_1_3' title="bbox 611 2826 1275 2884">
     <span class='ocr_line' id='line_1_32' title="bbox 611 2826 1275 2884; baseline -0.003 0"><span class='ocrx_word' id='word_1_268' title='bbox 611 2826 677 2884; x_wconf 75' lang='lat' dir='ltr'><strong>cl</strong></span> <span class='ocrx_word' id='word_1_269' title='bbox 698 2827 730 2882; x_wconf 90' lang='lat' dir='ltr'><strong>P.</strong></span> <span class='ocrx_word' id='word_1_270' title='bbox 774 2826 807 2883; x_wconf 89' lang='lat' dir='ltr'>X</span> <span class='ocrx_word' id='word_1_271' title='bbox 820 2827 833 2884; x_wconf 93' lang='lat' dir='ltr'><strong>l</strong></span> <span class='ocrx_word' id='word_1_272' title='bbox 846 2827 868 2884; x_wconf 88' lang='lat' dir='ltr'><strong>l.</strong></span> <span class='ocrx_word' id='word_1_273' title='bbox 1274 2843 1275 2882; x_wconf 77' lang='lat' dir='ltr'><strong>l</strong></span> 
     </span>
    </p>
   </div>
   <div class='ocr_carea' id='block_1_3' title="bbox 224 2905 1275 3132">
    <p class='ocr_par' dir='ltr' id='par_1_4' title="bbox 224 2905 1275 3132">
     <span class='ocr_line' id='line_1_33' title="bbox 224 2905 1275 2992; baseline 0.007 -23"><span class='ocrx_word' id='word_1_274' title='bbox 224 2918 269 2970; x_wconf 86' lang='lat' dir='ltr'><strong>De</strong></span> <span class='ocrx_word' id='word_1_275' title='bbox 284 2920 485 2988; x_wconf 76' lang='lat' dir='ltr'><strong>comparatione</strong></span> <span class='ocrx_word' id='word_1_276' title='bbox 504 2920 679 2974; x_wconf 65' lang='lat' dir='ltr'><strong>beamtodinis</strong></span> <span class='ocrx_word' id='word_1_277' title='bbox 694 2921 829 2976; x_wconf 81' lang='lat' dir='ltr'><strong>iustorum</strong></span> <span class='ocrx_word' id='word_1_278' title='bbox 836 2961 845 2988; x_wconf 93' lang='lat'><strong>,</strong></span> <span class='ocrx_word' id='word_1_279' title='bbox 866 2925 976 2976; x_wconf 80' lang='lat' dir='ltr'><strong>necdum</strong></span> <span class='ocrx_word' id='word_1_280' title='bbox 987 2924 1136 2978; x_wconf 81' lang='lat' dir='ltr'><strong>tenentium</strong></span> <span class='ocrx_word' id='word_1_281' title='bbox 1146 2905 1275 2992; x_wconf 76' lang='lat' dir='ltr'><strong>promis-i</strong></span> 
     </span>
     <span class='ocr_line' id='line_1_34' title="bbox 260 2987 1275 3062; baseline 0.007 -24"><span class='ocrx_word' id='word_1_282' title='bbox 260 2987 343 3040; x_wconf 81' lang='lat' dir='ltr'><strong>sionis</strong></span> <span class='ocrx_word' id='word_1_283' title='bbox 354 2989 461 3041; x_wconf 76' lang='lat' dir='ltr'><strong>divinoe</strong></span> <span class='ocrx_word' id='word_1_284' title='bbox 467 2990 621 3056; x_wconf 81' lang='lat' dir='ltr'><strong>praemium</strong></span> <span class='ocrx_word' id='word_1_285' title='bbox 626 3027 635 3054; x_wconf 92' lang='lat'><strong>,</strong></span> <span class='ocrx_word' id='word_1_286' title='bbox 646 2999 673 3042; x_wconf 88' lang='lat' dir='ltr'><strong>et</strong></span> <span class='ocrx_word' id='word_1_287' title='bbox 679 2992 831 3058; x_wconf 82' lang='lat' dir='ltr'><strong>primorum</strong></span> <span class='ocrx_word' id='word_1_288' title='bbox 840 2993 869 3045; x_wconf 80' lang='lat' dir='ltr'><strong>in</strong></span> <span class='ocrx_word' id='word_1_289' title='bbox 876 2993 1006 3062; x_wconf 82' lang='lat' dir='ltr'><strong>paradiso</strong></span> <span class='ocrx_word' id='word_1_290' title='bbox 1016 2993 1152 3046; x_wconf 82' lang='lat' dir='ltr'><strong>bominum</strong></span> <span class='ocrx_word' id='word_1_291' title='bbox 1162 3002 1229 3046; x_wconf 79' lang='lat' dir='ltr'><strong>ante</strong></span> <span class='ocrx_word' id='word_1_292' title='bbox 1274 3005 1275 3060; x_wconf 65' lang='lat' dir='ltr'><strong>l</strong></span> 
     </span>
     <span class='ocr_line' id='line_1_35' title="bbox 660 3069 1275 3132; baseline 0.008 -20"><span class='ocrx_word' id='word_1_293' title='bbox 660 3070 812 3128; x_wconf 80' lang='lat' dir='ltr'><strong>peccatum.</strong></span> <span class='ocrx_word' id='word_1_294' title='bbox 1077 3072 1083 3088; x_wconf 90' lang='lat'><em>&#39;</em></span> <span class='ocrx_word' id='word_1_295' title='bbox 1274 3069 1275 3132; x_wconf 66' lang='lat' dir='ltr'><strong>l</strong></span> 
     </span>
    </p>
   </div>
   <div class='ocr_carea' id='block_1_4' title="bbox 163 3159 1275 3654">
    <p class='ocr_par' dir='ltr' id='par_1_5' title="bbox 163 3159 1275 3654">
     <span class='ocr_line' id='line_1_36' title="bbox 289 3159 1275 3239; baseline 0.008 -24"><span class='ocrx_word' id='word_1_296' title='bbox 289 3159 351 3216; x_wconf 90' lang='lat' dir='ltr'><strong>Nec</strong></span> <span class='ocrx_word' id='word_1_297' title='bbox 364 3163 442 3236; x_wconf 89' lang='lat' dir='ltr'><strong>ipsos</strong></span> <span class='ocrx_word' id='word_1_298' title='bbox 455 3172 586 3235; x_wconf 88' lang='lat' dir='ltr'><strong>tantum,</strong></span> <span class='ocrx_word' id='word_1_299' title='bbox 613 3167 691 3239; x_wconf 90' lang='lat' dir='ltr'><strong>quod</strong></span> <span class='ocrx_word' id='word_1_300' title='bbox 706 3169 813 3224; x_wconf 89' lang='lat' dir='ltr'><strong>attinet</strong></span> <span class='ocrx_word' id='word_1_301' title='bbox 830 3169 866 3225; x_wconf 90' lang='lat' dir='ltr'><strong>ad</strong></span> <span class='ocrx_word' id='word_1_302' title='bbox 885 3169 1059 3224; x_wconf 88' lang='lat' dir='ltr'><strong>rationalem</strong></span> <span class='ocrx_word' id='word_1_303' title='bbox 1077 3169 1126 3224; x_wconf 86' lang='lat' dir='ltr'><strong>vel</strong></span> <span class='ocrx_word' id='word_1_304' title='bbox 1144 3167 1275 3223; x_wconf 71' lang='lat' dir='ltr'><strong>intelle-l</strong></span> 
     </span>
     <span class='ocr_line' id='line_1_37' title="bbox 226 3237 1275 3326; baseline 0.007 -28"><span class='ocrx_word' id='word_1_305' title='bbox 226 3245 351 3299; x_wconf 88' lang='lat' dir='ltr'><strong>ctualem</strong></span> <span class='ocrx_word' id='word_1_306' title='bbox 364 3254 541 3316; x_wconf 90' lang='lat' dir='ltr'><strong>creaturam,</strong></span> <span class='ocrx_word' id='word_1_307' title='bbox 565 3247 665 3305; x_wconf 89' lang='lat' dir='ltr'><strong>beatos</strong></span> <span class='ocrx_word' id='word_1_308' title='bbox 679 3251 891 3326; x_wconf 83' lang='lat' dir='ltr'><strong>nuncupandos</strong></span> <span class='ocrx_word' id='word_1_309' title='bbox 905 3259 1048 3325; x_wconf 92' lang='lat' dir='ltr'><strong>putamus.</strong></span> <span class='ocrx_word' id='word_1_310' title='bbox 1094 3251 1169 3318; x_wconf 79' lang='lat' dir='ltr'><strong>Quis</strong></span> <span class='ocrx_word' id='word_1_311' title='bbox 1183 3237 1275 3305; x_wconf 74' lang='lat' dir='ltr'><strong>enimi</strong></span> 
     </span>
     <span class='ocr_line' id='line_1_38' title="bbox 224 3325 1275 3412; baseline 0.004 -32"><span class='ocrx_word' id='word_1_312' title='bbox 224 3327 333 3400; x_wconf 91' lang='lat' dir='ltr'><strong>primos</strong></span> <span class='ocrx_word' id='word_1_313' title='bbox 355 3328 421 3383; x_wconf 87' lang='lat' dir='ltr'><strong>illos</strong></span> <span class='ocrx_word' id='word_1_314' title='bbox 445 3325 577 3385; x_wconf 89' lang='lat' dir='ltr'><strong>homines</strong></span> <span class='ocrx_word' id='word_1_315' title='bbox 596 3332 628 3386; x_wconf 88' lang='lat' dir='ltr'><strong>in</strong></span> <span class='ocrx_word' id='word_1_316' title='bbox 646 3333 782 3406; x_wconf 87' lang='lat' dir='ltr'><strong>paradiso</strong></span> <span class='ocrx_word' id='word_1_317' title='bbox 800 3351 910 3412; x_wconf 82' lang='lat' dir='ltr'><strong>negare</strong></span> <span class='ocrx_word' id='word_1_318' title='bbox 928 3333 1033 3389; x_wconf 88' lang='lat' dir='ltr'><strong>audeat</strong></span> <span class='ocrx_word' id='word_1_319' title='bbox 1054 3333 1154 3389; x_wconf 89' lang='lat' dir='ltr'><strong>beatos</strong></span> <span class='ocrx_word' id='word_1_320' title='bbox 1168 3331 1275 3388; x_wconf 76' lang='lat' dir='ltr'><strong>frissel</strong></span> 
     </span>
     <span class='ocr_line' id='line_1_39' title="bbox 163 3397 1275 3490; baseline 0.002 -23"><span class='ocrx_word' id='word_1_321' title='bbox 163 3409 167 3418; x_wconf 76' lang='grc'><em>’</em></span> <span class='ocrx_word' id='word_1_322' title='bbox 225 3417 294 3467; x_wconf 85' lang='lat' dir='ltr'><strong>ante</strong></span> <span class='ocrx_word' id='word_1_323' title='bbox 306 3419 471 3484; x_wconf 86' lang='lat' dir='ltr'><strong>peecatum,</strong></span> <span class='ocrx_word' id='word_1_324' title='bbox 498 3415 632 3486; x_wconf 80' lang='lat' dir='ltr'><strong>quamvis</strong></span> <span class='ocrx_word' id='word_1_325' title='bbox 647 3413 683 3470; x_wconf 90' lang='lat' dir='ltr'><strong>de</strong></span> <span class='ocrx_word' id='word_1_326' title='bbox 698 3434 752 3472; x_wconf 88' lang='lat' dir='ltr'><strong>sua</strong></span> <span class='ocrx_word' id='word_1_327' title='bbox 764 3415 947 3472; x_wconf 89' lang='lat' dir='ltr'><strong>beatitudine</strong></span> <span class='ocrx_word' id='word_1_328' title='bbox 961 3434 1046 3490; x_wconf 90' lang='lat' dir='ltr'><strong>quam</strong></span> <span class='ocrx_word' id='word_1_329' title='bbox 1059 3414 1202 3472; x_wconf 86' lang='lat' dir='ltr'><strong>diuturna</strong></span> <span class='ocrx_word' id='word_1_330' title='bbox 1216 3397 1275 3470; x_wconf 75' lang='lat' dir='ltr'><strong>veli</strong></span> 
     </span>
     <span class='ocr_line' id='line_1_40' title="bbox 224 3491 1275 3572; baseline 0.005 -25"><span class='ocrx_word' id='word_1_331' title='bbox 224 3500 324 3548; x_wconf 90' lang='lat' dir='ltr'><strong>utrum</strong></span> <span class='ocrx_word' id='word_1_332' title='bbox 336 3500 456 3549; x_wconf 87' lang='lat' dir='ltr'><strong>aeterna</strong></span> <span class='ocrx_word' id='word_1_333' title='bbox 469 3503 548 3550; x_wconf 88' lang='lat' dir='ltr'><strong>essct</strong></span> <span class='ocrx_word' id='word_1_334' title='bbox 560 3497 706 3568; x_wconf 84' lang='lat' dir='ltr'><strong>incertos3</strong></span> <span class='ocrx_word' id='word_1_335' title='bbox 734 3491 827 3570; x_wconf 84' lang='lat' dir='ltr'><strong>(esset</strong></span> <span class='ocrx_word' id='word_1_336' title='bbox 844 3507 941 3555; x_wconf 89' lang='lat' dir='ltr'><strong>autem</strong></span> <span class='ocrx_word' id='word_1_337' title='bbox 959 3507 1094 3568; x_wconf 88' lang='lat' dir='ltr'><strong>aeterna,</strong></span> <span class='ocrx_word' id='word_1_338' title='bbox 1120 3499 1182 3554; x_wconf 89' lang='lat' dir='ltr'><strong>nisi</strong></span> <span class='ocrx_word' id='word_1_339' title='bbox 1194 3501 1275 3572; x_wconf 76' lang='lat' dir='ltr'><strong>pec-l</strong></span> 
     </span>
     <span class='ocr_line' id='line_1_41' title="bbox 225 3573 1275 3654; baseline 0.002 -26"><span class='ocrx_word' id='word_1_340' title='bbox 225 3583 343 3632; x_wconf 80' lang='lat' dir='ltr'><strong>cessent</strong></span> <span class='ocrx_word' id='word_1_341' title='bbox 353 3573 379 3646; x_wconf 88' lang='lat'><strong>:)</strong></span> <span class='ocrx_word' id='word_1_342' title='bbox 394 3593 459 3631; x_wconf 90' lang='lat' dir='ltr'><strong>cum</strong></span> <span class='ocrx_word' id='word_1_343' title='bbox 470 3575 557 3632; x_wconf 91' lang='lat' dir='ltr'><strong>hodie</strong></span> <span class='ocrx_word' id='word_1_344' title='bbox 570 3595 632 3632; x_wconf 92' lang='lat' dir='ltr'><strong>non</strong></span> <span class='ocrx_word' id='word_1_345' title='bbox 644 3579 828 3653; x_wconf 88' lang='lat' dir='ltr'><strong>impudenter</strong></span> <span class='ocrx_word' id='word_1_346' title='bbox 841 3581 943 3636; x_wconf 89' lang='lat' dir='ltr'><strong>beatos</strong></span> <span class='ocrx_word' id='word_1_347' title='bbox 956 3599 1108 3650; x_wconf 84' lang='lat' dir='ltr'><strong>vocemus,</strong></span> <span class='ocrx_word' id='word_1_348' title='bbox 1128 3598 1204 3654; x_wconf 89' lang='lat' dir='ltr'><strong>quos</strong></span> <span class='ocrx_word' id='word_1_349' title='bbox 1218 3582 1275 3636; x_wconf 80' lang='lat' dir='ltr'><strong>vi·l</strong></span> 
     </span>
    </p>
   </div>
   <div class='ocr_carea' id='block_1_5' title="bbox 222 3647 1275 3894">
    <p class='ocr_par' dir='ltr' id='par_1_6' title="bbox 222 3647 1275 3894">
     <span class='ocr_line' id='line_1_42' title="bbox 223 3647 1275 3734; baseline 0.004 -24"><span class='ocrx_word' id='word_1_350' title='bbox 223 3653 322 3712; x_wconf 86' lang='lat' dir='ltr'><strong>demus</strong></span> <span class='ocrx_word' id='word_1_351' title='bbox 337 3658 414 3712; x_wconf 87' lang='lat' dir='ltr'><strong>iuste</strong></span> <span class='ocrx_word' id='word_1_352' title='bbox 434 3675 468 3713; x_wconf 84' lang='lat' dir='ltr'><strong>ac</strong></span> <span class='ocrx_word' id='word_1_353' title='bbox 487 3661 535 3732; x_wconf 89' lang='lat' dir='ltr'><strong>pic</strong></span> <span class='ocrx_word' id='word_1_354' title='bbox 554 3678 620 3714; x_wconf 90' lang='lat' dir='ltr'><strong>cum</strong></span> <span class='ocrx_word' id='word_1_355' title='bbox 640 3677 690 3734; x_wconf 88' lang='lat' dir='ltr'><strong>spe</strong></span> <span class='ocrx_word' id='word_1_356' title='bbox 710 3662 827 3719; x_wconf 87' lang='lat' dir='ltr'><strong>futurae</strong></span> <span class='ocrx_word' id='word_1_357' title='bbox 838 3665 1066 3720; x_wconf 89' lang='lat' dir='ltr'><strong>immortalitatis</strong></span> <span class='ocrx_word' id='word_1_358' title='bbox 1079 3661 1157 3718; x_wconf 91' lang='lat' dir='ltr'><strong>hanc</strong></span> <span class='ocrx_word' id='word_1_359' title='bbox 1172 3647 1275 3718; x_wconf 78' lang='lat' dir='ltr'><strong>vitami</strong></span> 
     </span>
     <span class='ocr_line' id='line_1_43' title="bbox 223 3727 1275 3818; baseline 0.009 -28"><span class='ocrx_word' id='word_1_360' title='bbox 223 3735 329 3792; x_wconf 85' lang='lat' dir='ltr'><strong>ducere</strong></span> <span class='ocrx_word' id='word_1_361' title='bbox 342 3739 407 3794; x_wconf 88' lang='lat' dir='ltr'><strong>sine</strong></span> <span class='ocrx_word' id='word_1_362' title='bbox 420 3741 542 3796; x_wconf 90' lang='lat' dir='ltr'><strong>crimine</strong></span> <span class='ocrx_word' id='word_1_363' title='bbox 556 3749 691 3798; x_wconf 86' lang='lat' dir='ltr'><strong>vastante</strong></span> <span class='ocrx_word' id='word_1_364' title='bbox 712 3747 938 3816; x_wconf 87' lang='lat' dir='ltr'><strong>conscientiam,</strong></span> <span class='ocrx_word' id='word_1_365' title='bbox 965 3746 1050 3802; x_wconf 85' lang='lat' dir='ltr'><strong>facile</strong></span> <span class='ocrx_word' id='word_1_366' title='bbox 1068 3727 1275 3818; x_wconf 76' lang='lat' dir='ltr'><strong>impetrantesi</strong></span> 
     </span>
     <span class='ocr_line' id='line_1_44' title="bbox 222 3807 1275 3894; baseline 0.009 -22"><span class='ocrx_word' id='word_1_367' title='bbox 222 3821 347 3891; x_wconf 86' lang='lat' dir='ltr'><strong>peccatis</strong></span> <span class='ocrx_word' id='word_1_368' title='bbox 360 3817 446 3876; x_wconf 88' lang='lat' dir='ltr'><strong>huius</strong></span> <span class='ocrx_word' id='word_1_369' title='bbox 459 3821 638 3880; x_wconf 85' lang='lat' dir='ltr'><strong>infirmitatis</strong></span> <span class='ocrx_word' id='word_1_370' title='bbox 653 3823 783 3884; x_wconf 86' lang='lat' dir='ltr'><strong>divinam</strong></span> <span class='ocrx_word' id='word_1_371' title='bbox 796 3829 1036 3885; x_wconf 86' lang='lat' dir='ltr'><strong>misericordiam.</strong></span> <span class='ocrx_word' id='word_1_372' title='bbox 1068 3828 1126 3894; x_wconf 81' lang='lat' dir='ltr'><strong>Qui</strong></span> <span class='ocrx_word' id='word_1_373' title='bbox 1138 3829 1213 3883; x_wconf 89' lang='lat' dir='ltr'><strong>licet</strong></span> <span class='ocrx_word' id='word_1_374' title='bbox 1231 3807 1275 3881; x_wconf 75' lang='lat' dir='ltr'><strong>dci</strong></span> 
     </span>
    </p>
   </div>
   <div class='ocr_carea' id='block_1_6' title="bbox 0 0 1292 4396">
    <p class='ocr_par' dir='ltr' id='par_1_7' title="bbox 0 0 1292 4396">
     <span class='ocr_line' id='line_1_45' title="bbox 0 0 1292 4396; baseline 0 0"><span class='ocrx_word' id='word_1_375' title='bbox 0 0 1292 4396; x_wconf 95' lang='lat' dir='ltr'><strong> </strong></span> 
     </span>
    </p>
   </div>
  </div>
 </body>
</html>
