2530 4392
191 205 253 262 ³24
414 192 509 252 DlVl
534 190 728 252 AVRELll
753 187 1008 248 AVGVSTlNl

191 357 258 414 lunt
271 348 364 408 adhuc
379 345 499 404 credere
513 347 545 402 in
559 343 724 415 Christum,
737 343 795 400 iam
807 339 962 401 nobiscum
973 339 1101 414 vident,
1130 351 1162 398 ct
1176 361 1235 418 quo

195 439 275 495 uiam
287 449 399 510 negare
414 448 474 487 non
488 438 624 503 possunt,
638 426 773 484 dentibus
787 426 848 482 suis
860 423 1010 496 frendent,
1022 435 1055 481 et
1069 422 1234 482 tabescunt!

194 521 284 589 Quis,
310 517 448 591 inquam,
475 520 607 587 speraret
625 519 730 590 gentes
749 511 780 566 in
795 507 903 566 Christi
922 509 1045 564 nomine
1063 519 1235 584 speraturas,

193 599 310 679 quando
323 598 492 666 tenebatur,
513 593 676 672 ligabatur,
703 591 894 663 caedebatur,
921 590 1121 664 illudebatur,
1152 595 1235 649 cruci-

193 685 353 765 figebatur3
380 679 495 757 quando
510 689 539 736 et
556 698 612 755 spos
625 677 760 753 discrpuli
780 693 862 750 spem
874 673 1084 750 perdiderant,
1113 694 1202 753 quam
1214 679 1235 732 iu

196 771 247 826 illo
255 766 363 824 habere
374 766 432 821 iam
443 758 617 838 cooperanti
641 761 726 829 Quod
737 769 807 817 tunc
820 760 872 815 vix
885 775 960 814 unus
972 760 1052 815 latro
1067 762 1203 834 speravit
1213 761 1236 815 ir

196 869 294 922 cruce,
306 867 385 906 nuuc
393 855 512 921 sperant
522 855 628 925 gentes
637 847 729 922 longo
739 847 853 919 lateque
863 839 1001 914 diffusac3
1012 851 1044 898 et
1055 861 1096 900 ue
1107 845 1142 900 in
1151 853 1235 899 aeter·

196 954 264 993 num
280 933 458 1002 moriantur,
472 927 536 1004 ipsa
553 931 585 986 in
600 947 657 1005 qua
670 930 720 984 ille
737 935 870 984 mortuus
884 935 945 996 est,
970 943 1062 982 eruce
1076 928 1235 1004 signantur.

264 1015 369 1072 Nullus
384 1015 475 1092 igitur
489 1015 537 1072 vel
550 1021 641 1092 negat
654 1013 700 1070 vel
713 1011 837 1082 dubitat,
850 1029 902 1085 per
912 1007 1012 1066 lesum
1019 1007 1174 1068 Christum
1186 1012 1236 1066 talo

197 1102 281 1177 quale
295 1100 360 1155 istis
379 1098 471 1154 sacris
491 1098 586 1154 literis
604 1095 849 1170 praenuntiatur,
876 1091 1008 1150 iuturum
1026 1111 1097 1150 esse
1118 1096 1235 1151 novun-

197 1203 274 1242 mum
289 1182 453 1252 iudicium,
481 1182 540 1238 nisi
553 1182 619 1256 quis
632 1179 742 1236 eisdem
754 1178 868 1249 literis,
887 1177 987 1234 nescio
1002 1195 1063 1252 qua
1076 1177 1235 1235 incredibili

197 1267 383 1326 animositate
397 1284 448 1322 seu
462 1265 621 1336 coecitate,
635 1282 696 1322 uon
708 1261 813 1333 credit,
828 1279 901 1336 quae
915 1261 974 1317 iam
986 1261 1150 1318 veritatem
1164 1280 1235 1318 susm

199 1352 264 1408 orbi
289 1349 528 1407 demonstravere
551 1358 703 1406 terrarum.
747 1345 782 1404 Iu
795 1346 846 1402 illo
861 1347 960 1420 itaque
971 1344 1087 1402 iudicio
1102 1347 1153 1403 rel
1167 1347 1235 1401 circs

199 1433 270 1492 illud
297 1433 437 1490 iudicium
452 1431 505 1488 has
525 1450 573 1488 res
595 1431 748 1488 didicimus
766 1447 832 1486 csse
849 1438 1009 1500 venturas,
1033 1426 1137 1486 Eliam
1151 1427 1234 1486 Thes·

198 1519 298 1589 biteu‚
326 1517 414 1574 iidem
440 1514 629 1587 ludaeorum,
654 1513 866 1574 Antichristum
892 1521 1135 1586 persecuturum,
1161 1512 1235 1570 Chn'-

199 1611 276 1658 stum
297 1599 510 1672 iudicaturum,
534 1608 715 1656 mortuorum
729 1597 994 1666 resurrectionem,
1020 1596 1169 1654 bonorum
1181 1615 1234 1652 ms·

200 1685 351 1758 lorumque
377 1681 593 1754 diremtioncm,
619 1681 723 1740 mundi
747 1677 1024 1757 conflagrationem,
1053 1679 1235 1756 eiusdemque

200 1766 430 1824 renovationem.
476 1766 557 1832 Quae
577 1767 675 1822 omnia
695 1763 811 1839 quidem
832 1771 960 1820 ventura
979 1781 1044 1819 esse
1064 1764 1236 1822 credendum

201 1859 257 1906 est:
284 1847 336 1904 sed
350 1847 576 1924 quibusmodis,
599 1857 628 1904 et
642 1866 700 1923 quo
714 1847 817 1904 ordino
830 1847 969 1918 veniant,
995 1850 1093 1925 magis
1107 1857 1176 1904 tunc
1189 1847 1236 1902 do·

201 1932 278 1990 cebit
295 1950 396 1988 rerum
415 1932 613 2007 experientia,
640 1949 726 2007 quom
743 1949 824 1988 nuno
841 1931 921 1988 valet
939 1933 1083 2007 consequi
1096 1931 1134 1988 ad
1147 1931 1237 2006 perie-

200 2026 279 2074 ctum
291 2013 438 2072 hominem
451 2016 659 2093 intelligentia.
681 2013 828 2072 Existimo
841 2022 939 2072 tamen
953 2032 988 2070 eo
999 2032 1058 2090 quo
1072 2035 1091 2072 a
1102 2035 1152 2072 mc
1165 2035 1237 2072 com-

201 2108 361 2157 memorata
374 2108 443 2154 sunt
456 2099 559 2156 ordine
574 2117 639 2156 esse
655 2108 790 2156 ventura.

267 2183 335 2240 Duo
350 2181 434 2240 nobis
449 2183 485 2240 ad
498 2181 553 2240 hoc
562 2181 643 2258 Opus
656 2184 838 2257 pertinentes
852 2183 959 2258 reliqui
971 2192 1040 2240 sunt
1054 2184 1137 2255 libri,
1150 2195 1183 2241 ut
1194 2184 1237 2238 sd-

202 2269 322 2324 iuvante
345 2265 476 2322 Domino
498 2268 641 2342 promissa
665 2268 874 2342 compleamus:
900 2284 1025 2341 quorum
1040 2285 1119 2324 unus
1139 2270 1196 2324 crit
1207 2267 1237 2323 dc

203 2353 347 2406 malorum
359 2351 516 2424 supplicio,
540 2351 615 2408 alius
629 2349 664 2408 de
677 2350 819 2408 felicitate
832 2351 989 2408 iustorum:
1017 2351 1048 2408 in
1062 2353 1170 2427 quibus
1181 2372 1237 2408 ms·

201 2435 295 2504 ximo,
323 2432 401 2488 sicut
414 2431 494 2488 Deus
515 2432 687 2505 donaverit,
712 2443 886 2514 argumenta
908 2433 1082 2492 refellentur
1104 2434 1237 2503 humans,

201 2535 274 2592 quac
289 2525 393 2572 contra
406 2514 556 2590 praedicta
567 2535 601 2574 ac
620 2519 764 2593 promissa
782 2516 882 2576 divina
900 2519 1048 2593 sapienter
1067 2519 1126 2575 sibi
1144 2521 1238 2577 miseri

201 2599 306 2656 rodere
328 2597 487 2676 [reddere]
508 2599 662 2674 videntur,
689 2610 718 2658 et
731 2601 855 2658 salubris
868 2600 937 2658 fidei
958 2603 1143 2660 nutrimenta
1165 2605 1238 2662 velut

201 2683 274 2740 falsa
287 2692 317 2740 et
328 2681 452 2740 ridenda
465 2692 669 2746 contemnunt.
692 2685 749 2752 Qui
762 2703 833 2742 vero
843 2684 1105 2743 secundumDoum
1113 2689 1237 2764 sapiunt,

183 2761 189 2771 ’
203 2769 334 2824 omnium
353 2785 427 2842 quae
446 2766 631 2825 incredibilia
645 2766 784 2826 videntur
796 2765 978 2840 hominibus,
1001 2778 1033 2825 et
1044 2778 1148 2828 tamen
1162 2770 1237 2829 Scri-

201 2853 295 2928 pturis
318 2851 446 2922 sanctis,
472 2868 595 2925 quarum
614 2853 673 2908 iam
691 2853 802 2910 veritas
819 2853 918 2908 multis
934 2851 1030 2909 modis
1047 2865 1166 2912 asserta
1189 2865 1237 2922 est,

201 2935 403 3002 continentur,
416 2934 575 2990 maximum
588 2945 794 3012 argumentum
806 2944 911 2992 tenent
923 2953 1060 2992 veracem
1073 2936 1135 2994 Dei
1148 2939 1237 2994 omni·

161 3058 164 3063 .
199 3017 378 3092 potentiam,
405 3032 492 3088 quem
510 3026 623 3074 certum
639 3017 763 3091 babent,
789 3021 869 3076 nullo
890 3017 976 3076 modo
996 3020 1028 3075 in
1047 3022 1093 3078 eis
1111 3024 1236 3096 potuisse

200 3098 334 3168 nientiri,
356 3106 385 3152 et
398 3114 484 3170 posse
498 3099 595 3157 facere
608 3101 686 3178 quod
698 3102 879 3178 impossibile
891 3112 936 3159 est
948 3101 1072 3160 infideli.

202 3260 1226 3288 mwmmnmmwmwwmwwm³

378 3373 525 3445 LIBER
564 3376 830 3449 vluuslmvs
866 3375 1058 3448 PRIMVS.

583 3525 790 3586 CAPVT
829 3527 850 3586 1.

198 3617 241 3672 Dc
255 3621 347 3702 ordine
362 3620 569 3690 disputationis,
588 3638 642 3691 qua
653 3623 734 3704 prius
744 3623 925 3677 disserendam
935 3631 976 3676 cst
990 3625 1022 3676 de
1034 3635 1174 3694 perpetuo
1183 3641 1234 3692 up·

251 3691 336 3759 piccio
353 3692 541 3745 damnatorum
557 3707 617 3746 cam
632 3693 764 3816 (81ἒέὶὲἵέυᾶ
766 3711 850 3816 illlam
865 3695 1026 3786 diaetam
1037 3696 1184 3767 felicitate

196 3821 281 3908 Cum
299 3864 351 3919 per
366 3843 461 3904 lesum
478 3849 626 3909 Christum
642 3852 802 3910 Dominum
827 3862 975 3924 nostrum,
1003 3853 1133 3912 iudicem
1158 3857 1233 3914 viso·
