2590 4396
265 219 332 278 DE·
352 215 579 276 ΟΗἿΤΑΤΕ
601 217 681 276 DEI
705 217 785 275 ula.
808 219 866 276 ΙΙΙ.
1054 223 1094 279 85

56 377 248 446 uulneribus,
269 371 377 430 occisis
390 387 408 425 a
421 387 453 424 ae
472 370 537 442 ipso
556 370 692 444 primitus
707 368 777 426 filiis
791 371 852 426 suis
867 378 897 426 et
909 373 1011 428 uxoris
1025 389 1095 428 suae

56 463 211 530 fratribus,
223 455 305 533 quod
312 471 362 510 eos
372 468 427 528 pro
437 451 620 508 restituendo
628 450 791 527 Tarquinio
804 454 974 510 coniurasse
983 472 1094 532 coguo-

55 555 144 604 rerot.
182 539 271 609 Quod
289 538 400 594 sactum
418 533 561 613 Virgilius
586 543 690 608 postea
708 553 796 610 quam
813 534 997 592 laudabiliter
1014 555 1094 594 com-

54 627 242 696 memoravit,
256 622 398 680 continuo
412 619 573 675 clementer
586 616 748 676 exhorruit.
781 617 854 676 Cum
868 619 947 675 enim
960 618 1095 690 dixisset,

134 759 149 772 -
164 759 180 770 -
194 757 209 770 -
225 756 240 768 -
254 721 410 795 Notosque
424 727 508 792 poter
521 735 599 774 nove
611 717 687 774 bella
700 728 853 774 moventes

132 809 182 870 Ad
194 823 324 886 poenam
335 804 440 878 pulcra
452 819 506 875 pro
521 801 655 857 libertate
668 801 785 858 vocabit

55 932 118 972 mox
129 909 245 968 deinde
258 903 439 964 exclamavit
451 910 482 957 et
494 903 550 958 ait:

134 1009 262 1079 infelix,
275 1015 427 1079 utcunque
440 1003 538 1060 ferent
550 1021 586 1059 ea
596 1002 676 1059 facta
688 1001 828 1058 minores.

58 1106 209 1180 Quomodo
224 1107 315 1178 libet,
329 1105 442 1179 inquit,
455 1120 489 1158 ea
503 1102 582 1158 facta
594 1103 706 1176 posteri
719 1101 832 1172 serant,
854 1101 885 1158 id
897 1111 960 1172 eat,
980 1100 1095 1174 praese

58 1204 120 1251 rent
134 1201 167 1248 et
181 1192 343 1260 extollant,
357 1188 408 1262 qui
422 1185 499 1242 filios
514 1184 634 1256 occidit,
647 1183 752 1240 infelix
767 1195 813 1240 est
856 1183 896 1240 Et
909 1194 1048 1259 tanquam
1061 1181 1097 1238 ad

59 1273 272 1334 consolandum
286 1272 449 1341 infelicem,
461 1270 627 1326 subiunxit:

138 1358 246 1414 Vincit
257 1373 341 1412 amor
354 1354 479 1428 patriae,
492 1351 669 1424 laudumque
682 1351 825 1406 immensa
841 1347 954 1424 cupido.

61 1462 166 1518 Nonne
178 1461 210 1514 in
223 1456 281 1514 hoc
296 1453 402 1524 Bruto,
421 1453 470 1528 qui
484 1459 514 1508 ct
527 1450 604 1506 filios
618 1449 737 1521 occidit,
751 1458 782 1505 et
794 1467 811 1505 a
826 1465 1009 1523 repercusso
1024 1444 1102 1504 hosti

64 1545 125 1601 filio
139 1540 297 1617 Tarquinii
311 1546 415 1594 mutuo
427 1551 588 1609 percussus
601 1533 790 1608 supervivere
803 1550 864 1589 non
878 1532 991 1605 potuit,
1015 1531 1101 1605 eique

63 1628 159 1702 potius
176 1627 241 1699 ipse
260 1621 445 1696 Tarquinius
464 1617 648 1692 supervixit,
676 1614 815 1673 Collatini
834 1617 966 1694 collegae
985 1612 1102 1672 ridetur

61 1710 234 1768 innocentio
246 1703 410 1775 vindicato,
429 1703 479 1778 qui
491 1702 585 1758 bonus
600 1701 674 1756 civis
686 1698 742 1758 hoc
756 1698 919 1776 Tarquinio
935 1700 1019 1772 pulso
1033 1714 1101 1770 pos·

63 1814 108 1852 sus
124 1806 188 1864 est,
208 1789 288 1866 quod
301 1798 448 1864 tyrannus
461 1787 524 1860 ipse
538 1779 737 1859 Tarquinius?
762 1782 839 1840 Nam
858 1791 888 1839 et
901 1781 978 1838 idem
991 1779 1101 1838 Brutus

62 1876 304 1954 consanguineus
319 1870 478 1946 Tarquinii
490 1868 584 1926 fuisse
598 1865 776 1943 perhibetur.
796 1865 856 1924 Sed
869 1865 1047 1924 Collatinum
1056 1864 1102 1920 vi-

62 1962 169 2018 delicet
182 1955 346 2016 similitudo
359 1954 490 2010 nominis
502 1953 622 2028 pressit,
636 1952 705 2026 quia
718 1952 807 2008 ctiam
820 1949 1001 2024 Tarquinius
1013 1963 1103 2004 voco·

62 2048 156 2103 batur.
189 2041 309 2104 Mutare
323 2057 396 2116 ergo
410 2055 530 2108 nomen,
543 2054 605 2092 non
618 2036 743 2109 patriam
756 2042 928 2112 cogeretur:
955 2039 1103 2105 postremo

62 2133 91 2186 in
104 2131 172 2185 cius
187 2125 308 2183 nominc
321 2121 378 2180 hcc
392 2121 564 2178 vocabulum
577 2120 673 2175 minus
687 2127 781 2189 esset,
808 2117 842 2173 L.
857 2114 1020 2172 Collatinus
1038 2120 1104 2168 ton·

63 2210 214 2270 tummodo
241 2215 408 2264 vocaretur.
446 2202 505 2261 Sed
522 2203 588 2259 ideo
608 2220 668 2259 non
687 2202 786 2258 arnisit
806 2197 885 2276 quod
902 2198 967 2253 sine
979 2197 1040 2254 ullo
1054 2193 1104 2250 de-

65 2300 206 2370 trimento
216 2300 319 2367 posset
332 2290 484 2358 omittere,
506 2296 540 2344 ut
553 2284 709 2342 ethonore
721 2285 833 2359 primus
851 2283 956 2340 consul
975 2289 1006 2336 et
1031 2279 1105 2338 civi·

65 2389 122 2436 tate
137 2380 236 2436 bonus
250 2375 324 2430 civis
339 2389 440 2430 carere
455 2370 612 2426 iuberetur.
644 2368 782 2424 Etiamne
794 2369 852 2424 ista
866 2375 912 2422 est
925 2365 1030 2443 gloria.
1057 2360 1105 2418 lu-

66 2465 104 2522 nii
129 2461 222 2518 Bruti
251 2454 427 2514 detestando
452 2454 594 2530 iniquitas
622 2460 652 2508 et
677 2450 770 2508 nihilo
796 2452 877 2506 utilis
907 2439 1106 2519 reipublicae?

66 2547 203 2604 Etiamne
219 2539 346 2598 adhunc
359 2535 601 2613 pcrpctrandam,
627 2535 701 2590 vicit
714 2550 796 2589 amor
809 2533 921 2605 patriae
933 2527 1109 2599 laudumque

67 2633 211 2686 immonsa
225 2619 350 2700 cupidol
374 2620 431 2678 lam
448 2621 571 2694 expulso
586 2617 689 2690 utique
702 2614 866 2686 Tarquinio
880 2621 1021 2685 tyranno,
1036 2625 1108 2664 cou-

68 2715 117 2769 sui
142 2729 211 2768 eum
231 2708 325 2766 Bruto
350 2713 465 2762 creatus
494 2710 540 2758 est
559 2699 685 2756 moritus
705 2695 862 2754 Lucretiae
881 2692 913 2748 L.
928 2690 1110 2765 Tarquinius

69 2795 242 2852 Collatinus.
272 2792 368 2858 Quam
380 2790 458 2845 iuste
471 2785 595 2862 populus
609 2799 707 2838 mores
720 2781 752 2836 in
766 2780 846 2851 cive,
869 2794 931 2835 non
944 2791 1052 2833 nomen
1065 2781 1110 2830 ot-

68 2873 187 2938 tenditl
228 2877 322 2944 Quam
335 2873 448 2930 iniuste
460 2869 571 2928 Brutus
585 2867 742 2946 collegam·
749 2864 861 2939 primae
875 2880 909 2919 oc
922 2875 1018 2918 novae
1029 2859 1110 2914 illius

66 2962 244 3040 potestatis,
272 2977 359 3034 quern
379 2963 495 3030 posset,
515 2954 542 3009 si
560 2950 617 3008 hoc
631 2947 844 3022 offendebatur,
864 2946 1112 3004 nominotontum

64 3051 202 3123 privare,
225 3053 255 3100 ct
271 3043 369 3118 patria
385 3039 515 3114 privavit
532 3045 563 3091 ct
580 3030 711 3090 honorel
738 3031 820 3088 Hace
836 3032 914 3088 mala
933 3027 1012 3085 tecte
1029 3033 1111 3096 sunt,

64 3133 139 3189 haec
154 3129 283 3186 adversa
295 3121 481 3192 acciderunt,
495 3117 610 3195 quando
625 3118 657 3172 in
670 3118 722 3173 illo
733 3115 885 3191 republica
899 3127 992 3186 aequo
1006 3118 1037 3166 et
1048 3126 1111 3164 mo·

65 3217 152 3273 desto
165 3215 235 3270 iure
248 3211 396 3287 agitatum
410 3211 463 3260 eat.
490 3201 644 3258 Lucretius
659 3217 789 3274 quoque,
809 3198 904 3273 quiin
918 3195 1016 3250 locum
1027 3190 1113 3248 Bruti

66 3301 166 3358 fuerat
191 3296 393 3371 subrogatus,
419 3285 536 3355 morbo,
563 3290 719 3357 antequam
737 3280 924 3338 idemonnus
936 3277 1112 3332 terminare-

66 3396 126 3456 tur,
141 3383 298 3439 absumtos
314 3382 370 3430 est.
412 3367 456 3425 lta
468 3366 501 3424 Ρ.
514 3365 666 3436 Valerius,
693 3366 744 3438 qui
757 3369 942 3420 successerat
955 3355 1113 3423 Collatino,

67 3479 95 3524 et
108 3467 149 3527 M.
163 3462 327 3530 Horatius,
340 3455 394 3532 qui
407 3469 460 3528 pro
475 3449 614 3508 defuncto
628 3447 769 3504 Lucretio
784 3443 923 3503 suffectos
937 3441 1046 3508 fuerat,
1060 3452 1114 3490 on-

66 3571 138 3609 num
150 3551 239 3606 illum
252 3544 415 3600 funereum
427 3543 515 3610 atque
527 3541 700 3602 tartareum,
713 3531 763 3606 qui
774 3529 910 3587 consules
921 3523 1050 3598 quinque
1062 3515 1114 3572 ho·

65 3637 146 3707 buit,
170 3630 417 3704 compleverunt:
443 3635 501 3694 quo
516 3635 594 3674 anno
609 3615 780 3670 consulatus
794 3612 888 3688 ipsius
902 3619 1010 3663 novum
1022 3599 1116 3658 hono·

65 3736 128 3776 rem
143 3736 178 3774 ac
191 3718 377 3792 potestatem
391 3703 542 3776 auspicata
554 3707 599 3755 est
612 3696 745 3755 Romana
757 3691 929 3770 respublica.
