2530 4392
187 219 248 274 28⁰
339 251 341 256 .
417 201 1011 266 DlVlAl'RELllAl'GVS'l'lNl

190 365 344 424 adfuturae
368 360 479 417 sanctis
502 377 555 431 per
568 356 689 414 Domini
701 356 900 430 praesentiam
920 353 1126 412 crederentur.
1163 357 1233 414 Nan

190 453 282 508 etiam
296 465 349 504 nos
363 443 418 501 hoe
433 444 545 516 opinati
559 441 668 498 fuimus
683 438 849 514 aliquando.
882 436 942 495 Sed
952 456 1019 495 eum
1034 458 1087 495 eos
1102 443 1233 516 quitum

189 529 425 599 resurrexerint,
444 526 545 582 dicent
557 521 840 580 immoderatissimis
854 523 1018 579 carnalibus
1035 525 1137 598 epulis
1152 544 1231 582 vaer-

189 632 282 687 turos,
295 616 328 670 in
342 611 446 687 quibus
461 610 542 665 cibus
557 609 597 663 sit
607 615 708 663 tantus
721 625 757 662 ac
768 614 870 682 potus,
896 615 1002 664 utnon
1015 609 1115 662 solum
1129 611 1231 665 nullan

189 699 361 756 modestiam
374 703 505 764 teneant,
518 691 571 748 sed
583 690 702 747 modurn
713 708 829 766 quoque
843 691 934 764 ipsius
949 689 1173 748 incredulitatis
1188 711 1231 746 ex-

190 782 309 840 cedant:
323 781 404 836 nullo
419 776 506 832 modo
521 777 578 832 ista
591 783 718 848 possunt
729 775 788 829 nisi
801 793 818 830 c
832 773 998 830 carnalibus
1013 774 1108 831 credi.
1133 774 1174 831 lli
1187 793 1232 832 au·

190 877 250 924 tem
263 865 313 940 qui
326 863 472 937 spiritales
487 869 567 932 sunt,
593 859 667 914 istos
680 859 739 914 ista
751 856 903 914 credentes
916 849 1074 935 χιλιαστὰς
1087 861 1232 934 appellant

192 950 306 1006 Graeco
320 945 479 1017 vocabulo,
506 962 580 1020 quos
593 941 716 1000 verbum
731 961 747 996 e
760 943 851 998 verbo
866 942 1078 1016 exprimentes,
1099 960 1159 998 nos
1169 961 1232 1016 poe-

123 1020 131 1032 ’
193 1049 292 1090 sumus
305 1029 458 1087 Milliarios
473 1047 654 1106 nuncupare.
669 1025 730 1084 Eos
744 1035 842 1083 autern
856 1027 977 1104 longum
992 1036 1038 1080 est
1051 1025 1185 1082 refellere
1198 1023 1232 1080 ad

193 1117 327 1194 singula3
355 1112 406 1169 sed
417 1115 532 1188 potius,
556 1111 798 1188 quemadmodum
813 1108 966 1184 Scriptura
977 1107 1053 1166 haec
1067 1108 1233 1185 accipienda

194 1203 243 1271 sit,
257 1202 315 1254 iam
329 1197 467 1254 debemus
482 1197 648 1254 ostendere.
1029 1259 1033 1266 Ι

258 1283 308 1340 Ait
321 1284 384 1356 ipsc
397 1281 544 1338 Dominus
558 1280 640 1337 lesus
654 1278 803 1348 Christus,
828 1271 925 1336 Nemo
937 1287 1044 1356 potest
1064 1279 1233 1340 introirem

195 1366 425 1438 domomfortis,
440 1375 468 1422 et
481 1383 557 1422 vasa
572 1365 636 1422 eins
649 1365 782 1443 erepere,
805 1362 964 1439 nesipre'no
978 1361 1161 1437 alligaverit
1166 1359 1234 1432 for-

195 1462 271 1508 tem:
282 1515 288 1524 .
299 1449 444 1506 diabolum
461 1451 564 1506 volens
582 1449 711 1525 intelligi
723 1445 845 1517 fortem,
868 1447 936 1520 quie
948 1446 1011 1520 ipse
1024 1463 1124 1522 genus
1138 1441 1233 1500 hune

195 1553 266 1590 num
280 1534 376 1608 potuit
388 1541 490 1588 tenere
505 1533 668 1606 captivum3
694 1547 766 1587 vasa
778 1547 848 1586 vero
867 1529 947 1598 eius,
972 1547 1047 1603 quae
1061 1528 1164 1583 iuerat
1176 1545 1234 1582 ere-

195 1627 312 1691 pturus,
326 1615 426 1670 fideles
441 1634 509 1671 suos
523 1615 651 1684 futuros,
670 1631 742 1690 quos
754 1614 804 1669 ille
817 1615 850 1668 in
863 1613 991 1668 dirersis
1005 1613 1140 1686 peccatis
1154 1622 1235 1685 atque

196 1699 393 1772 impietatibus
406 1697 581 1772 possidebat.
604 1697 645 1754 Vt
658 1715 730 1774 ergo
744 1699 919 1776 alligaretur
931 1694 979 1752 bic
993 1695 1098 1766 fortis,
1123 1705 1234 1770 propte·

194 1800 246 1837 rea
260 1781 335 1838 vidit
348 1782 404 1835 iste
414 1781 611 1854 Apostolusin
621 1781 796 1856 Apocalypsi
808 1779 952 1856 Angelum
966 1780 1192 1837 descendentem
1204 1780 1234 1835 de

196 1864 289 1934 coelo,
312 1863 465 1920 balantem
480 1863 590 1920 clavem
607 1865 709 1938 abyssi
714 1903 723 1933 ,
748 1876 779 1922 et
792 1875 928 1922 catenum
942 1864 972 1920 e'n
985 1882 1075 1919 mann
1089 1880 1157 1919 sno.
1199 1861 1234 1918 Et

196 1948 304 2017 tenuit,
318 1949 426 2022 inquit,
441 1949 601 2004 draconem
614 1948 696 2004 illum
711 1959 875 2026 serpentem
888 1949 1052 2024 antiquum,
1066 1949 1121 2024 qni
1133 1965 1234 2023 cogne-

196 2033 327 2088 minatus
342 2041 388 2088 est
402 2031 534 2088 diabolus
549 2042 578 2089 et
592 2043 736 2102 satanas,
761 2041 791 2089 et
804 2032 946 2107 alligavit
966 2049 1030 2087 enm
1043 2029 1128 2086 mille
1142 2033 1234 2098 onan,

196 2113 252 2170 boc
266 2125 326 2187 est,
351 2116 415 2170 eius
427 2123 602 2190 potestatem
615 2116 650 2171 ab
665 2116 707 2171 cis
722 2113 897 2172 seducendis
911 2133 945 2171 oc
957 2113 1163 2189 possidendis,
1189 2115 1231 2188 qui

197 2199 317 2255 fuerant
337 2199 498 2270 liberandi,
523 2198 654 2259 cohibuit
667 2208 755 2274 atque
774 2198 911 2256 frenavit.
946 2197 1027 2255 Mille
1040 2207 1145 2254 autem
1158 2199 1233 2266 anni,

197 2282 310 2338 duobus
323 2283 417 2338 modis
436 2293 575 2358 possunt,
598 2291 738 2358 quantum
756 2281 829 2338 mihi
847 2283 994 2354 occurrit,
1017 2283 1165 2361 intelligi:
1190 2291 1235 2338 aut

198 2367 267 2439 quia
279 2367 311 2420 in
324 2367 435 2422 ultimis
449 2369 536 2422 annis
550 2369 630 2423 mille
643 2369 699 2422 isto
710 2385 758 2423 res
772 2368 889 2446 agitur,
912 2365 943 2422 id
958 2375 1018 2437 est,
1042 2377 1132 2422 sexto
1147 2383 1234 2422 anno·

197 2467 264 2503 rum
277 2449 413 2506 milliario
432 2459 570 2525 tanquam
588 2460 671 2506 sexto
685 2443 750 2522 die,
775 2452 859 2508 cuius
873 2469 951 2507 nune
966 2451 1060 2526 spatia
1074 2452 1234 2524 posteriore

197 2533 375 2604 volvuntur3
392 2544 529 2590 secuturo
544 2534 649 2591 deinde
662 2533 793 2605 sabbato,
808 2535 886 2610 quod
899 2553 959 2591 non
972 2533 1059 2590 habet
1073 2551 1232 2610 vesperam,

197 2618 299 2691 requie
325 2618 439 2674 scilicet
465 2628 647 2690 sanctorum,
675 2636 750 2692 quae
776 2637 835 2675 non
862 2617 949 2674 habet
968 2613 1073 2674 lincm':
1100 2627 1136 2674 ut
1156 2617 1233 2673 buius

197 2701 329 2756 milliarii
343 2709 482 2776 tanquam
495 2701 555 2757 dici
568 2704 757 2760 novissimam
770 2711 894 2776 partem,
907 2703 1079 2760 remanebat
1093 2697 1233 2776 [remane-

197 2779 252 2856 bit]
268 2785 411 2859 usquead
429 2787 588 2842 terminum
605 2787 733 2858 saeculi,
756 2787 836 2842 mille
854 2803 947 2842 annos
966 2787 1179 2862 appellaverit;
1204 2803 1232 2838 eo

196 2867 337 2940 loquendi
349 2866 447 2938 modo,
461 2885 518 2942 quo
531 2888 599 2943 pars
613 2869 797 2948 significatur
811 2889 828 2925 a
841 2879 918 2926 toto:
932 2881 983 2926 aut
997 2879 1077 2925 certe
1090 2871 1174 2926 mille
1187 2887 1231 2924 aa·

197 2967 252 3004 nos
262 2967 315 3022 pro
328 2952 414 3006 annis
428 2951 560 3007 omnibus
573 2951 659 3008 huius
674 2954 784 3010 saeculi
797 2954 910 3028 posuit3
923 2962 957 3008 ut
968 2953 1103 3028 profecto
1118 2969 1230 3010 numero

197 3040 352 3087 notaretur
373 3034 437 3106 ipsa
454 3035 592 3108 temporie
611 3037 773 3110 plenitudo.
807 3036 988 3094 Millcnarius
1002 3039 1082 3094 enim
1098 3053 1231 3094 numerus

198 3112 314 3170 denarii
333 3117 451 3171 numeri
469 3116 642 3192 quadratum
660 3120 785 3177 solidum
804 3119 909 3176 reddit.
941 3119 1053 3177 Decem
1065 3123 1176 3196 quippe
1189 3120 1231 3174 de-

197 3199 257 3254 cies
271 3197 375 3271 ducta,
397 3199 473 3257 liunt
486 3211 618 3275 centum3
645 3223 719 3280 quae
733 3206 792 3261 iam
804 3203 900 3282 figura
914 3203 1066 3279 quadrata,
1088 3204 1142 3260 sed
1154 3207 1231 3280 plena

197 3293 253 3340 ert.
276 3281 316 3340 Vt
329 3293 425 3341 autem
439 3287 471 3342 in
485 3287 671 3344 altitudinem
684 3297 799 3366 surgat,
813 3299 844 3344 et
856 3288 948 3344 solide
961 3287 1029 3358 fiat,
1046 3305 1155 3344 rursus
1169 3305 1230 3344 een·

196 3377 260 3424 tum
273 3368 371 3426 decies
387 3371 630 3444 multiplicantur,
646 3381 677 3428 et
689 3373 769 3428 mille
784 3381 863 3428 sunt.
892 3370 985 3426 Porro
999 3373 1025 3426 si
1039 3381 1163 3428 eentum
1176 3373 1231 3447 ipss

195 3471 249 3527 pro
264 3455 458 3512 universitate
473 3454 631 3530 aliquando
644 3465 805 3530 ponuntur,
828 3456 913 3531 quale
926 3454 998 3510 illud
1011 3463 1067 3524 est,
1082 3454 1165 3530 quod
1178 3455 1230 3512 llo·

195 3537 293 3593 minus
307 3539 406 3593 omnia
419 3555 472 3593 sua
485 3537 661 3610 dimittenti,
686 3547 716 3594 et
729 3559 796 3596 eum
809 3539 943 3614 sequenti
955 3539 1108 3612 promisit,
1128 3537 1230 3606 dicens,

195 3617 334 3696 Accipiet
356 3622 386 3677 in
409 3619 463 3678 boe
483 3621 601 3679 soeculo
625 3623 809 3700 centuplum:
836 3622 913 3698 quod
935 3639 1088 3697 exponens
1112 3621 1229 3698 quoda·

193 3699 279 3754 modo
292 3701 462 3773 Apostolus,
485 3707 543 3776 ait,
570 3703 667 3774 ansi
678 3705 755 3762 nibil
765 3705 917 3776 babentes,
931 3715 961 3763 et
973 3708 1071 3762 omnic
1077 3705 1230 3784 possides·

194 3789 258 3834 tes:
272 3783 341 3853 quia
355 3791 385 3836 et
397 3794 466 3839 ante
479 3787 538 3844 iarn
551 3786 661 3842 dictum
675 3798 749 3858 erat,
762 3787 875 3846 Fidelis
888 3787 1012 3844 bominis
1021 3797 1104 3846 totus
1114 3789 1229 3845 nendo

195 3861 370 3918 divitiorum
384 3873 445 3919 est:
471 3879 581 3942 quanto
595 3872 689 3948 magis
702 3872 782 3927 mille
794 3889 849 3946 pro
865 3872 1060 3929 universitate
1071 3883 1226 3948 ponuntur,
