2538 4392
207 231 268 292 DE
292 233 508 295 GlVlTfiTE
534 237 615 297 DEl
641 241 724 298 filli.
747 243 845 301 xlx.
982 253 1044 310 2³3

56 405 100 443 nm.
130 385 161 441 ln
172 387 216 441 illa
229 387 317 442 ctiam
330 384 494 446 differentis
507 409 580 468 quae
594 390 748 450 adhibetur
762 413 799 450 ex
811 394 913 455 habitu
927 411 957 457 et
970 421 1042 462 con-

56 467 166 528 etudine
178 468 361 545 Cynicorum,
375 491 435 529 non
449 477 600 550 quaeritur
612 478 748 552 quisnam
762 480 802 534 sit
814 479 882 536 finis
898 483 977 557 boni,
992 485 1044 546 sed

55 573 119 610 rum
128 555 154 608 in
169 555 213 609 illo
230 552 331 611 habitu
350 565 379 612 et
399 559 612 615 consuetudine
631 561 671 615 sit
687 561 845 620 visendum
858 565 902 636 ei,
926 570 977 642 qui
990 589 1039 627 re-

56 657 85 694 m
103 645 219 693 sectatur
238 638 363 710 bonum,
391 639 541 716 quodlibet
559 643 585 697 ei
604 661 708 700 verum
727 645 864 703 rideatur
878 661 1042 729 essentque

54 721 185 778 standum.
209 720 344 796 Denique
357 723 493 797 fuerunt,
512 727 562 801 qui
575 745 641 785 cum
654 727 771 784 diversa
785 743 978 806 sequerentur
991 737 1042 794 bo-

53 806 174 875 finsfis,
199 805 248 860 alii
260 805 412 878 virtutem,
427 809 478 863 alii
490 811 684 884 voluptatem,
709 812 834 868 eundem
848 823 946 872 tamen
959 816 1041 876 helsi-

53 909 78 944 m
92 897 121 943 et
132 888 367 945 consuetudinem
380 892 538 963 tenebant,
567 910 605 947 ex
619 911 675 970 qua
696 889 780 971 [quc]
795 894 900 972 Cynici
913 903 1042 974 appelle-

52 981 126 1027 ntur.
159 970 199 1028 lta
216 971 288 1027 illud
305 973 444 1049 quicquid
458 984 519 1046 est,
544 976 622 1032 unde
634 976 799 1054 philosophi
812 979 918 1056 Cynici
932 983 1042 1041 discer-

53 1065 122 1111 ntnr
135 1073 151 1110 c
164 1057 293 1127 caeteris,
308 1054 344 1112 ad
358 1057 525 1136 eligendum
539 1077 573 1116 sc
587 1061 748 1118 tenendum
761 1063 880 1135 bonum,
895 1083 952 1140 quo
964 1067 1043 1126 besti

51 1148 131 1209 rcnt,
146 1140 240 1214 utique
262 1141 305 1194 nil
325 1141 449 1197 valebat.
486 1141 561 1197 Nam
580 1145 605 1197 si
624 1145 734 1218 aliquid
751 1145 788 1201 ed
805 1145 859 1202 hcc
873 1149 1042 1225 interesset,

51 1223 138 1278 ›fccto
151 1222 222 1278 idem
234 1221 351 1279 habitus
366 1225 490 1280 eundem
504 1224 593 1280 finem
607 1227 691 1302 sequi
705 1239 841 1307 cogeret,
863 1239 893 1286 et
907 1231 1040 1292 diversus

50 1307 123 1363 titus
136 1306 252 1364 eundern
267 1307 351 1382 sequi
365 1306 454 1365 finem
468 1327 529 1365 non
543 1311 665 1366 sineret.

414 1475 539 1534 CAP.
580 1477 629 1534 ll.

48 1571 146 1634 octodo,
161 1572 267 1623 remotis
278 1573 397 1625 sirenibus
408 1569 583 1643 defferectis’s,
604 1591 673 1644 quoe
683 1595 736 1630 non
746 1587 843 1643 sectae,
853 1581 901 1632 sed
909 1583 1043 1650 quaestio·

70 1657 118 1693 nes
128 1651 195 1704 sunt,
211 1643 249 1693 cd
257 1643 428 1710 tripertitam
437 1645 533 1696 summi
543 1645 606 1698 doni
615 1646 798 1716 definitionem
812 1647 900 1702 Varro
907 1667 970 1719 per·

221 1713 326 1774 oenias,
342 1729 457 1782 quarum
468 1722 559 1768 tamen
569 1731 624 1769 uns
635 1717 673 1769 ss't
683 1717 815 1787 eligenda.

47 1817 97 1874 'In
112 1815 201 1874 tribus
215 1837 330 1896 quoque
343 1823 401 1900 illis
416 1823 495 1878 ritae
513 1823 689 1900 generibus,
713 1843 773 1881 uno
792 1826 905 1882 scilicet
918 1845 979 1883 non
993 1847 1040 1884 se-

49 1912 115 1970 ter,
139 1901 232 1958 sedin
247 1907 493 1980 contemplatione
506 1907 555 1962 rel
575 1909 770 1983 inquisitione
783 1911 917 1965 veritatis
931 1911 1039 1982 otioso,

45 2003 94 2042 ero
110 1986 140 2040 in
153 1987 290 2062 gerendis
304 1989 391 2044 rebus
404 1988 540 2044 humanis
559 1993 734 2067 negotioso,
761 1993 849 2048 tertio
864 2009 902 2046 ex
915 2001 1038 2068 utroque

45 2087 109 2126 lere
123 2079 300 2146 temperato,
315 2089 381 2126 cum
395 2073 548 2146 quaeritur
562 2073 631 2146 quid
644 2072 748 2129 horum
761 2076 801 2128 sit
812 2075 910 2147 potius
925 2077 1037 2151 eligen-

44 2175 71 2224 n,
87 2171 150 2209 non
159 2151 227 2209 finis
239 2154 310 2210 boni
319 2151 407 2209 habet
420 2156 668 2226 controversiem3
683 2155 735 2210 scd
747 2157 817 2230 quid
829 2155 934 2212 horum
947 2158 1038 2214 trium

44 2238 195 2293 ‚cultatem
212 2240 260 2294 vel
279 2235 451 2294 facilitatem
471 2233 575 2293 afferat
595 2237 632 2292 ud
653 2237 892 2313 consequendum
905 2240 953 2296 vel
965 2242 1037 2296 reti-

44 2320 122 2376 ,dum
135 2319 224 2376 finem
238 2321 320 2392 boni,
334 2320 364 2376 id
378 2322 410 2376 in
423 2323 481 2377 iste
495 2322 667 2396 quaestione
681 2331 828 2380 rcrmtur.
860 2321 944 2378 Finis
959 2325 1037 2380 enim

44 2408 75 2476 i,
104 2404 226 2478 eumad
245 2424 311 2461 eum
329 2406 452 2482 quisquc
469 2406 652 2479 pervenerit,
678 2408 812 2480 protinus
827 2407 942 2464 beatum
956 2405 1036 2463 facit.

44 2489 111 2543 otio
139 2497 239 2544 autem
261 2491 390 2560 literato,
416 2489 465 2545 vel
487 2489 518 2544 in
543 2490 666 2566 negotio
689 2490 823 2562 publico,
850 2493 897 2547 vel
922 2489 1037 2567 quando

44 2591 149 2646 umque
174 2572 288 2629 vicibus
312 2573 429 2649 agitur,
455 2591 515 2628 non
542 2573 684 2628 continuo
711 2575 834 2649 quisque
856 2573 958 2630 boetus
984 2585 1035 2632 est.

47 2658 72 2711 ti
91 2657 199 2731 quippe
213 2658 246 2713 in
261 2657 392 2732 quolibet
405 2654 510 2712 horum
523 2656 614 2712 trium
626 2665 751 2732 possunt
764 2659 876 2726 vivere,
898 2659 972 2715 etin
986 2677 1036 2734 cp-

48 2738 114 2795 ndo
129 2739 202 2796 boni
216 2740 275 2796 fine
289 2759 348 2816 quo
363 2739 397 2796 fit
412 2738 500 2796 homo
519 2739 638 2810 beams',
663 2758 772 2796 errare.
807 2740 872 2796 Alia
888 2749 932 2795 cst
945 2741 1038 2820 igitur

44 2823 121 2878 estio
138 2823 175 2878 de
191 2823 299 2880 finibus
314 2823 458 2880 bonorum
477 2831 507 2879 et
524 2825 685 2895 malorum,
708 2841 783 2899 quse
802 2842 1037 2900 unamquamque

44 2905 231 2980 esophorum
245 2918 354 2964 sectam
367 2909 452 2964 facit:
467 2917 497 2964 et
508 2909 583 2964 aliae
597 2917 666 2963 sunt
680 2910 868 2984 quaestiones
884 2907 920 2963 dc
932 2909 1037 2964 sociali

44 3035 46 3050 .
64 2989 105 3045 dc
121 2994 314 3048 cunctatione
328 2991 579 3063 Academicorum,
595 2991 630 3048 de
646 2993 755 3049 vestitu
769 3001 800 3049 et
812 2993 892 3049 victu
908 2990 1036 3068 Cynico-

44 3115 49 3139 ,
69 3073 111 3128 dc
126 3075 227 3132 tribus
241 3077 320 3132 vitae
333 3077 505 3154 generibus,
527 3077 634 3148 otioso,
655 3085 791 3149 actuoso,
816 3085 896 3132 etex
909 3084 1035 3153 utroque

44 3158 175 3230 ificat03·
200 3177 324 3234 quornm
343 3162 423 3215 nnlla
437 3169 497 3229 cst,
526 3159 558 3213 in
572 3177 630 3232 qua
645 3158 680 3214 de
691 3159 836 3216 bonorum
851 3161 1037 3217 etmalorum

44 3259 87 3297 us
103 3241 287 3316 disputatur,
311 3241 439 3298 Proinde
453 3242 593 3315 quonism
606 3239 723 3297 Marcus
736 3240 830 3298 Varro
843 3240 895 3296 hes
911 3249 1035 3316 quatuor

44 3329 124 3382 'rens
141 3322 338 3396 differentias,
352 3326 452 3395 idest,
467 3341 504 3378 ex
517 3325 579 3380 vita
594 3324 713 3394 sociali,
736 3340 774 3378 ex
785 3322 967 3379 Academicis
981 3341 1035 3378 no-

44 3427 85 3464 ex
94 3407 239 3484 Cynicis,
254 3410 361 3464 existo
375 3409 453 3464 vitae
467 3425 578 3484 genere
585 3407 733 3479 tripertito
741 3405 779 3461 ed
788 3415 882 3462 sectas
893 3403 1035 3461 ducentes

44 3495 137 3571 ginta
146 3493 373 3568 octoperrenit,
388 3499 417 3546 et
431 3491 544 3566 siquae
558 3490 632 3545 oliae
645 3499 771 3564 possunt
784 3489 919 3545 similiter
932 3486 1035 3560 adiici;

44 3578 101 3632 »tis
119 3577 169 3631 eis
185 3577 340 3646 omnibus,
355 3575 493 3652 quoniam
507 3573 542 3629 de
556 3571 696 3629 sectando
710 3590 822 3629 summo
835 3570 913 3627 bono
926 3571 1036 3627 nullam

45 3669 115 3715 unt
131 3662 356 3734 quaestionem:
383 3666 413 3714 et
431 3656 497 3714 ideo
516 3666 614 3714 sectae
632 3673 687 3712 noc
701 3665 787 3727 sunt,
814 3672 868 3711 nee
885 3653 1035 3711 vocandae

44 3788 47 3810 ‚
70 3743 115 3798 od
132 3745 207 3798 illes
222 3743 386 3814 duodecim,
401 3743 432 3797 in
447 3741 551 3816 quibus
566 3741 719 3816 quaeritur
732 3739 802 3815 quid
811 3740 851 3794 sit
860 3736 971 3796 bonum
984 3735 1036 3794 fio-

44 3848 71 3897 s,
92 3845 162 3901 quo
178 3837 316 3884 assecuto
330 3827 364 3882 fit
378 3825 494 3896 boetus,
507 3833 543 3881 ut
557 3841 595 3880 ex
609 3825 652 3880 eis
665 3842 751 3880 unam
766 3841 882 3894 veram,
906 3831 1036 3880 caeteros

44 3931 54 3967 s
77 3909 236 3968 ostendat
249 3929 324 3984 esse,
339 3909 508 3968 revertitur.
544 3907 620 3965 Nem
633 3918 745 3967 remoto
760 3909 809 3965 illo
824 3907 971 3984 tripertito
984 3923 1035 3983 ge-
