2586 4396
230 191 269 248 ιι
447 181 544 244 mvi
568 145 753 239 ι’νιιιιιι
781 177 1029 240 ιιιιιιιιι

228 341 398 418 mysterium
419 335 647 398 sacratissimum
665 333 740 410 quod
756 332 912 411 agebatur,
936 327 1082 389 attentio
1100 337 1148 390 rai
1160 336 1258 416 figura

230 427 320 482 etiam
332 426 363 482 in
376 422 501 480 veritate
514 419 585 476 iacti
598 419 683 476 aliter
695 437 755 474 non
767 427 867 492 posset
884 417 1012 493 impleri,
1039 419 1099 474 nisi
1112 428 1146 475 ut
1157 424 1258 478 omnia

229 511 269 566 ibi
283 517 363 564 certo
376 507 427 564 ille
445 521 566 564 uruuero
585 511 698 574 essent,
724 503 912 578 quaesivere
926 503 958 558 in
971 501 1053 577 aquis
1067 512 1170 560 natura
1182 524 1256 579 pro-

228 590 346 648 hibente
360 609 419 648 non
432 596 568 665 possent,
583 605 643 644 non
656 585 713 643 fuit
725 589 782 642 ista
795 604 864 642 cura
876 587 957 642 illius
969 584 1112 659 bominis,
1123 589 1170 644 uel
1182 589 1257 644 ilio·

228 693 293 734 rum
306 673 472 744 hominum,
499 669 550 728 scd
562 669 670 730 diviua.
714 669 780 728 Non
794 671 918 726 animoa
932 669 995 728 Nos
1009 679 1093 744 eapte
1106 672 1256 728 intromit-

227 759 325 830 tebat,
339 758 390 818 sed
402 757 553 816 venientia
566 764 596 812 et
607 756 749 814 intrantia
760 754 952 829 permittebat.
986 753 1030 810 Ad
1042 753 1098 812 hoc
1111 757 1192 812 enim
1204 776 1255 814 va·

227 843 269 900 let
291 841 368 918 quod
390 841 498 900 dictum
522 847 583 912 ιιι,
609 835 770 898 Intrabunt
788 839 830 898 ed
846 848 894 895 te:
919 857 980 895 nou
998 839 1113 895 scilieet
1129 837 1254 897 bominis

228 935 312 998 ectu,
326 925 378 983 sed
393 923 450 984 Dei
462 933 552 982 nutu:
574 925 616 982 ita
629 940 716 994 sana,
730 931 763 978 ut
776 941 836 980 non
849 923 909 978 illie
924 922 1015 978 fauisse
1028 922 1173 980 credenda
1186 926 1254 995 sint,

229 1027 304 1084 quaa
329 1028 404 1068 sexu
431 1017 540 1068 corant.
583 1007 797 1082 Praeseriptum
820 1007 969 1078 emerim,
993 1015 1081 1082 atque
1093 1007 1255 1080 definitum,

228 1091 381 1153 Masculus
400 1101 430 1154 ct
440 1092 561 1164 femine
580 1100 675 1150 erunt.
717 1090 783 1150 Alia
795 1100 865 1148 sunt
877 1092 983 1167 quippo
996 1109 1071 1166 quae
1087 1090 1122 1146 de
1134 1091 1255 1167 quibus-

229 1194 285 1252 que
299 1177 386 1236 rebus
399 1178 464 1237 sinc
478 1175 634 1236 concubitu
647 1175 687 1232 ita
701 1183 878 1246 naseuntur,
903 1184 936 1231 ut
947 1185 1050 1251 postea
1063 1176 1258 1232 concumbant

230 1270 260 1318 et
276 1271 434 1339 generant,
460 1263 537 1320 sicut
555 1277 685 1318 muscae:
714 1261 771 1316 alia
783 1277 853 1316 vero
870 1260 1018 1335 inquibus
1032 1257 1258 1316 nibiisitmaris

228 1346 277 1402 vel
290 1345 431 1417 sentinae,
459 1346 537 1404 sicut
550 1364 627 1420 apos·
670 1343 715 1402 Ea
726 1362 813 1419 porro
828 1361 902 1420 quae
915 1345 958 1399 sie
970 1341 1079 1400 habent
1092 1361 1210 1414 sexum,
1224 1354 1258 1400 ut

228 1447 290 1488 uon
301 1428 428 1488 habeant
440 1428 561 1501 foetum,
576 1430 652 1487 sicut
663 1429 735 1486 muli
747 1437 777 1485 at
788 1429 898 1500 mulae,
921 1429 1027 1484 mirum
1039 1427 1065 1482 si
1076 1429 1117 1485 ibi
1129 1426 1258 1494 fuerunt,

229 1531 264 1570 ao
278 1533 338 1572 non
351 1515 446 1588 potius
460 1522 596 1588 parentes
609 1532 710 1570 corum
722 1513 763 1569 ibi
775 1512 867 1569 fuisse
880 1509 1045 1584 suffecerit,
1065 1513 1204 1587 equinum
1213 1513 1256 1567 vi·

230 1595 335 1654 delicet
353 1605 441 1671 atque
459 1598 607 1654 asininum
624 1615 732 1674 genus:
759 1605 789 1653 at
801 1597 827 1668 si
841 1615 898 1672 qua
910 1597 968 1654 alia
981 1605 1064 1666 sunt,
1091 1614 1167 1670 quac
1182 1615 1257 1651 eom·

229 1679 374 1736 mixtione
388 1679 496 1738 diversi
509 1681 627 1758 generis
638 1699 732 1759 genus
743 1681 858 1756 aliquod
869 1681 1005 1758 gignunt.
1049 1677 1109 1736 Sed
1122 1681 1149 1736 si
1163 1688 1193 1734 et
1204 1678 1256 1734 hoe

230 1763 267 1818 ad
280 1763 451 1838 mysterium
459 1764 644 1836 pertinebat,
662 1764 704 1820 ibi
717 1773 811 1821 erant.
854 1763 951 1822 Habet
964 1764 1043 1820 enim
1056 1773 1087 1820 ot
1097 1761 1153 1822 hoo
1167 1781 1257 1842 genus

229 1847 388 1904 masculum
401 1857 432 1904 ct
443 1847 589 1904 seminam.

294 1928 378 1988 Solet
397 1933 484 1990 ctiam
502 1949 619 1990 movere
639 1933 810 2003 nonnullos,
834 1941 944 2011 genera
962 1949 1096 1988 escarum
1115 1948 1185 2006 quae
1198 1930 1260 1984 iilic

229 2012 336 2072 habere
349 2023 485 2090 poterant
497 2017 653 2090 animalia,
678 2035 753 2092 quae
766 2034 826 2073 non
841 2017 899 2072 nisi
918 2035 1005 2072 carne
1018 2017 1099 2073 vesci
1112 2023 1260 2090 putantur,

229 2108 329 2158 utrum
341 2109 458 2175 praeter
468 2119 620 2158 numerum
633 2103 674 2159 ibi
683 2101 796 2158 fuerint
805 2102 869 2158 uino
878 2102 1114 2178 transgressione
1123 2097 1259 2168 mandati,

231 2201 305 2258 quac
318 2185 442 2242 aliorum
460 2184 632 2242 alendorum
651 2187 812 2242 necessitas
830 2187 892 2242 illic
911 2187 1057 2262 coigisset
1074 2183 1199 2242 includi:
1225 2201 1259 2238 an

231 2284 318 2336 vero,
345 2268 421 2342 quod
433 2270 529 2343 potius
543 2269 790 2342 esteredendum,
816 2279 933 2346 praeter
953 2287 1071 2341 carnes,
1098 2269 1257 2344 aliquanti·

232 2359 331 2406 menta
350 2369 414 2409 esse
425 2353 598 2426 potuerint,
624 2371 698 2429 quac
711 2354 855 2411 omnibus
879 2355 1077 2410 convenirent.
1121 2351 1259 2408 Novimus

233 2435 311 2492 eninr
324 2453 409 2511 quam
422 2437 515 2493 multa
527 2438 681 2510 annualia,
696 2439 798 2514 quibus
812 2456 880 2494 caro
894 2438 976 2494 cibus
989 2446 1048 2508 est,
1062 2436 1197 2514 frugibus
1208 2453 1260 2509 po-

231 2520 344 2596 misque
356 2530 530 2594 vescantur,
550 2531 580 2578 et
591 2524 718 2578 maxime
731 2521 787 2580 fico
800 2531 887 2598 atque
902 2523 1054 2578 castaneis.
1100 2519 1178 2587 Quid
1192 2537 1261 2595 ergo

231 2605 353 2676 mirum,
367 2607 393 2663 si
406 2602 514 2685 virssille
528 2609 644 2681 sapiens
659 2607 809 2678 et'iustus,
829 2607 917 2662 etiam
930 2605 1070 2664 divinitus
1084 2604 1262 2674 admonitus,

232 2688 301 2762 quid
314 2691 419 2764 cuique
433 2701 622 2767 congrueret,
643 2692 707 2747 sine
720 2690 854 2747 carnibus
868 2699 964 2764 aptam
978 2691 1082 2764 cuique
1092 2690 1199 2768 generi
1212 2689 1263 2742 ali·

232 2774 361 2830 moniam
375 2775 560 2846 praeparavit
573 2783 603 2829 ιι
615 2770 801 2830 recondiditi
828 2774 896 2850 quid
910 2782 956 2829 est
967 2783 1080 2846 autem,
1107 2791 1164 2848 quo
1184 2772 1263 2828 vesei

232 2873 295 2912 non
311 2864 431 2932 cogeret
449 2851 559 2912 semesi
586 2866 637 2913 aut
649 2857 718 2932 quid
731 2877 791 2914 non
805 2876 896 2916 suave
909 2875 943 2914 ac
957 2858 1071 2914 salubre
1084 2857 1181 2914 iacere
1193 2874 1262 2929 pos-

233 2947 279 2993 set
289 2937 388 3008 Deus,
402 2941 451 3012 qui
464 2939 566 3010 etiam,
581 2949 614 2996 ut
627 2941 691 2997 sine
705 2941 768 2998 cibo
782 2945 931 3015 viverent,
945 2941 1044 2998 divina
1057 2941 1193 2997 facilitate
1207 2937 1264 2993 do-

232 3030 335 3093 naret,
361 3021 420 3078 nisi
436 3031 469 3078 ut
485 3033 675 3096 pascerentur
694 3027 782 3082 etiam
799 3025 855 3083 boc
874 3025 1037 3104 implendae
1056 3025 1164 3103 figurae
1183 3025 1265 3078 tanti

232 3106 366 3180 mysterii
380 3104 569 3164 conveniret?
593 3107 660 3166 Non
674 3119 772 3168 autem
786 3111 822 3167 ad
834 3109 1088 3189 praefigurandam
1099 3107 1265 3166 Ecclesiam

231 3190 379 3262 pertinere
402 3199 462 3250 tam
482 3193 657 3269 multiplicia
680 3214 777 3252 rerum
796 3197 883 3274 signa
901 3205 1066 3274 gestarum,
1093 3193 1152 3250 nisi
1176 3190 1266 3246 fuerit

234 3276 450 3348 contentiosus,
477 3295 562 3334 nemo
578 3281 758 3353 permittitur
776 3281 898 3355 opinari.
941 3278 1001 3335 lam
1015 3280 1093 3335 enim
1106 3285 1210 3356 gentes
1225 3277 1265 3330 ita

232 3354 393 3416 Ecclesiam
403 3362 606 3436 repleverunt,
632 3363 790 3438 mundique
807 3373 837 3420 ιι
854 3362 1009 3434 immundi,
1036 3361 1128 3418 donee
1153 3367 1266 3416 certium

232 3444 420 3516 perveniatur
434 3444 589 3516 adfinem,
603 3448 719 3503 itacius
734 3449 856 3506 unitatis
867 3446 990 3524 quedam
1004 3447 1180 3524 compagine
1194 3461 1265 3499 con·

232 3527 383 3600 tinentur,
397 3538 430 3585 ut
443 3548 481 3585 ex
492 3527 547 3587 hoc
557 3549 617 3587 uno
630 3531 881 3605 manifestissimo,
896 3533 984 3590 etiarn
996 3529 1180 3601 decoctoris,
1194 3545 1277 3604 quae:

234 3609 384 3668 obscurius
400 3614 547 3689 aliquanto
561 3614 730 3688 dictasunt,
745 3626 775 3672 ιι
785 3615 931 3672 difficilius
940 3616 1061 3693 agnosci
1075 3622 1201 3690 queunt,
1215 3611 1277 3666 ‹lu-¹

233 3691 378 3752 bituritas
392 3699 510 3754 nonsit.
543 3700 625 3766 Quae
639 3701 760 3758 cumita
773 3702 847 3772 sint,
875 3703 902 3757 si
915 3719 970 3757 uec
983 3700 1112 3756 inaniter
1123 3699 1185 3753 ista
1199 3713 1268 3751 con·

234 3775 343 3848 scripta
357 3797 421 3834 esse
433 3789 536 3852 putare
548 3784 699 3856 quisquam
709 3787 756 3840 uel
768 3784 859 3840 durus
871 3783 1004 3856 audebit,
1018 3801 1071 3839 nec
1084 3781 1161 3838 nibil
1173 3780 1267 3857 signi-

234 3854 322 3914 ficare
344 3879 406 3917 cum
427 3872 511 3938 gesta
531 3867 606 3938 sint,
630 3885 685 3922 ιιι
707 3871 770 3925 sola
789 3867 867 3924 diets
888 3885 952 3924 esse
965 3865 1180 3946 significativa,
1210 3879 1277 3952 nou,
