2576 4396
278 199 341 257 DE
364 197 579 258 ClVlTA'l'E
602 199 847 266 smilax.
1012 211 1071 270 281

100 355 182 414 Nam
196 363 229 410 et
242 355 306 428 ipsa
317 353 420 432 religio
434 355 565 430 quamvis
578 353 756 432 distinctim,
770 377 830 416 non
843 359 1009 436 quemlibet,
1024 363 1074 420 sed

35 442 94 500 Dei
108 441 229 497 cultum
243 436 572 516 significarevideatu13
598 437 677 496 unde
690 441 748 498 isto
762 444 880 500 nornine
892 445 1075 520 interpretati

35 535 105 583 sunt
119 523 222 581 neoni
237 539 302 577 eam
315 539 388 596 quae
401 520 514 579 Graece
526 524 670 603 θρησκεία
689 523 810 582 dicitur:
828 535 926 584 tamen
940 530 1007 604 quia
1019 529 1075 586 La-

36 613 99 667 tina
113 605 264 683 loquendi
277 604 506 679 cousuetudine,
531 625 593 664 aen
616 609 710 665 selum
732 609 949 684 imperitorum,
975 631 1076 668 verum

37 698 127 750 etiam
140 691 398 762 doctissimam,
421 699 452 746 ct
464 691 689 770 cognationibus
702 689 836 750 humanis
849 703 938 770 atque
952 694 1077 753 affinita-

36 778 117 833 tibus
131 785 163 832 et
180 774 346 849 quibusque
360 773 624 832 necmsitudinibus
644 773 753 833 dicitur
773 775 936 834 exhibenda
953 781 1075 859 religio·

37 880 100 918 non
112 879 147 917 eo
160 857 310 917 vocabulo
323 858 434 915 vitatur
446 858 624 938 asabiguum,
638 877 705 917 eum
715 859 751 918 de
761 863 841 918 cultu
856 861 972 920 deitatis
984 865 1077 922 verti-

37 955 87 1001 tur
111 944 271 1020 quaestio,
297 949 333 997 ut
356 940 480 998 fidenter
505 942 602 1000 dicere
626 946 791 1018 valeamus,
819 947 994 1026 religionem
1017 967 1076 1004 non

37 1047 101 1084 esse
119 1029 187 1085 nisi
204 1025 264 1083 Dei
284 1026 408 1098 cultum3
434 1028 572 1102 queniam
589 1028 707 1085 ridetur
724 1026 780 1088 bec
798 1029 920 1087 verbum
932 1049 950 1087 a
962 1031 1076 1110 siguifi-

37 1113 129 1170 canda
155 1110 351 1168 observantia
372 1111 597 1186 propinquitatis
615 1110 760 1170 humanae
780 1113 942 1170 insolenter
958 1115 1076 1171 auferri.

37 1195 134 1253 Pietas
150 1211 273 1270 quoque
292 1195 410 1269 proprie
425 1193 484 1250 Dei
502 1197 598 1250 cultus
612 1197 741 1274 intelligi
754 1197 845 1268 solet,
873 1215 959 1273 quam
972 1197 1078 1254 Graeci

37 1272 193 1360 εὐσέβειαν
204 1286 324 1334 vocant.
350 1275 432 1364 quc
445 1287 544 1334 tamen
558 1287 588 1334 et
601 1297 673 1356 erga
684 1288 822 1358 parentes
837 1278 964 1336 officiose
976 1278 1078 1336 baberi

38 1365 158 1420 dicitur.
175 1361 262 1420 More
275 1369 372 1418 autem
384 1362 469 1439 vulgi
479 1360 537 1418 boc
550 1379 658 1418 nomeu
672 1363 759 1418 etiam
772 1364 804 1419 in
816 1361 951 1439 operibus
964 1364 1078 1420 miseri·

37 1447 163 1503 cordiae
179 1444 398 1521 frequentatur:
424 1444 503 1520 quod
520 1444 586 1502 ideo
606 1445 733 1502 arbitror
751 1447 900 1519 evenisse,
926 1447 996 1523 quis
1007 1445 1079 1505 baec

35 1532 103 1588 fieri
117 1531 277 1606 praecipue
291 1527 371 1584 Deus
384 1528 518 1601 mandat,
532 1547 625 1606 eaque
638 1529 695 1586 sibi
706 1531 755 1587 vel
766 1547 820 1606 pro
833 1528 1005 1604 sacrificiis,
1032 1533 1079 1589 sel

35 1635 105 1691 prae
120 1613 283 1671 sacrificiis
296 1613 412 1688 placere
424 1621 559 1670 testatur.
585 1612 633 1670 Ex
646 1631 704 1690 qua
716 1614 854 1691 loquendi
868 1613 1078 1672 cousuetudine

36 1701 148 1756 lactum
169 1706 228 1768 est,
254 1706 288 1753 ut
311 1705 341 1752 et
363 1694 443 1753 Deus
466 1698 529 1773 ipse
548 1697 661 1754 dicatur
679 1698 760 1772 pius:
786 1716 871 1774 quem
887 1715 958 1756 sane
972 1697 1079 1757 Graeci

38 1786 116 1839 nullo
131 1801 192 1838 sue
205 1781 349 1836 sermonis
362 1797 417 1836 usu
434 1773 555 1862 sicestria
571 1790 694 1855 vocant3
721 1782 852 1859 quamvis
866 1772 1014 1865 adulfinus
1026 1803 1079 1860 pro

36 1864 246 1934 misericordia
258 1865 376 1921 illorum
387 1865 476 1920 ctiam
489 1867 593 1944 vulgus
606 1874 737 1942 usurpet.
767 1864 851 1924 Vnde
862 1867 894 1922 in
907 1866 1079 1944 quibusdam

36 1951 265 2026 scripturaram
279 1950 367 2020 locis,
392 1957 425 2004 ut
437 1948 588 2006 distinmio
605 1951 712 2006 certior
725 1958 894 2024 appareret,
920 1969 981 2008 uon
997 1943 1078 2010 εὐσέ-

33 2035 129 2117 βειαν,
159 2032 243 2109 quod
255 2049 293 2088 ex
305 2033 384 2090 bono
397 2034 493 2104 cultu,
519 2033 571 2090 sed
582 2023 766 2112 θεοσέβειαν,
786 2031 864 2109 quod
877 2050 915 2088 ex
927 2032 986 2090 Dei
999 2035 1079 2090 calta

35 2119 238 2195 compositum
250 2125 386 2189 resonat,
413 2115 510 2172 dicere
523 2117 700 2173 maluerunt.
726 2114 903 2172 Vtrumlibet
914 2125 1013 2173 sutem
1025 2114 1079 2173 ho·

34 2223 99 2262 rum
114 2219 177 2260 nos
192 2219 252 2256 uno
267 2200 357 2257 verbo
372 2201 526 2256 enuntiare
542 2219 602 2257 non
619 2205 780 2276 postumus.
814 2199 894 2268 Quae
906 2199 1007 2276 itaque
1026 2193 1080 2260 λα-

34 2290 117 2369 τρεία
133 2285 256 2343 Graece
270 2292 467 2358 nuncupatur,
488 2293 518 2340 et
529 2283 635 2342 Latine
647 2285 857 2359 iuterpretatur
870 2284 1009 2357 servitus,
1028 2285 1080 2342 sed

34 2393 67 2430 ea
80 2389 143 2448 qua
158 2370 286 2425 colimus
298 2366 409 2424 Deum:
421 2368 468 2424 vel
482 2385 557 2443 quae
569 2367 715 2449 θρησκεία
729 2366 852 2439 Graece,
863 2365 970 2426 Latine
982 2377 1079 2426 autem

33 2458 145 2535 religio
161 2452 286 2524 dicitur,
299 2451 351 2507 sed
364 2470 398 2508 ee
411 2469 485 2526 quae
498 2451 582 2508 uobis
596 2461 642 2508 est
655 2469 727 2530 erga
738 2449 850 2507 Deum:
873 2452 921 2508 rel
936 2469 1023 2526 quam
1035 2453 1079 2507 illi

34 2530 222 2618 θεοσέβειαν,
237 2553 291 2591 nos
305 2553 375 2592 sero
389 2553 450 2593 non
463 2552 522 2590 uno
535 2534 625 2590 verbo
641 2535 821 2608 exprimere,
834 2532 886 2590 sed
897 2531 956 2590 Dei
970 2535 1079 2590 cultum

34 2638 197 2700 possumus
211 2620 372 2694 appellare;
397 2617 473 2674 banc
492 2619 653 2674 sitantum
665 2615 731 2673 Deo
751 2614 850 2672 deberi
866 2614 1004 2686 dicimus,
1031 2617 1080 2690 qui
1123 2655 1126 2660 Δ

33 2726 125 2766 verus
139 2713 189 2762 est
201 2701 303 2774 Deus,
320 2702 449 2778 facitque
462 2717 533 2757 suos
547 2701 674 2756 cultores
688 2698 767 2756 deos.
804 2697 976 2774 Quicunque
988 2699 1081 2777 igitur

35 2802 107 2850 suut
126 2792 161 2846 in
182 2787 358 2846 coelestibus
377 2784 606 2843 habitationibus
625 2783 803 2840 immortales
821 2790 852 2839 et
868 2781 962 2856 beati,
986 2783 1013 2838 si
1024 2799 1078 2840 nes

37 2895 103 2934 non
117 2881 219 2930 amant
232 2889 287 2926 nec
300 2870 399 2927 beatos
414 2888 478 2926 esse
491 2887 546 2926 nos
557 2869 670 2939 solunt,
685 2865 801 2925 colendi
812 2867 913 2943 utique
925 2885 985 2926 non
1000 2874 1078 2924 suut.

37 2961 72 3018 Si
86 2967 188 3015 autem
199 2963 301 3012 ament
313 2963 343 3009 ct
356 2953 455 3010 beatos
468 2954 580 3025 velunt,
593 2951 726 3028 prolecto
739 2950 808 3010 iuda
820 2953 939 3026 volunt,
957 2950 1036 3010 uude
1049 2959 1079 3010 et

37 3047 96 3120 ipsi
110 3050 197 3100 aaut:
212 3057 252 3096 an
265 3037 383 3096 aliunde
395 3039 452 3112 ipsi
464 3037 554 3109 beati,
567 3036 685 3094 aliunde
697 3031 769 3094 noel

456 3187 573 3246 CAP.
616 3185 665 3246 11.

109 3287 156 3342 De
167 3303 287 3356 superna
297 3287 495 3342 illuminatione
505 3285 571 3355 qnid
579 3284 706 3338 Plotinae
714 3283 875 3338 Platonicae
884 3285 1009 3340 senserit.

105 3381 169 3442 Sed
183 3399 245 3440 nou
259 3386 305 3434 est
316 3375 401 3432 nobis
414 3377 492 3432 ullus
507 3395 572 3432 cum
583 3374 629 3432 his
640 3373 896 3432 excellentioribus
904 3371 1081 3447 philosophis

37 3475 71 3528 in
93 3469 151 3525 lsae
170 3463 345 3541 quaestione
369 3458 533 3517 conflictus.
565 3458 709 3515 Viderunt
730 3458 819 3527 enirn,
845 3456 966 3529 suisque
988 3455 1082 3510 literis

37 3555 140 3611 multis
154 3547 253 3607 modis
267 3545 466 3618 copiosissime
475 3543 699 3614 mandaverunt,
712 3539 780 3596 hinc
793 3540 869 3611 illes,
884 3535 962 3593 unde
974 3544 1005 3593 et
1017 3554 1082 3608 uos,

36 3640 105 3697 lieri
119 3639 238 3704 beatos,
252 3631 367 3688 obiecto
381 3627 505 3704 quodam
515 3629 629 3684 lumine
642 3623 832 3701 intelligibili,
853 3617 930 3696 quod
942 3618 1024 3676 Deus
1039 3629 1083 3676 est

36 3727 112 3794 illis,
127 3731 160 3777 et
174 3715 256 3774 aliud
266 3721 407 3788 estquam
415 3713 471 3783 illi,
484 3730 502 3766 a
515 3730 574 3786 quo
585 3713 783 3778 illustrantur,
795 3713 828 3762 ut
841 3705 981 3775 clareant,
995 3712 1083 3779 atquc

36 3811 104 3865 cius
118 3798 353 3881 participatione
365 3795 488 3870 perlecti
501 3795 637 3868 beatique
651 3791 819 3848 subsistant.
840 3786 935 3862 Saepe
947 3787 1083 3844 multum-

36 3911 96 3969 que
112 3888 252 3947 l'lotinus
275 3879 382 3940 asserit
399 3896 517 3936 sensum
529 3877 661 3934 Platonis
675 3875 854 3951 explanans,
878 3890 916 3928 ne
928 3872 1008 3930 illam
1020 3871 1084 3949 qui·
