2602 4416
274 197 337 256 DE
361 197 577 258 elvrrsrss
601 200 681 260 DEI
705 203 788 264 ΗΒ.
813 209 853 267 ll.
1042 217 1082 274 45

45 346 136 420 „nodi
161 350 253 406 cives
286 367 305 406 a
319 367 444 406 censore
471 352 576 408 melius
590 363 736 429 estqusm
749 375 767 413 a
780 369 867 431 pocta
894 366 1003 421 notari:
1030 365 1082 422 sed

43 431 224 506 „Periclem,
257 434 399 490 cumiam
413 451 485 489 suae
500 435 613 492 civitati
629 439 759 496 maxima
784 445 961 502 anctoritate
986 449 1079 522 pluri·

41 533 118 590 „mos
132 534 242 572 annos
259 515 341 572 domi
355 524 385 570 et
397 516 468 572 belli
479 517 671 593 praefuisset,
697 522 805 580 violari
819 525 970 599 versibus,
987 539 1016 584 et
1028 549 1079 586 eos

40 599 104 676 „agi
114 603 150 654 in
164 617 267 655 sceno
281 615 343 655 non
355 599 423 673 plns
437 597 555 672 decuit,
577 619 664 676 qnam
678 604 705 659 si
716 602 859 679 Plautus,
885 609 998 684 inquit,
1024 630 1078 670 no-

39 721 52 751 „
60 691 116 736 ster
130 682 301 752 voluisset,
314 690 369 738 aut
382 679 514 738 Naevius
527 681 631 740 Publio
645 694 675 741 et
687 685 767 744 Cneo
779 686 926 764 Scipioni,
940 701 993 750 aut
1005 692 1078 750 Cae-

38 805 52 834 „
58 764 140 819 cilius
154 763 266 822 Marco
281 762 394 821 Catoni
406 763 591 822 maledicere.
613 765 730 826 Deinde
742 773 831 846 psulo
843 783 924 848 post:
938 774 1078 846 Nostrae,

37 848 168 922 ,‚inqnit‚
196 857 313 904 contra
327 845 485 904 duodecim
498 846 628 906 Tabulae
645 870 712 908 cum
728 871 894 929 perpaucos
913 875 961 914 res
981 860 1077 933 capite

37 931 250 1003 ‚,aanxisaent,
281 931 316 986 in
329 928 376 984 his
390 927 468 986 banc
482 947 600 1007 quoqne
618 935 806 994 sanciendam
827 948 1024 1013 putaverunt,
1050 943 1077 998 ai

37 1014 119 1087 „quis
133 1014 385 1084 occentavisset,
413 1015 478 1070 sive
491 1032 609 1072 carmen
622 1017 820 1093 condidisset,
833 1021 913 1097 quod
924 1023 1076 1080 infamiam

37 1095 163 1164 „laceret
189 1095 388 1174 flagitiumve
413 1097 509 1152 elteri.
551 1095 715 1158 Praeclare.
763 1101 883 1162 Iudiciis
909 1108 988 1163 enim
1012 1124 1074 1164 ma-

37 1181 251 1256 „gistratum
267 1178 538 1252 disceptationibus
550 1182 691 1260 legitimis
704 1189 884 1258 propositam
898 1190 1000 1260 vitam,
1013 1207 1076 1244 non

37 1271 209 1334 „poetarum
224 1263 366 1340 ingeniis
380 1260 490 1318 hebere
503 1262 659 1336 debemns;
672 1285 728 1322 ncc
739 1269 879 1340 probrum
889 1269 1003 1340 audire,
1017 1272 1077 1326 nisi

38 1363 90 1412 „ca
101 1347 165 1424 lege
177 1356 217 1403 nt
233 1343 424 1418 respondere
436 1347 542 1418 liceat,
570 1355 601 1402 et
619 1347 730 1404 indicio
754 1348 921 1405 defendere.
929 1351 951 1383 “
994 1350 1077 1406 Haec

39 1445 70 1481 ex
81 1427 234 1486 Ciceronis
248 1435 363 1504 quarto
377 1426 414 1482 de
427 1428 580 1502 republica
592 1430 668 1486 libro
686 1429 725 1486 ad
742 1431 865 1488 verbum
891 1432 1077 1505 excerpenda

41 1510 185 1568 arbitratus
197 1531 290 1582 sum,
318 1511 489 1582 nonnullis,
502 1521 625 1586 propter
637 1512 802 1570 faciliorem
815 1515 1016 1587 intellectum,
1029 1517 1076 1574 rel

41 1597 265 1666 praetermissis,
297 1594 349 1650 rel
372 1594 525 1668 paululum
551 1597 747 1652 commutatis.
791 1595 916 1654 Multum
942 1600 1021 1654 enim
1038 1597 1076 1654 ad

40 1693 92 1731 rem
101 1679 274 1751 pertinent,
293 1693 383 1752 quum
396 1677 505 1732 molior
518 1679 683 1752 explicare,
702 1680 728 1734 si
740 1688 854 1753 potero.
898 1680 981 1738 Dicit
993 1680 1076 1738 dein-

39 1756 146 1832 deelia,
171 1770 206 1817 et
226 1761 277 1816 sic
298 1757 453 1817 concludit
465 1757 545 1818 hune
564 1763 679 1834 locum,
705 1770 740 1818 ιιι
765 1762 901 1820 ostendat
924 1763 1075 1822 veteribus

38 1841 214 1916 displicuisse
229 1842 398 1913 Romanis,
423 1844 472 1899 rel
495 1844 612 1900 laudari
636 1862 803 1920 quenquam
820 1848 853 1903 in
873 1865 963 1904 scena
975 1847 1076 1904 vivum

37 1921 188 1998 honinem,
220 1927 274 1982 vel
299 1927 474 2000 vituperari.
518 1925 596 1998 Sed,
622 1937 657 1984 ut
682 1927 762 1998 dixi,
787 1928 843 1986 hcc
857 1927 1073 2005 Graeciquan-

37 2026 110 2082 quem
120 2007 386 2079 inverecundius,
411 2016 511 2066 tamen
537 2012 764 2068 convenientius
790 2014 881 2070 licere
903 2015 1075 2082 voluerunt,

37 2110 91 2149 cum
103 2093 249 2150 riderent
265 2090 327 2148 diis
339 2092 404 2147 ιιιίι
420 2101 540 2165 accepto
554 2103 584 2150 et
609 2103 694 2172 gratu
720 2113 786 2152 csse
816 2096 989 2169 opprobria,
1014 2112 1075 2150 non

37 2183 137 2234 tuntum
150 2175 335 2246 hominum,
361 2192 467 2230 verum
481 2184 511 2231 et
523 2178 656 2250 ipsorum
668 2176 792 2234 deorum
804 2179 836 2234 in
850 2177 976 2234 scenicis
991 2176 1075 2233 iabu-

36 2259 80 2330 lis3
107 2263 174 2318 sive
188 2277 211 2314 a
224 2260 326 2332 poetis
340 2266 443 2314 essent
455 2259 505 2314 ille
519 2260 664 2330 conficta,
682 2261 746 2316 sive
759 2258 872 2340 flagitis
888 2279 992 2317 eornm
1003 2277 1075 2319 vera

36 2350 342 2401 commemorarentur
358 2349 389 2396 et
402 2351 563 2418 agerentur
582 2345 615 2400 in
627 2341 769 2415 theatris,
795 2353 884 2420 atque
909 2343 945 2400 eb
972 2363 1076 2400 eorum

36 2427 192 2484 cultoribus
221 2425 341 2480 utinam
369 2425 434 2480 solo
460 2427 539 2499 risu,
565 2443 600 2484 ao
615 2444 677 2484 non
691 2427 780 2482 etism
798 2428 964 2483 imitatione
985 2426 1076 2504 digna

36 2508 214 2566 siderentur.
261 2507 359 2564 Nimis
374 2509 453 2563 enim
468 2510 627 2584 superbum
639 2508 715 2578 fuit,
740 2509 836 2566 lamec
855 2527 979 2582 parcere
992 2509 1075 2582 prin-

34 2593 122 2665 cipum
150 2592 291 2649 civitatis
319 2599 350 2645 et
377 2591 501 2664 civium,
528 2593 579 2650 ubi
593 2609 666 2648 suae
683 2590 871 2662 iemaeparci
885 2591 1008 2645 numine
1022 2606 1076 2643 no-

32 2675 157 2733 luerunt.

408 2753 661 2836 gennis.

31 2853 91 2916 Qua
112 2854 228 2907 mensu·
248 2861 312 2906 arte
333 2854 471 2906 ἀιιιιιιιιιι
485 2853 570 2908 velint
584 2855 627 2934 ιιι
635 2853 716 2925 salsa
731 2852 763 2904 ds
773 2867 800 2904 se
814 2850 943 2916 crimina,
964 2853 1078 2904 velsero

496 2939 619 2976 narrare.

86 3013 169 3071 Nem
184 3011 272 3088 qnod
284 3008 408 3068 affertur
422 3029 476 3086 pro
490 3009 683 3084 defensione,
710 3029 772 3068 non
797 3012 848 3066 illa
868 3027 939 3067 vers
956 3011 987 3066 in
1007 3007 1078 3066 deos

32 3097 104 3169 lici,
133 3097 190 3154 sed
203 3096 281 3152 salse
294 3104 383 3170 atque
398 3094 539 3152 conficta:
565 3095 694 3169 idipsum
708 3104 754 3151 eat
767 3095 937 3165 scelestius,
963 3094 990 3148 si
1014 3094 1077 3166 pic-

31 3191 118 3238 tatem
133 3180 282 3238 consulas
298 3179 471 3256 religionis:
501 3180 527 3234 si
540 3187 639 3235 sutem
650 3179 792 3234 malitiam
805 3176 981 3234 daemonnm
994 3177 1076 3254 cogi-

30 3277 88 3337 tes,
118 3262 196 3340 qnid
209 3263 342 3318 astutius
356 3259 395 3318 ad
408 3260 614 3335 decipiendum
628 3270 717 3336 atque
731 3257 883 3317 callidiusi
911 3255 985 3316 Cum
999 3261 1077 3314 enim

32 3350 172 3421 probrum
201 3346 314 3401 iacitur
340 3346 373 3400 in
387 3345 551 3420 principem
575 3346 688 3419 petrice
713 3344 825 3401 bunum
850 3352 940 3418 atquc
963 3343 1078 3410 utilem,

32 3451 128 3490 nonne
142 3439 235 3488 tanto
256 3437 303 3484 est
320 3427 494 3506 indignius,
521 3437 634 3503 quanto
661 3427 819 3484 averitate
832 3427 992 3494 remotius,
1019 3430 1049 3476 ct
1061 3438 1079 3474 a

31 3517 91 3570 vita
102 3517 188 3572 illius
202 3507 355 3568 alieniusi
392 3511 475 3581 Quae
489 3511 582 3588 igitur
595 3510 740 3584 supplicia
754 3508 920 3579 sufficiunt,
933 3523 1000 3562 cum
1013 3499 1078 3558 Deo

32 3597 62 3653 tit
75 3600 132 3654 ista
145 3608 212 3656 tam
227 3593 362 3666 nefarie,
388 3602 449 3649 tam
462 3593 590 3672 insignis
610 3585 741 3648 iniuriai
784 3589 868 3648 *Sed
883 3584 1007 3661 maligni
1020 3585 1078 3658 spi·

33 3683 118 3755 ritus,
147 3697 229 3757 qnos
245 3678 298 3733 isti
311 3676 384 3732 deos
396 3684 518 3752 putant,
547 3677 636 3732 etium
648 3673 762 3752 flagitia
782 3691 857 3749 quae
875 3686 937 3725 non
954 3665 1079 3722 admise-

35 3775 112 3838 runt,
139 3764 179 3821 de
194 3782 230 3819 ae
245 3760 307 3816 dici
319 3761 443 3830 volunt,
471 3758 540 3815 dum
553 3767 651 3816 tamen
664 3756 808 3814 humanas
828 3760 941 3810 mentes
955 3747 1001 3806 his
1016 3751 1078 3824 opi-

36 3851 168 3908 nionibus
183 3843 396 3905 velutretibus
411 3841 547 3913 induant,
563 3839 892 3915 eteslpraedestinutum
906 3835 1081 3908 supplicium
