2592 4396
253 203 315 262 DE
338 200 551 262 ClVlTATE
575 200 655 258 DEl
676 201 757 260 blB.
779 201 857 261 Xll.
1019 209 1076 266 361

21 377 180 442 perversa
197 366 244 414 cst
257 358 320 430 ipsa
333 354 493 411 conversio.
537 352 649 410 Idcirco
668 372 729 410 non
747 372 795 409 res
807 354 931 412 inferior
944 360 1079 416 volunta·

22 460 88 504 tem
108 445 227 500 malam
247 440 337 510 fecit,
365 436 416 493 sed
434 455 496 492 rem
513 436 685 493 inferiorern
701 455 791 511 prave
810 447 897 512 atque
914 440 1080 498 inordinate

23 535 92 605 ipsa
113 544 198 602 quae
218 523 296 579 facta
316 530 376 592 est,
402 522 551 595 appetivit.
596 518 629 576 Si
644 521 722 576 enim
736 522 827 596 aliqui
841 520 900 578 duo
920 525 1081 597 acqualiter

23 611 132 669 affecti
147 609 252 664 animo
266 615 296 661 ct
311 623 430 679 corpore
442 602 564 660 videant
576 604 664 658 unius
679 605 810 678 corporis
823 603 1080 678 pulchritudinem,

23 715 85 772 qua
99 695 176 751 visa
194 708 272 746 unus
287 707 387 744 eorum
399 687 436 743 ad
447 688 552 742 illicite
563 685 771 762 perfruendum
783 697 946 760 moveatur,
961 690 1035 746 alter
1048 690 1080 744 in

22 783 192 836 voluntate
204 772 313 848 pudica
324 771 434 827 stabilis
447 779 636 845 perseveret,
655 769 724 846 quid
736 770 951 845 putamus'esse
965 789 1080 842 causae,

22 865 107 919 utin
123 861 182 914 illo
195 857 259 926 liat,
274 857 305 911 in
321 857 371 910 illo
385 873 445 911 non
458 854 510 910 fiat
519 855 654 911 voluntas
668 849 761 910 nsala'l
783 855 864 920 Quae
877 855 957 911 illam
970 873 1018 912 res
1032 854 1080 910 ie-

24 949 86 1018 cit,
116 946 154 998 in
170 959 231 1016 quo
245 939 324 994 facta
339 933 402 994 esti
427 937 529 1013 Neque
553 939 632 992 enim
654 935 840 1011 pulchritudo
863 939 915 994 illa
936 938 1080 1014 corporis3

23 1049 97 1086 nam
113 1044 188 1082 eam
202 1041 263 1078 non
276 1022 347 1077 fecit
361 1023 394 1078 in
407 1021 562 1077 ambobus:
589 1018 706 1094 quando
727 1018 844 1094 quidem
857 1021 1007 1078 amborum
1019 1039 1080 1078 uon

24 1110 222 1186 dispariliter
246 1106 375 1162 occurrit
397 1103 589 1178 adspectibus.
632 1103 678 1158 An
694 1120 762 1158 carc
782 1104 925 1160 intuentis
942 1105 975 1160 in
993 1121 1083 1162 cauta

25 1192 93 1252 est?
136 1209 198 1248 cur
211 1208 272 1246 non
286 1196 316 1243 et
329 1183 426 1244 illiust
460 1187 506 1244 An
518 1203 590 1244 vero
604 1181 736 1240 animusl
767 1203 821 1239 cur
834 1204 894 1241 non
907 1180 1081 1261 utriusquel

25 1278 142 1336 Ambos
159 1275 244 1329 enim
258 1280 288 1327 et
300 1273 399 1327 aninlo
414 1279 444 1326 et
457 1288 578 1345 corpore
588 1269 751 1342 aequaliter
761 1264 881 1322 affectos
892 1267 983 1323 fluisse
996 1286 1082 1342 prae·

27 1363 179 1419 diximus.
225 1355 272 1411 Αιι
292 1353 447 1410 dicendum
465 1362 525 1424 est,
552 1353 676 1406 alterum
699 1367 801 1405 corum
822 1351 937 1406 occulta
960 1350 1084 1428 maligni

26 1446 160 1521 spiritus
177 1440 373 1516 suggestione
391 1445 552 1505 tentatum,
577 1434 662 1509 quasi
674 1451 734 1489 non
749 1431 842 1488 eidem
855 1433 1040 1511 suggestioni
1054 1443 1084 1490 et
1158 1469 1165 1474 -

26 1528 242 1604 qualicunque
256 1522 388 1576 suasioni
399 1519 518 1596 propria
530 1519 682 1576 voluntate
696 1511 900 1572 consenserit‘l
923 1515 1010 1573 Hanc
1024 1516 1083 1594 igi-

25 1624 77 1669 tur
93 1606 343 1676 consensionem,
356 1603 432 1660 hanc
445 1605 551 1658 malam
561 1619 647 1677 quam
655 1602 730 1656 male
741 1599 879 1656 suadenti
889 1598 1020 1656 adhibuit
1029 1618 1082 1657 vo-

24 1700 197 1760 luntatem,
212 1707 288 1764 quae
303 1689 336 1743 in
350 1706 385 1743 co
398 1705 445 1742 res
459 1687 575 1757 feeerit,
589 1685 763 1759 quaerimus.
806 1683 882 1740 Nam
894 1693 927 1738 ιιι
939 1681 994 1740 hcc
1008 1701 1082 1759 quo·

26 1799 86 1856 que
102 1773 355 1850 impedimentum
368 1771 403 1827 ab
417 1771 474 1826 ista
487 1768 659 1845 quaestione
672 1769 807 1839 tollatur,
831 1769 858 1823 si
872 1766 973 1823 eadem
985 1775 1083 1822 tenta·

25 1866 117 1918 tione
132 1857 224 1914 ambo
240 1864 411 1926 tententur,
432 1863 461 1909 et
474 1871 550 1910 unus
565 1853 593 1907 ci
606 1851 691 1908 cedat
703 1860 791 1927 atque
803 1839 984 1921 consentiat,
1009 1851 1085 1904 alter

27 1947 112 2001 idem
128 1942 184 2017 qui
197 1939 306 2010 fuerat,
319 1947 503 2012 perseveret,
529 1935 598 2011 quid
611 1935 689 1991 aliud
702 1943 840 2008 apparet,
854 1935 914 1990 nisi
928 1951 1018 1988 unum
1031 1949 1084 1988 vo-

26 2032 140 2096 luisse,
157 2025 286 2080 alterum
299 2023 428 2077 noluisse
442 2039 460 2076 a
473 2021 606 2075 castitate
619 2013 762 2072 deficeret
781 2016 881 2087 Vnde,
894 2017 954 2071 nisi
967 2015 1086 2089 propria

28 2115 216 2176 voluntate,
242 2105 294 2160 ubi
312 2104 412 2160 eadem
430 2103 526 2158 iuerat
543 2103 574 2156 in
587 2109 711 2174 unoque
725 2100 855 2173 corporis
869 2107 899 2153 et
911 2098 1002 2153 animi
1015 2092 1085 2151 affe-

28 2190 113 2253 ctio‘l
140 2189 308 2247 Araborum
321 2189 413 2242 oculis
425 2187 536 2260 pariter
549 2184 612 2240 visa
626 2191 670 2237 est
683 2180 784 2236 eadem
796 2179 997 2256 pulchritudo,
1024 2196 1085 2233 am·

26 2281 131 2335 hobus
151 2274 269 2349 pariter
286 2271 396 2326 institit
415 2270 530 2324 occulta
546 2265 685 2322 tentatio:
712 2266 861 2340 propriam
874 2265 967 2342 igitur
980 2263 1012 2317 in
1025 2279 1086 2317 uno

28 2379 144 2420 eorum
157 2357 344 2412 voluntatem
356 2355 460 2406 malam
474 2369 547 2426 quae
567 2367 616 2404 res
634 2348 738 2403 fecerit
756 2349 833 2404 scire
850 2346 1034 2416 volentibus,
1061 2343 1088 2398 si

27 2447 111 2506 bene
127 2444 326 2505 intueantur,
352 2433 426 2490 nihil
439 2433 578 2490 occurrit.
622 2429 656 2486 Si
668 2430 747 2485 enim
760 2429 920 2485 dixerimus
935 2427 1012 2502 quod
1025 2429 1087 2500 ipse

29 2549 101 2585 eam
122 2523 251 2590 feeerit,
279 2516 348 2594 quid
366 2528 429 2573 erat
441 2519 504 2590 ipse
518 2522 587 2569 ante
598 2513 781 2568 voluntatem
792 2513 898 2566 malam
911 2511 970 2564 nisi
984 2517 1089 2562 natura

28 2615 130 2680 bona,
145 2607 234 2662 ouius
249 2610 352 2658 auctor
365 2600 462 2669 Deus,
489 2599 539 2670 qui
557 2604 604 2649 est
623 2593 859 2648 incommutabile
879 2585 1006 2646 bomunl
1032 2588 1090 2654 Qui

30 2712 112 2774 ergo
129 2690 209 2747 dicit
222 2705 289 2742 eum
302 2687 352 2760 qui
367 2681 518 2739 consensit
536 2677 666 2734 tentanti
685 2683 772 2749 atque
785 2673 936 2744 suadenti,
963 2672 1011 2726 cui
1029 2687 1089 2727 non

32 2775 201 2836 consensit
213 2772 309 2840 alius,
330 2765 367 2824 ad
380 2767 483 2822 illicite
495 2760 639 2819 utendum
651 2755 773 2832 pulchro
789 2775 925 2831 corpore,
951 2753 1029 2831 quod
1043 2754 1088 2810 vi-

31 2859 176 2919 dendum
200 2852 341 2910 ambobus
363 2851 474 2925 pariter
496 2845 604 2916 adluit,
630 2861 696 2899 cum
714 2849 784 2897 ante
802 2841 884 2896 illam
899 2840 1040 2896 visionem
1054 2855 1088 2892 ac

32 2943 246 3002 tentationem
259 2937 370 2991 similes
384 2932 467 2988 ambo
481 2931 580 2987 animo
594 2935 623 2984 et
637 2943 759 3000 corpore
772 2923 902 2995 luerint,
925 2924 1021 2998 ipsum
1033 2920 1089 2976 sibi

33 3030 152 3085 secisse
172 3023 359 3080 voluntatem
371 3018 493 3087 malam,
519 3013 588 3090 quia
600 3012 702 3086 utique
714 3009 809 3066 bonus
823 3017 893 3064 ante
905 3009 1090 3065 voluntatem

32 3115 151 3170 nralam
165 3105 273 3173 suerit;
299 3109 421 3176 quaerat
435 3117 488 3155 cur
499 3115 563 3154 eam
576 3095 697 3164 lecerit,
720 3103 818 3150 utrum
831 3094 900 3168 quia
913 3099 1019 3148 nahua
1033 3096 1089 3158 est,

34 3216 78 3252 an
94 3194 169 3268 quia
184 3206 224 3244 ex
238 3185 332 3242 nihilo
345 3185 425 3240 lacta
439 3191 498 3238 est:
525 3188 555 3235 et
567 3179 702 3235 inveniet
714 3179 896 3233 voluntatem
909 3176 1015 3231 malam
1028 3189 1089 3227 noa

36 3297 80 3334 ex
93 3296 132 3332 eo
146 3291 215 3330 esse
229 3271 363 3343 incipere
386 3264 464 3342 quod
483 3273 589 3320 natura
606 3270 667 3333 est,
691 3259 742 3316 sed
760 3277 798 3314 ex
812 3276 845 3313 eo
859 3257 936 3332 quod
949 3256 984 3311 de
998 3252 1090 3311 nihilo

36 3372 154 3418 natura
172 3357 255 3413 facta
274 3361 328 3408 est.
371 3350 448 3406 Nam
465 3349 491 3404 si
508 3355 616 3402 natura
634 3361 722 3400 causa
742 3351 787 3397 cst
805 3341 967 3396 voluntatis
986 3339 1091 3402 malae,

35 3444 116 3521 quid
130 3439 213 3498 aliud
233 3437 366 3513 cogimur
385 3434 497 3501 dicere,
523 3431 582 3484 nisi
595 3447 613 3484 a
624 3429 702 3484 bono
715 3425 780 3480 lieri
791 3424 914 3492 malum,
941 3429 972 3474 et
983 3419 1093 3473 bonum

36 3547 111 3584 esse
127 3541 253 3582 causam
265 3513 356 3574 malil
380 3519 406 3572 si
425 3514 541 3590 quidem
555 3530 573 3567 a
591 3521 696 3568 natura
713 3509 791 3564 bona
803 3505 838 3560 fit
854 3505 993 3558 voluntas
1007 3499 1091 3552 mala.

38 3610 135 3677 Quod
157 3606 241 3664 unde
263 3601 330 3658 fieri
352 3608 463 3675 potest,
489 3606 524 3652 ut
536 3605 642 3651 natura
654 3594 747 3662 bona,
774 3586 906 3663 quamvis
934 3580 1092 3649 mutabilis,

36 3704 209 3768 antequam
221 3687 330 3742 habeat
341 3685 526 3739 voluntatem
545 3680 667 3747 ntalem,
693 3674 782 3730 faciat
799 3666 909 3744 aliquid
928 3665 1013 3735 mali,
1038 3661 1093 3718 hoc

36 3787 108 3849 est,
124 3778 221 3849 ipsam
234 3770 418 3826 voluntatem
432 3757 554 3820 malaml
