2592 4396
270 201 333 262 os
355 173 577 262 csrsrsru
600 202 683 261 oss
714 204 786 263 sss
808 205 887 266 xss.
1015 213 1076 272 ιιι

23 377 103 434 que,
129 355 214 410 sicut
227 353 264 411 de
277 356 339 430 ipso
356 355 464 412 mundo
485 354 691 428 crediderunt,
717 374 831 432 semper
843 357 933 415 luisse
945 357 1077 420 homines

22 444 207 516 opinantur.
235 435 321 494 Vnde
334 447 364 495 ct
374 439 533 514 Apuleius,
558 455 623 495 cum
638 437 693 495 hoc
706 441 900 497 animantium
917 460 1012 519 genus
1025 443 1077 501 de-

22 524 192 582 scriberet:
221 517 402 599 Singillatim
419 523 577 592 mortales,
603 523 701 578 cuncti
719 520 875 601 [cunctim]
893 532 993 582 tamen
1010 529 1078 584 uni·

22 626 115 665 verso
130 623 249 684 genere
262 606 403 678 perpetui.
416 604 457 662 Et
471 605 608 661 cumillis
622 603 733 662 dictum
742 604 844 678 fuerit,
857 609 884 664 si
896 625 1012 683 semper
1023 606 1079 666 Ιιιι-

21 709 150 749 manum
166 707 263 766 genus
277 687 348 758 fuit,
365 706 492 762 quonam
504 687 590 744 modo
603 705 705 746 verum
718 707 820 747 eorum
833 692 972 766 loquatur
983 689 1078 748 histo-

21 779 77 846 ria,
94 789 232 830 narrans
246 772 297 846 qui
309 771 420 827 luerint
429 789 609 848 quarumque
621 789 721 828 rerum
732 774 916 844 inventores,
930 775 980 850 qui
990 776 1079 850 primi

20 859 201 916 liberalium
215 853 438 927 disciplinarum
453 855 755 932 aliarumque'artium
774 858 976 930 institutores,
1001 859 1079 916 vela

22 943 135 1018 quibus
156 941 289 1013 primum
308 938 359 992 illa
375 939 424 994 rel
440 939 492 992 illa
510 939 594 1016 regio
613 956 741 1014 parsque
759 949 903 998 terrarum
922 942 973 998 illa
989 949 1079 1017 atquo

20 1029 72 1082 illa
87 1023 197 1080 insula
210 1022 302 1076 incoli
315 1023 452 1095 coeperit.
479 1019 670 1096 Respondent
684 1022 802 1080 diluviis
820 1033 849 1080 ct
867 1021 1079 1104 conflagratio·

21 1111 112 1166 nibus
129 1123 190 1180 per
204 1113 286 1160 certa
299 1105 455 1160 intervalla
468 1113 645 1179 temporum,
673 1124 734 1161 non
748 1106 864 1180 quidem
884 1108 1000 1176 omnia,
1026 1105 1079 1162 sed

21 1193 159 1266 plurima
173 1198 320 1243 terrarum
333 1188 375 1242 ita
384 1189 506 1258 vastari,
520 1197 554 1242 ut
563 1186 739 1264 redigantur
748 1186 880 1243 homines
891 1187 929 1244 ad
940 1190 1079 1266 exiguam

21 1277 230 1351 paucitatem,
253 1287 291 1325 ex
304 1288 430 1345 quorum
443 1271 587 1347 progenie
604 1288 706 1325 rursus
720 1271 878 1326 multitudo
891 1271 1017 1344 pristina
1030 1289 1078 1326 re-

20 1368 168 1434 peretur3
184 1373 219 1410 ac
234 1354 277 1409 sic
290 1351 449 1410 identidem
462 1355 594 1427 reparari
608 1361 638 1408 ιι
650 1354 767 1409 institui
781 1354 866 1428 quasi
878 1354 989 1426 prima,
1012 1371 1080 1410 curu

19 1443 232 1498 restituantur
243 1437 339 1510 potius
354 1454 429 1510 quae
442 1436 562 1491 fuerant
575 1437 635 1490 illis
649 1437 748 1491 nimiis
761 1436 974 1492 vastationibus
987 1437 1080 1490 inter-

18 1535 111 1602 rupta
127 1531 162 1578 et
177 1522 342 1592 exstincta3
356 1528 506 1574 caeterum
518 1517 667 1575 hominem
680 1521 738 1574 nisi
752 1537 789 1574 ex
802 1517 920 1575 homine
934 1519 1078 1574 exsistere

19 1610 151 1667 omnino
167 1623 233 1660 non
244 1621 339 1678 posse.
353 1601 467 1659 Dicunt
479 1611 578 1659 autem
591 1603 670 1677 quod
682 1612 798 1677 putant,
812 1621 874 1660 non
886 1601 962 1677 quod
972 1602 1078 1658 sciunt.

82 1691 217 1750 Fallunt
227 1705 277 1742 eos
288 1687 376 1742 etiam
390 1685 530 1760 quaedam
543 1685 785 1744 mendacissimae
798 1687 913 1757 literae,
926 1703 998 1761 quas
1012 1705 1079 1760 per-

18 1778 129 1834 hibent
149 1775 186 1828 in
205 1769 330 1826 historia
347 1778 511 1843 temporum
528 1771 620 1825 multa
640 1788 785 1826 annorum
803 1772 898 1826 millia
910 1770 1078 1826 continere:

20 1881 89 1918 cum
106 1875 150 1914 ex
164 1855 264 1912 literis
284 1853 376 1908 sacris
390 1853 425 1908 ab
437 1854 627 1914 institutione
646 1852 771 1909 hominis
790 1853 921 1911 nondum
934 1855 1079 1926 completa

18 1959 179 2002 annorum
204 1955 259 1994 sex
280 1937 374 1992 millia
397 1946 607 2011 computemus.
643 1935 737 2007 Vnde,
759 1955 798 1992 ne
821 1939 913 1992 multa
933 1935 1080 2010 disputem

18 2020 276 2104 quemadmodum
288 2021 405 2074 illarum
417 2020 584 2090 literarum,
611 2020 643 2076 in
658 2020 763 2093 quibus
782 2021 871 2097 longe
884 2021 970 2092 plura
983 2036 1078 2073 anno-

18 2133 85 2169 rum
99 2107 204 2165 millia
220 2103 406 2172 referuntur,
433 2103 549 2158 vanitas
569 2101 737 2173 refellatur,
764 2111 794 2156 et
809 2103 892 2157 nulla
910 2103 940 2156 in
961 2101 1021 2154 illis
1034 2100 1079 2154 rei

17 2197 109 2252 huius
125 2191 243 2248 idonea
254 2188 418 2261 reperiatur
427 2185 601 2256 auctoritas3
614 2186 666 2240 illa
675 2185 800 2258 epistola
810 2183 970 2239 Alexandri
976 2180 1080 2259 Magni

19 2281 54 2338 ad
70 2270 292 2352 Olympiadem
304 2277 428 2324 matrem
447 2286 545 2338 suam,
569 2286 655 2342 quam
674 2268 791 2342 scripsit
809 2267 1009 2324 narrationem
1027 2283 1078 2320 cu-

18 2364 143 2420 iusdam
157 2355 303 2434 Aegyptii
320 2352 480 2408 sacerdotis
498 2352 672 2422 insinuans,
698 2370 785 2427 quam
797 2351 920 2426 protulit
933 2367 971 2405 ex
983 2349 1078 2404 literis

18 2467 98 2524 qnae
115 2458 228 2500 sacrae
241 2436 319 2512 apud
330 2437 396 2492 illos
408 2434 604 2504 haberentur,
619 2437 821 2490 continentem
834 2452 942 2510 regna,
968 2429 1078 2506 [conti-

18 2542 70 2588 net
85 2530 188 2586 etiam
200 2518 320 2599 regna,]
335 2537 409 2595 quae
424 2517 538 2575 Graeca
549 2535 662 2592 quoque
676 2518 762 2573 novit
773 2515 911 2570 historia:
927 2516 958 2568 in
973 2514 1079 2586 quibus

16 2630 157 2694 regnum
172 2607 363 2681 Assyriorum
376 2605 408 2659 in
422 2601 523 2658 eadem
538 2601 662 2674 epistola
673 2598 834 2654 Alexandri
845 2597 976 2670 quinque
989 2594 1081 2648 millia

18 2696 148 2754 excedit
169 2702 333 2758 annorum,
360 2684 393 2743 ln
410 2685 526 2742 Graeca
548 2702 619 2739 rero
632 2681 757 2738 historia
778 2681 859 2735 mille
872 2677 964 2732 ferme
979 2684 1008 2730 et
1020 2683 1080 2730 tre·

18 2791 131 2838 centos
145 2774 241 2831 habet
251 2770 290 2826 'ab
304 2771 396 2844 ipsius
410 2767 473 2824 Beli
486 2767 671 2842 principatu,
698 2783 785 2840 quem
802 2781 903 2840 regem
917 2769 946 2814 et
959 2760 1010 2814 ille
1023 2757 1080 2812 Ae-

18 2867 149 2944 gyptius
165 2861 200 2914 in
214 2853 346 2911 eiusdem
358 2853 445 2929 regni
458 2853 541 2925 ponit
553 2849 686 2905 exordio.
700 2847 856 2903 Persarum
869 2852 966 2899 autern
978 2850 1008 2897 ct
1017 2839 1080 2898 Ma-

20 2950 180 3006 cedonum
194 2939 349 3012 imperium
364 2933 507 3009 usquead
528 2935 623 3008 ipsum
636 2930 853 3000 Alexandrum,
881 2927 928 2983 cui
941 2925 1080 3000 loqueba·

18 3045 83 3102 tur,
99 3031 171 3104 plus
187 3041 276 3100 quam
290 3029 356 3077 octo
369 3019 494 3074 millium
507 3035 653 3073 annorum
666 3017 717 3071 ille
732 3012 899 3070 constituit:
926 3029 993 3065 cum
1006 3005 1082 3082 apud

21 3118 166 3173 Graecos
182 3104 379 3165 Macedonum
392 3118 486 3174 usquc
504 3099 541 3156 ad
559 3109 685 3156 mortem
696 3096 858 3155 Alexandri
871 3089 1082 3168 quadringenti

20 3197 191 3276 octoginta
215 3189 344 3264 quinque
367 3184 567 3259 reperiantur3
586 3183 743 3240 Persarum
762 3198 844 3250 vcro,
871 3177 964 3233 donec
988 3175 1080 3248 ipsius

22 3277 199 3340 Alexandri
213 3271 340 3329 victoria
353 3268 503 3336 finiretur,
523 3265 643 3321 ducenti
657 3275 687 3332 et
699 3264 824 3341 triginta
836 3271 897 3318 tres
912 3265 1082 3331 computen-

20 3379 86 3422 tur.
108 3361 222 3438 Lcnge
237 3356 336 3426 itaque
352 3349 384 3406 hi
396 3349 513 3406 numeri
532 3367 675 3406 annorum
693 3349 752 3403 illis
765 3345 919 3422 Aegyptiis
939 3349 1008 3396 sunt
1027 3340 1083 3394 mi-

20 3465 133 3516 nores,
147 3462 209 3502 nec
223 3439 268 3494 eis
283 3437 372 3490 etiam
386 3435 412 3489 si
424 3441 469 3488 ter
483 3440 598 3487 tantum
612 3437 862 3504 computarentur,
877 3430 1082 3498 aequarentur·

20 3529 238 3589 Perhibentur
252 3520 333 3575 enim
344 3515 484 3594 Aegyptii
497 3514 643 3589 quondam
656 3523 716 3570 tam
729 3513 833 3570 breves
851 3525 945 3568 annos
963 3503 1083 3558 habuis-

20 3638 70 3688 se,
84 3623 121 3670 ut
138 3603 297 3686 quaternis
311 3599 461 3656 mensibus
474 3595 642 3654 finirentur.
656 3594 739 3653 Vnde
752 3613 847 3650 annus
860 3590 975 3666 plenior
989 3593 1019 3640 et
1032 3602 1084 3639 ve-

21 3704 107 3767 rior,
137 3691 237 3770 qualis
250 3703 333 3742 nunc
347 3691 376 3739 et
389 3680 475 3738 nobis
494 3687 524 3736 et
542 3681 600 3734 illis
615 3689 675 3751 est,
702 3688 764 3734 tres
780 3695 881 3732 eorum
896 3687 990 3728 annos
1005 3685 1084 3722 eorn-

20 3779 219 3857 plectebatur
234 3769 386 3841 antiquos.
430 3761 490 3820 Sed
504 3781 542 3818 ne
555 3763 599 3818 sic
613 3761 746 3838 quidem,
766 3769 799 3814 ιιι
812 3757 886 3826 dixi,
901 3753 1014 3811 Graeca
1027 3749 1084 3805 Ae-

22 3864 155 3943 gyptiae
169 3868 299 3916 numero
313 3858 476 3924 temporum
489 3845 649 3903 concordat
662 3843 797 3900 historia.
818 3840 857 3896 Et
871 3837 936 3894 ideo
952 3835 1084 3892 Graecae
