2586 4396
229 205 267 260 92
443 195 539 255 DlVl
559 194 744 256 avanti!
764 193 1003 255 AVGVSTlNl

229 352 358 408 ordinem
370 351 574 424 pertinentem,
589 350 639 423 qui
651 346 794 422 pertendit
807 347 842 404 ad
850 345 1007 420 Abrabam3
1026 356 1056 402 et
1068 357 1141 421 quot
1154 366 1248 405 annos

229 431 407 510 postmodum
422 433 539 504 vixerit,
544 434 681 488 intimans
695 449 760 487 eum
773 429 848 486 lilios
857 430 989 506 filiasque
998 431 1151 508 genuisse:
1164 433 1248 488 utin·

229 517 391 592 telligamus
405 513 481 572 unde
493 515 641 589 potuerint
652 516 750 588 populi
762 530 942 585 accrescere,
968 531 1006 569 ne
1022 515 1054 568 in
1073 513 1175 585 paneis
1194 516 1248 588 qui

230 605 486 655 commemorantur
499 595 662 653 bominibus
673 598 803 671 occupati
816 597 966 672 pueriliter
977 595 1247 666 haesitemua,unde

230 689 311 738 tanta
323 681 415 753 spatia
429 688 568 734 terrarum
583 688 669 754 atque
683 697 838 758 regnorum
851 680 957 754 repleri
969 679 1121 753 potuerint
1140 678 1178 734 de
1196 699 1247 757 ge-

230 782 300 821 nere
313 760 398 833 Sem,
406 763 531 818 maxime
543 772 660 838 propter
672 763 865 840 Assyriorum,
879 760 956 819 unde
967 761 1062 819 Ninus
1074 761 1124 818 ille
1138 761 1247 818 Orien-

230 848 329 904 talium
351 845 473 902 domitor
491 861 696 920 usquequaque
721 846 890 920 populorum
917 846 1031 924 ingenti
1052 847 1248 918 prosperitate

230 930 374 1006 regnavit,
388 937 417 984 et
428 928 599 984 latissimum
612 946 645 984 ac
657 926 886 984 timdatiaaimnm
899 947 1031 1006 regnum,
1042 925 1119 1001 quod
1133 925 1247 984 diutur-

231 1031 269 1068 no
282 1020 408 1085 tempore
420 1009 587 1082 duceremur,
615 1011 673 1066 suis
685 1012 807 1085 posteris
819 1012 997 1088 propagavit.
1040 1007 1100 1066 Sed
1113 1028 1182 1080 nos,
1209 1029 1247 1066 ne

231 1095 335 1151 diutius
347 1112 430 1170 quam
444 1113 515 1169 apua
530 1104 572 1150 est
585 1095 780 1166 immoremur,
799 1111 859 1150 non
873 1103 944 1169 quot
964 1109 1056 1150 annos
1073 1093 1195 1168 quiaque
1214 1094 1248 1147 in

231 1182 287 1234 ista
300 1178 516 1254 generationum
531 1178 605 1234 serie
620 1178 744 1248 vixerit,
762 1175 812 1232 sed
826 1186 912 1252 quoto
926 1194 1002 1232 anno
1014 1177 1093 1232 vitae
1106 1192 1174 1230 suae
1192 1195 1248 1254 ge-

231 1263 329 1318 nnerit
340 1261 446 1330 lilium,
470 1258 523 1315 hoc
540 1260 640 1318 ordine
654 1257 869 1316 memorandum
887 1257 1081 1316 tantummodo
1100 1259 1247 1333 ponimus,

232 1354 264 1400 ut
278 1353 307 1400 et
319 1361 468 1400 numerum
482 1361 621 1400 annorum
634 1362 652 1399 a
664 1351 809 1400 transacto
823 1341 932 1398 diluvio
949 1360 1038 1418 usque
1056 1338 1093 1396 ad
1105 1337 1248 1398 Abrabam

233 1427 416 1505 colligamus,
443 1435 472 1484 et
482 1436 600 1502 propter
612 1423 680 1497 illa,
699 1428 730 1482 in
744 1425 846 1501 quibua
859 1443 910 1482 nos
926 1426 1004 1502 cogit
1021 1425 1184 1482 necessitas
1197 1426 1250 1482 im·

233 1511 350 1580 morari,
359 1508 486 1566 breviter
498 1510 555 1565 alia
567 1511 729 1585 cursimque
742 1518 903 1586 tangamus.
919 1505 1054 1564 Secundo
1066 1508 1163 1586 igitur
1173 1526 1249 1564 anno

232 1601 298 1666 post
311 1590 448 1647 <litorium
461 1589 543 1661 Sem,
556 1601 710 1648 comesset
722 1601 836 1648 eentum
850 1609 1007 1662 annorum,
1020 1591 1124 1669 gennit
1136 1590 1249 1666 Arpha-

233 1683 297 1744 xat3
314 1671 456 1746 elrpbaxat
468 1682 573 1744 antem,
584 1693 649 1730 enm
662 1683 738 1730 esset
751 1684 866 1730 centum
879 1675 1001 1752 triginta
1014 1675 1144 1748 quinque
1158 1691 1248 1730 anno-

233 1753 546 1832 rum,genuitCainan;
561 1758 688 1830 quicum
702 1767 778 1812 eset
786 1766 901 1814 cannam
914 1759 1045 1833 triginta,
1058 1756 1248 1832 genuitSala.

233 1838 323 1895 Porro
343 1838 429 1893 etiam
446 1838 506 1912 ipse
519 1835 588 1894 Sala
605 1837 722 1896 totidem
744 1857 885 1896 annorum
903 1849 979 1912 crat,
1005 1838 1121 1914 quando
1147 1841 1249 1918 gennit

233 1919 338 1977 Heber.
352 1912 479 1976 Centum
491 1939 561 1978 vero
575 1931 605 1978 et
617 1923 741 1998 triginta
751 1932 780 1979 et
793 1922 1021 1999 quatuoragebat
1033 1940 1127 1980 annos
1141 1921 1247 1991 Habet,

233 2022 295 2060 cum
305 2005 408 2082 genuit
417 2001 550 2076 Phalech,
561 2005 592 2061 in
604 2007 687 2062 euius
702 2005 802 2063 diebus
815 2006 908 2063 divisa
918 2015 961 2062 ast
974 2015 1060 2062 terra.
1072 2002 1141 2081 ipae
1155 2015 1248 2062 autem

233 2085 356 2144 Phalech
370 2088 445 2144 vixit
457 2096 571 2144 centum
584 2091 717 2166 triginta,
732 2099 761 2146 et
773 2089 874 2168 genuit
886 2081 1002 2166 Ragau:
1021 2097 1050 2143 et
1064 2085 1170 2166 Ragau
1185 2107 1247 2145 ιιιι-

233 2179 293 2228 tum
304 2171 426 2249 triginta
439 2167 526 2243 duos,
541 2180 571 2228 et
583 2174 687 2250 genuit
699 2169 821 2230 Serueh:
847 2181 876 2228 et
889 2170 999 2230 Seruch
1014 2180 1133 2228 cannam
1147 2173 1246 2250 trigin-

233 2265 277 2325 ta,
297 2264 326 2308 et
338 2255 439 2329 genuit
449 2251 577 2312 Na'ebor:
602 2265 631 2312 et
642 2255 757 2313 Nachcr
769 2251 952 2332 septuaginta
966 2274 1085 2324 novem,
1105 2264 1137 2312 et
1152 2255 1247 2332 gennit

233 2332 340 2392 Tbara:
367 2332 462 2392 Thera
474 2347 569 2394 antem
582 2341 783 2417 septuaginta,
801 2348 830 2394 et
842 2341 944 2414 genuit
956 2339 1074 2407 Abram3
1102 2355 1189 2412 quem
1200 2355 1248 2412 po·

233 2427 294 2475 stea
307 2415 386 2475 Deus
399 2419 512 2477 mutato
526 2422 667 2478 vocabulo
684 2422 847 2478 nominavit
858 2419 1008 2478 Abraham.
1052 2419 1249 2492 Fiuntitaque

233 2503 300 2557 anni
312 2521 329 2558 a
342 2501 452 2560 diluvio
465 2521 555 2579 usqua
566 2503 601 2560 ad
613 2503 754 2561 Abraham
771 2506 849 2560 mille
866 2505 1047 2582 septuaginta
1064 2513 1095 2559 et
1115 2503 1188 2571 duo,
1204 2519 1250 2555 ae·

234 2583 355 2642 cundum
369 2587 515 2664 vulgatam
528 2587 696 2658 editionem,
709 2586 764 2644 hoc
774 2598 833 2660 est,
847 2589 1034 2663 interpretum
1046 2583 1252 2664 Septuaginta.

233 2665 265 2722 ln
283 2667 423 2725 Hebraeis
441 2679 536 2728 autem
554 2669 698 2726 codicibus
717 2673 803 2748 longe
822 2671 972 2744 pauciores
990 2686 1081 2725 annos
1100 2667 1253 2744 perhibent

232 2752 371 2807 inveniri:
396 2751 545 2827 dequibus
559 2756 701 2809 rationem
715 2764 764 2810 aut
774 2753 898 2822 nullam,
913 2763 962 2810 aut
974 2751 1173 2808 difficillimam
1185 2751 1254 2806 red-

233 2832 310 2887 lunt.

294 2912 363 2968 Cum
391 2933 459 2992 ergo
479 2917 641 2988 quaerimus
656 2919 687 2974 in
706 2919 766 2974 illis
785 2919 967 2996 septuaginta
987 2917 1094 2974 duabus
1112 2916 1253 2992 gentibus

235 2993 386 3050 ciuitatem
401 2995 471 3067 Dei,
492 3015 549 3052 noo
564 3017 714 3071 possumus
728 3001 867 3058 affirmare
881 3003 931 3057 illo
945 3012 1090 3076 tempore,
1111 3016 1165 3072 quo
1183 3009 1255 3054 erat

233 3077 291 3132 illia
305 3077 410 3134 labium
425 3097 529 3148 unum,
546 3080 648 3150 idest,
667 3086 782 3159 loquela
795 3104 868 3156 una,
889 3094 959 3141 tunc
975 3087 1030 3140 iam
1044 3099 1134 3161 genna
1145 3080 1254 3138 buma-

233 3178 302 3215 num
315 3160 472 3218 alienatum
484 3163 574 3219 fuisse
588 3182 604 3220 a
618 3166 697 3223 cultu
712 3170 774 3225 veri
787 3165 859 3239 Dei,
884 3169 970 3224 itaut
992 3170 1022 3224 in
1036 3166 1106 3222 solia
1119 3167 1187 3220 iatia
1202 3186 1253 3244 ge-

233 3243 428 3301 nerationibus
441 3247 533 3321 pietas
547 3265 614 3304 vera
627 3261 805 3320 remaneret,
819 3250 997 3307 descendunt
1009 3250 1044 3306 de
1057 3249 1170 3304 semine
1183 3247 1255 3306 Sem

230 3343 281 3400 per
294 3325 453 3402 Arphaxat,
472 3339 501 3386 et
514 3330 635 3388 tendunt
647 3333 683 3390 ad
695 3331 851 3391 Abraham:
880 3332 929 3388 set
943 3334 976 3389 ab
990 3335 1041 3388 illa
1053 3331 1191 3404 superbia
1204 3351 1254 3388 ac-

231 3407 388 3466 difieandae
399 3414 487 3468 turris
500 3431 589 3487 usque
602 3417 634 3470 in
643 3417 840 3491 eoelum‚quia
853 3417 940 3490 impia
953 3414 1137 3493 significator
1151 3416 1255 3484 elatio,

231 3493 369 3572 [terrena]
384 3497 517 3570 apparuit
530 3493 654 3570 Civitas,
667 3497 720 3554 hoc
736 3509 789 3568 est,
804 3502 928 3555 societas
942 3500 1103 3572 impiorum.
1148 3496 1255 3554 Vtrum

167 3651 169 3656 Ι
228 3577 325 3652 itaque
335 3585 402 3634 ante
413 3597 471 3634 non
482 3579 623 3646 festinan
637 3581 768 3648 latuerit,
783 3601 820 3638 an
836 3584 932 3655 potius
946 3590 1067 3654 unaque
1080 3595 1256 3654 permanse-

212 3703 214 3708 .
228 3661 283 3726 rit,
300 3663 346 3733 pia
360 3662 471 3717 scilicet
484 3663 515 3716 in
528 3661 637 3718 duobus
650 3664 718 3720 filiis
733 3660 811 3736 Noe‘,
831 3666 879 3740 qui
895 3663 1038 3720 benedicti
1053 3671 1121 3718 aunt
1135 3681 1256 3719 eornm-

230 3756 285 3810 quc
299 3745 437 3814 posteris3
465 3746 554 3817 impio
566 3763 635 3800 vero
649 3747 679 3801 in
694 3765 728 3802 eo
742 3750 793 3821 qui
807 3746 975 3803 maledictus
989 3754 1049 3813 est,
1075 3753 1166 3818 atque
1189 3749 1256 3801 eius

229 3825 380 3897 progenie,
390 3823 440 3879 obi
454 3826 540 3882 etiam
555 3836 672 3884 exortus
687 3840 730 3884 eat
743 3833 827 3905 gigas
842 3839 963 3886 venator
974 3838 1072 3885 contra
1080 3825 1255 3896 Dominum,
