2576 4396
249 182 309 242 DE
334 180 552 242 CIVITATE
575 180 654 240 DEI
682 181 763 238 ΗΒ.
785 181 847 240 Xl.
1017 187 1079 244 327

44 350 98 398 tar,
142 335 280 411 Denique
294 333 445 408 Scriptura
462 351 528 410 cupa
545 334 611 388 illos
626 331 687 388 dier
701 331 902 388 dinumeraret
915 350 952 390 ex
965 334 1079 406 ordine,

43 439 185 496 nusquam
197 418 376 494 interposuit
388 415 562 472 vocabulum
575 415 682 470 noctis.
725 413 787 471 Noe
806 416 885 472 enim
903 417 945 472 ait
962 419 1080 490 alicubi,

43 506 131 562 Facta
144 511 190 558 est
201 519 286 558 mox:
318 497 386 571 sed,
412 497 510 556 Facta
524 507 570 554 eat
582 513 725 573 vespera,
754 497 913 568 olfactum
928 509 973 556 eat
996 519 1080 558 mane

44 589 103 646 dica
118 601 204 644 unua.
230 583 276 642 lta
290 582 351 638 dies
365 578 530 652 secundus,
545 589 574 636 et
587 581 705 636 caeteri.
728 578 866 658 cognitio
880 583 984 656 quippe
999 599 1081 638 crea-

43 681 124 728 turae
138 670 171 724 in
185 685 217 723 se
230 668 295 740 ipsa
308 665 503 722 decoloratior
515 671 570 734 est,
584 672 618 718 ut
627 664 670 718 ita
681 661 785 733 dicam,
800 667 887 738 quam
900 681 965 720 cum
978 665 1011 720 in
1023 661 1081 719 Dei

43 751 212 828 Sapientiae
226 749 436 826 cognoscitur,
462 747 544 802 velut
561 747 593 802 in
607 754 669 802 arte
688 761 744 820 qua
757 746 835 802 iacta
849 755 903 802 eat.
946 745 1015 802 Ideo
1028 765 1080 801 ve-

43 854 125 910 spera
140 833 354 910 congruentius
368 847 455 905 quam
468 845 529 885 nox
541 828 600 885 dici
612 838 723 903 potest:
743 847 818 904 quoe
831 838 946 900 tamen,
960 837 995 886 ut
1007 827 1081 899 dixi,

43 938 106 974 cum
119 917 157 975 ad
170 914 350 988 laudandum
362 922 392 969 et
405 911 559 970 amandum
571 912 699 968 refertur
712 910 897 984 Creatorem,
909 911 1039 968 recurrit
1049 912 1082 967 in

44 1021 136 1058 mane.
159 999 200 1056 Et
213 997 270 1054 boc
283 1016 349 1054 cum
362 996 433 1052 facit
445 997 477 1052 in
492 996 662 1073 cognitione
675 996 721 1050 sui
734 995 841 1070 ipsius,
855 994 917 1051 dies
931 1012 1007 1051 unus
1022 1003 1082 1050 est:
1141 984 1148 1054 J

46 1104 108 1142 cum
121 1085 155 1139 in
176 1082 348 1160 cognitione
364 1079 555 1150 firmamenti,
578 1077 655 1154 quod
673 1079 751 1134 inter
769 1095 860 1152 aquas
877 1078 1035 1134 inferiores
1053 1084 1083 1132 et

45 1168 209 1242 superiores
222 1165 335 1220 coelum
351 1164 525 1237 appellatum
546 1169 606 1232 est,
630 1160 691 1216 dies
713 1159 872 1216 secundus:
900 1161 1018 1216 cumin
1031 1175 1081 1216 co-

45 1251 177 1328 gnitionc
190 1257 288 1304 tarrae
301 1265 335 1302 ac
348 1246 437 1302 maris
451 1245 640 1318 omniumque
653 1243 856 1320 gignentium,
882 1259 956 1316 quae
974 1241 1082 1297 radici-

45 1335 93 1390 bus
108 1333 284 1390 continuata
296 1337 366 1386 sunt
379 1337 492 1398 terrae,
506 1327 568 1382 dies
581 1326 701 1381 tertius:
730 1343 795 1380 cum
809 1325 841 1379 in
855 1323 1027 1400 cognitione
1038 1324 1082 1377 lu·

45 1417 201 1474 minarium
213 1413 333 1470 artioris
344 1421 374 1468 et
385 1411 509 1469 minoris
521 1410 709 1482 omniumque
721 1407 861 1477 siderum,
876 1405 938 1461 dies
949 1414 1083 1480 quartus:

45 1501 152 1556 cumin
162 1497 337 1576 cognitione
351 1496 482 1552 omnium
491 1509 530 1549 ex
540 1493 624 1568 aquis
635 1491 805 1548 animalium
817 1489 985 1546 natatilium
997 1497 1091 1562 atque·

45 1583 224 1653 volatilium,
239 1579 302 1636 dies
316 1580 451 1655 quintus:
466 1594 531 1632 cum
543 1577 576 1632 in
590 1575 760 1652 cognitione
773 1573 902 1631 omnituu
915 1571 1085 1629 animalium

45 1676 232 1723 terrenorum
245 1671 334 1738 atque
346 1662 438 1736 ipsius
452 1659 598 1730 hominis,
625 1658 688 1715 dics
701 1665 812 1714 sextus.

423 1809 547 1868 CAP.
589 1806 703 1864 Vlll.

47 1914 120 1978 Quae
130 1911 251 1982 puellare
260 1907 439 1978 intelligendu
449 1905 486 1958 sit
496 1904 551 1958 Dei
560 1904 680 1973 requies,
697 1919 751 1973 qua
758 1911 822 1972 post
832 1918 915 1970 opera
925 1917 972 1955 sex
982 1901 1087 1954 dicrum

417 1975 551 2044 requievit
559 1974 588 2027 in
598 1973 719 2042 septimo.

109 2087 185 2146 Cum
198 2103 270 2144 vero
284 2086 317 2141 in
330 2083 377 2139 die
391 2083 514 2158 septimo
528 2081 674 2156 requierit
686 2078 768 2135 Deus
786 2079 821 2134 ab
839 2077 973 2133 omnibus
991 2077 1086 2150 operi-

45 2176 98 2230 bus
120 2173 200 2242 suis,
227 2178 257 2226 et
270 2167 435 2226 sanctificat
447 2181 526 2236 eum,
553 2178 737 2238 nequaquam
747 2169 793 2218 est
804 2157 1004 2234 accipiendum
1015 2175 1087 2231 puc-

46 2258 156 2326 riliter,
169 2263 310 2328 tanquam
323 2249 404 2306 Deus
416 2249 593 2306 laboraverit
607 2244 771 2320 operando,
785 2244 837 2319 qui
851 2243 940 2312 dixit,
954 2240 1088 2314 olfacta

47 2350 132 2408 aaut,
158 2335 250 2394 verbo
263 2332 442 2410 intelligibili
457 2341 488 2386 ct
500 2331 694 2405 sempiterno,
720 2345 781 2385 non
794 2325 921 2384 sonabili
933 2334 962 2380 et
974 2333 1087 2397 tempo-

47 2424 110 2482 rali.
143 2419 204 2478 Sed
216 2419 333 2494 requies
346 2415 404 2473 Dei
416 2416 547 2489 requiem
560 2410 710 2490 significat
723 2427 823 2468 eorum
837 2409 887 2483 qui
900 2409 1089 2482 requiescunt

47 2507 77 2562 in
90 2505 175 2576 Deo,
190 2503 267 2559 sicut
279 2501 391 2558 laetitia
404 2497 521 2568 domus,
535 2495 676 2552 laetitiam
688 2493 838 2570 significat
850 2507 952 2546 eorum
963 2491 1014 2564 qui
1027 2491 1088 2544 lac-

47 2598 149 2646 tantur
167 2589 201 2642 in
218 2584 320 2656 domo,
345 2581 536 2639 etiamsinon
550 2593 600 2632 eos
613 2576 714 2631 domus
728 2575 810 2647 ipsa,
838 2569 889 2626 sed
903 2572 961 2625 alia
973 2587 1021 2625 res
1035 2570 1089 2623 ali·

48 2691 103 2748 qna
116 2673 212 2727 laetos
225 2668 305 2724 facit.
349 2668 468 2732 Quanto
481 2661 592 2738 magis,
606 2659 633 2714 si
646 2657 747 2712 eadem
761 2654 863 2712 domus
875 2649 1091 2726 pulchritudine

48 2774 99 2811 sna
113 2755 208 2810 faciat
219 2753 313 2808 laetos
326 2749 525 2816 habitatores,
551 2751 585 2799 ut
604 2757 665 2798 nou
684 2741 780 2796 solum
800 2754 835 2792 co
853 2734 993 2810 loquendi
1005 2733 1091 2790 modo

48 2842 124 2895 laeta
143 2835 276 2905 dicatur,
303 2850 360 2908 qno
385 2827 585 2907 significamus
603 2822 702 2900 perid
719 2819 797 2898 qnod
815 2819 948 2876 continet
965 2817 995 2874 id
1014 2817 1092 2892 quod

50 2922 237 2990 continetur3
264 2917 360 2986 sicut,
373 2912 487 2970 theatra
499 2907 657 2985 plandunt,
670 2915 754 2982 prata
766 2904 917 2982 mugiunt,
931 2919 997 2958 cum
1009 2903 1042 2957 in
1054 2901 1091 2958 il-

50 3007 82 3060 lis
95 3003 234 3060 homines
247 2998 405 3076 plaudant,
419 2997 451 3052 in
465 2991 510 3050 bis
520 2993 610 3050 boves
623 2991 774 3068 mugiant:
802 2985 853 3043 aed
867 2987 956 3042 etiam
968 2985 1021 3042 illo
1035 3001 1092 3059 qno

51 3086 240 3166 significatur
253 3101 306 3156 per
317 3079 491 3137 efficientem
502 3075 533 3132 id
546 3075 624 3151 quod
638 3071 777 3145 elicitum
792 3072 870 3128 sieut
879 3071 957 3126 laeta
970 3069 1093 3144 epistola

51 3171 171 3241 dicitur,
187 3165 363 3245 significans
376 3179 479 3219 eorum
492 3159 647 3230 laetitiam,
661 3173 733 3232 quos
744 3157 878 3235 legenter
890 3151 978 3210 efficit
989 3153 1092 3209 laetos.

51 3250 341 3311 convenientissime
354 3247 453 3320 itaque
466 3240 634 3300 cumDeum
644 3240 827 3314 requievisse
838 3233 1010 3311 prophetica
1023 3251 1093 3290 nar-

50 3347 95 3394 rat
112 3335 294 3404 auctoritas,
321 3328 505 3409 significatur
523 3325 639 3400 requies
659 3339 760 3378 eorum
779 3320 879 3394 quiin
903 3320 954 3374 illo
977 3316 1093 3391 requie-

52 3429 156 3493 scunt,
183 3427 214 3474 et
238 3433 312 3492 quos
335 3412 406 3471 iacit
428 3412 491 3486 ipsc
511 3408 706 3484 requiescere.
749 3401 815 3459 Hoc
828 3401 917 3457 ctiam
929 3395 1095 3456 bominibus

53 3505 158 3580 quibua
172 3501 324 3577 loquitur,
339 3506 370 3553 ct
381 3502 500 3572 propter
514 3507 586 3568 quos
600 3489 701 3564 utique
715 3484 882 3558 conscripta
896 3491 957 3553 eat,
971 3478 1095 3553 promit·

53 3597 134 3644 tente
146 3582 319 3664 prophetia,
343 3578 421 3655 quod
434 3578 522 3634 etiam
534 3574 592 3650 ipsi
604 3580 672 3650 post
683 3571 763 3628 bona
775 3583 864 3642 opera
877 3581 952 3638 quae
965 3563 997 3618 in
1011 3561 1053 3616 cis
1068 3568 1097 3616 et

50 3689 102 3744 per
117 3688 170 3728 eos
186 3675 330 3746 operatur
344 3662 444 3733 Deus,
472 3661 498 3716 si
511 3657 548 3716 ad
560 3657 644 3712 illum
658 3655 740 3728 prius
753 3653 785 3708 in
799 3650 857 3704 ista
870 3645 933 3703 vita
945 3661 999 3720 per
1010 3641 1098 3700 fidem

51 3754 179 3830 quodam
195 3747 286 3810 modo
306 3745 499 3814 accesserint,
525 3743 558 3797 in
574 3739 625 3796 illo
637 3733 787 3794 habebunt
799 3730 931 3807 requiem
944 3727 1096 3803 sempiter-

52 3856 126 3897 nam.
172 3835 241 3896 Hoc
256 3833 337 3890 enim
350 3837 380 3886 et
393 3827 506 3887 sabbati
518 3823 673 3882 vacatione
692 3836 729 3875 ex
743 3821 899 3894 praecepto
913 3813 988 3892 legis
1001 3812 1033 3868 in
1048 3828 1097 3868 ve-
