2586 4396
261 194 324 252 nn
352 192 885 263 crvirsrnonrnsn.v1n
931 279 937 291 ‚
1029 212 1091 268 sss

46 349 122 410 Nihil
137 358 246 406 autem
258 345 328 404 huie
341 347 433 422 operi,
448 349 523 426 quod
535 351 643 408 mundo
656 354 841 413 considerato
852 366 911 416 tam
924 359 1091 419 admirabile

44 435 242 509 adspicimus,
257 449 295 487 ex
309 430 412 488 divina
424 441 521 492 mente
538 437 713 510 praeposuit.
735 437 813 496 Huic
828 445 968 498 suecessit
980 443 1090 502 Anaxi-

42 518 168 575 mander
183 518 254 572 cius
267 515 399 586 auditor,
421 519 603 593 mutavitque
621 519 772 578 derorum
788 533 894 581 notura
915 527 1090 600 opinionem.

40 603 105 662 Non
121 603 213 658 enim
226 618 267 655 ex
279 618 339 656 una
350 618 395 671 rc,
414 601 491 660 sicut
504 599 611 657 Thales
625 621 663 658 ex
675 601 808 679 humore,
830 605 882 664 sed
895 625 934 663 ex
947 611 1012 666 suia
1022 629 1090 684 pro-

38 689 112 761 priis
125 685 292 760 principiis
305 701 433 758 quasque
453 702 501 739 res
519 687 602 742 nosci
616 689 739 761 putavit.
766 691 847 758 Quae
865 710 964 752 rerum
979 694 1090 768 princi-

40 774 87 846 pia
100 770 301 846 singularum
315 785 383 822 esse
392 768 515 825 credidit
527 769 658 843 infinita,
682 781 712 828 et
724 773 953 832 innumerabiles
967 777 1090 834 mundos

43 855 192 932 gignere,
217 861 251 906 et
263 869 457 927 quaecunque
469 853 501 908 in
516 854 557 908 eis
572 855 723 928 oriuntur;
750 876 857 935 cosque
867 859 991 916 mundos
1004 860 1090 918 modo

44 938 180 1008 dissolvi,
205 934 295 992 modo
308 936 416 990 iterum
427 936 513 1014 gigni
526 939 716 1011 existhnavit,
737 953 846 1018 quanta
858 945 981 1020 quisque
994 954 1091 1000 aetate

43 1039 95 1078 sua
107 1038 239 1077 manere
253 1020 400 1092 potuerit,
425 1038 481 1074 neo
493 1021 556 1094 ipse
569 1021 679 1098 aliquid
698 1023 816 1082 divinae
835 1029 927 1084 menti
940 1029 972 1084 in
984 1027 1030 1084 his
1043 1047 1091 1084 rc-

42 1125 107 1162 rum
121 1103 270 1178 operibus
284 1101 425 1158 tribuens.
447 1101 731 1177 lsteAnaxisnenem
743 1108 916 1183 discipulum
930 1120 962 1166 et
974 1130 1092 1168 succee-

44 1208 143 1246 sorem
157 1187 299 1262 reliquit:
317 1185 370 1260 qui
382 1202 483 1242 omnes
496 1205 595 1244 rerum
608 1209 710 1246 causas
723 1192 840 1249 infinito
854 1195 916 1248 adri
929 1194 1022 1252 dedit:
1036 1215 1093 1252 nec

44 1273 114 1328 deos
128 1271 270 1348 negavit,
284 1280 337 1326 aut
350 1269 455 1326 tacuit:
477 1289 539 1328 non
551 1275 698 1338 tamenab
712 1277 784 1348 ipsis
798 1281 895 1332 aerem
908 1275 1027 1348 factum,
1042 1277 1094 1334 sod

44 1359 127 1430 ipsos
141 1373 180 1410 ex
195 1359 265 1410 aere
280 1353 508 1410 ortos'cr'edidit.
528 1354 723 1434 Anaxagoras
738 1375 807 1414 vero
823 1359 886 1414 cius
900 1359 1027 1432 auditor,
1040 1359 1092 1417 ha-

47 1457 221 1494 rumrerum
229 1436 373 1508 omnium,
385 1455 457 1512 quas
469 1435 617 1510 videmus,
637 1437 804 1498 effectorem
817 1440 948 1498 divinum
961 1445 1093 1501 animum

46 1523 148 1578 sensit
153 1537 161 1594 ;
176 1531 205 1578 et
217 1521 299 1576 dixit
311 1539 350 1576 ex
363 1521 481 1578 infinita
492 1524 626 1595 materia,
641 1541 715 1600 quae
729 1534 877 1582 constaret
889 1527 1031 1584 similibus
1044 1529 1092 1584 in-

44 1606 93 1663 ter
108 1626 142 1662 se
153 1606 324 1680 particulis,
350 1622 449 1662 rerum
462 1605 593 1666 omniurn
605 1627 716 1686 genera
732 1627 785 1684 pro
798 1608 923 1666 modulis
937 1620 968 1666 et
979 1611 1092 1686 speeie-

45 1690 98 1746 bus
112 1691 244 1764 propriis
259 1689 380 1766 singula
392 1687 468 1761 fieri,
490 1689 541 1746 scd
554 1693 651 1748 animo
665 1690 793 1749 faciente
807 1691 916 1750 divino.
940 1692 1102 1774 Diogenes?

45 1793 161 1850 quoquc
180 1771 378 1830 Anaximcnis
398 1773 473 1829 alter
491 1774 622 1846 auditor,
649 1780 746 1832 aeirem
766 1778 883 1853 quidem
903 1777 980 1834 dixit
991 1798 1092 1837 rerum

44 1877 108 1914 esse
122 1859 300 1926 materiam,
324 1855 360 1912 de
373 1874 431 1930 qua
445 1859 543 1914 omnia
555 1857 676 1932 fierent3
701 1861 753 1917 sed
766 1879 833 1918 eum
846 1881 910 1918 esse
929 1873 1090 1938 compotem

44 1943 166 1999 divinae
179 1941 327 2010 rationis,
351 1941 416 1996 sine
429 1959 485 2016 qua
498 1941 574 1998 nihil
590 1962 628 1999 ex
641 1963 676 2001 co
690 1943 756 2000 fieri
771 1947 873 2020 possit.
895 1946 1093 2025 Anaxagorae

42 2027 195 2083 successit
208 2024 327 2081 auditor
341 2025 405 2080 eius
416 2023 590 2084 Archelaus:
617 2027 706 2084 etiam
723 2030 786 2104 ipse
798 2027 834 2085 de
847 2031 999 2104 particulis
1013 2032 1092 2086 inter

42 2129 74 2167 se
88 2109 261 2179 similibus,
288 2107 393 2182 quibus
415 2109 533 2186 singula
551 2129 682 2188 quaeque
701 2111 822 2184 fierent,
845 2115 888 2169 ita
900 2114 999 2168 omnia
1019 2132 1091 2170 con·

42 2206 125 2251 stare
136 2193 269 2269 putavit,
282 2200 316 2248 ut
328 2193 426 2248 inesse
439 2193 527 2250 ctiam
539 2205 667 2251 mentem
678 2195 801 2267 diceret,
814 2214 889 2272 quae
902 2189 1026 2272 corpora
1040 2189 1090 2254 ae-

42 2288 142 2350 terna,
163 2276 197 2332 id
212 2284 272 2346 est,
291 2276 356 2330 illas
369 2276 528 2350 particulas
543 2279 749 2358 coniungendo
763 2289 793 2336 et
805 2279 975 2354 dissipando
988 2295 1092 2359 ageret

43 2364 152 2418 omnia.
184 2357 325 2416 Socrates
345 2357 431 2415 huius
450 2358 608 2436 discipulus
626 2363 718 2420 fuisse
737 2361 924 2438 perhibetur,
948 2367 1092 2442 magister

44 2445 181 2502 Platonis
196 2451 319 2518 propter
331 2461 417 2518 quem
429 2443 559 2502 breviter
573 2457 678 2504 cuncta
690 2448 747 2504 ista
762 2449 882 2504 recolui.

446 2595 569 2654 CAP.
613 2596 687 2654 lll.

384 2692 428 2747 De
449 2691 590 2744 Socratico
610 2692 761 2762 disciplina.

112 2784 255 2843 Socrates
270 2801 342 2861 ergo
355 2785 467 2857 primus
482 2784 652 2840 universam
663 2782 875 2860 philosophiam
886 2782 923 2840 ad
939 2782 1091 2861 corrigen-

48 2869 105 2924 dos
114 2866 388 2944 componendosque
396 2885 492 2924 mores
500 2866 620 2924 flexisse
637 2879 830 2940 memoratum
845 2887 912 2926 cum
924 2876 993 2924 onte
1007 2868 1091 2926 illum

48 2971 152 3008 omnes
164 2953 263 3030 magis
275 2949 421 3027 physicis,
443 2951 474 3008 id
492 2961 552 3024 est,
575 2952 756 3010 naturalibus
770 2953 858 3010 rebus
869 2953 1089 3028 perscrutandis

48 3055 167 3112 operam
180 3038 342 3094 maximam
355 3036 564 3110 impenderent.
599 3035 667 3093 Non
679 3035 751 3094 mihi
764 3046 863 3096 autem
875 3037 992 3096 videtur
1004 3055 1091 3112 posse

46 3121 82 3177 ad
95 3119 244 3197 liquidum
256 3119 377 3196 colligi,
396 3127 495 3176 utrum
508 3117 663 3194 Socrates,
683 3129 716 3179 ut
728 3119 783 3178 hoc
796 3121 916 3194 iaceret,
930 3119 1028 3178 taedio
1041 3141 1089 3178 re-

45 3223 111 3260 rum
130 3204 326 3261 obscurarum
352 3211 383 3258 et
398 3203 579 3260 incertarum
597 3204 634 3260 ad
647 3205 757 3282 aliquid
776 3215 909 3279 apertum
928 3214 959 3261 ct
978 3213 1088 3261 certum

41 3288 253 3363 reperiendum
266 3288 396 3342 animum
408 3287 581 3358 intenderit,
595 3287 674 3363 quod
688 3299 766 3346 esset
777 3290 880 3346 beatae
893 3291 972 3345 vitae
985 3305 1090 3344 neces-

43 3374 174 3444 sarium3
188 3381 310 3446 propter
325 3389 412 3446 quam
424 3388 513 3428 unam
526 3373 655 3428 omnium
666 3369 905 3447 philosophorum
916 3373 1090 3448 invigilasse

41 3474 78 3512 ac
95 3456 250 3513 laborasse
267 3453 388 3512 videtur
404 3455 567 3512 industria:
584 3473 622 3512 an
639 3474 727 3528 vcro,
754 3457 831 3510 sicut
848 3453 954 3510 deillo
974 3451 1091 3528 quidam

42 3537 271 3596 benevolentius
285 3539 481 3612 suspicantur,
495 3539 614 3596 nolebat
626 3537 790 3596 immundos
803 3539 931 3593 terrenis
945 3533 1090 3608 eupidita-

41 3622 123 3680 tibus
144 3623 262 3680 animos
288 3641 321 3678 se
343 3620 502 3679 extendere
519 3625 551 3680 in
571 3622 672 3679 divina
689 3621 801 3678 conari.
834 3615 1088 3692 Quandoquidem

41 3705 79 3762 ab
94 3707 138 3762 eis
150 3723 259 3772 causas
274 3723 373 3762 rerum
385 3705 504 3764 videbat
516 3707 637 3782 inquiri,
654 3723 725 3780 quas
740 3705 849 3778 primas
863 3709 949 3777 atque
963 3720 1089 3758 sunsmas

43 3805 105 3844 non
124 3790 186 3846 nisi
203 3790 238 3846 in
255 3791 345 3846 unius
364 3791 428 3847 veri
447 3808 482 3846 ac
499 3791 608 3846 summi
619 3789 677 3846 Dei
690 3790 844 3845 voluntate
862 3803 926 3841 esse
940 3785 1088 3842 credebat:

44 3872 125 3930 unde
139 3890 202 3929 non
217 3891 266 3930 eos
279 3873 401 3948 putabat
413 3873 473 3930 nisi
492 3872 631 3932 mundata
649 3881 746 3928 mente
764 3889 850 4008 ppssa
870 3870 1090 3946 comprehendi;
