2586 4396
224 213 283 268 124
447 205 543 264 DIVI
564 203 752 263 AVRELII
771 200 1023 260 Avevsulnr

229 361 355 418 claudus.
387 357 462 416 Nam
474 359 593 416 femoris
607 355 740 426 latitudo,
753 356 871 433 generis
884 364 928 410 est
940 353 1103 410 multitudo.
1148 355 1251 413 Plures

226 447 332 519 quippe
345 451 414 498 sunt
426 444 458 498 iu
470 461 504 498 ea
517 445 621 517 stirpe,
649 440 684 496 da
704 440 806 514 quibus
821 436 987 514 prophetice
999 437 1178 512 praedictum
1192 451 1250 497 est.

227 527 268 584 Et
283 526 525 584 claudicaverunt
538 545 558 582 a
571 526 684 582 remitis
698 523 770 580 auia.

617 691 738 750 cun
781 667 856 746 uu

227 791 361 857 Quomodo
371 789 451 842 local
461 805 520 842 cum
534 789 709 859 septuaginta
724 787 838 856 quinque
851 786 990 840 animabus
1000 785 1151 856 Aegyptum
1161 805 1251 840 narro·

295 872 341 914 tur
351 861 487 930 ingressas
493 876 504 922 ;
515 877 573 912 cum
581 858 701 928 plerique
712 875 745 910 ex
755 857 793 909 eis
804 856 850 926 qui
860 865 1107 921 eornmemorantur,
1121 867 1185 910 teus·

548 946 613 1001 pore
622 926 770 996 posteriore
780 926 835 980 rint
840 927 938 998 geniti.

292 1038 421 1116 lrrgressi
433 1039 531 1112 itaque
543 1036 712 1092 referuntur
730 1037 762 1091 iu
773 1035 937 1112 Aegyptum
954 1033 1040 1088 simul
1052 1036 1187 1109 cumipse
1201 1035 1251 1091 la-

230 1125 283 1180 eab
297 1123 481 1198 septuaginta
499 1121 627 1196 quinque
644 1119 792 1190 homines,
817 1125 1005 1176 annumerata
1022 1119 1085 1192 ipso
1101 1136 1163 1174 cum
1180 1118 1253 1175 tiliis

230 1209 300 1264 suis.
340 1204 372 1261 ln
392 1222 448 1280 quo
466 1223 586 1260 numero
607 1204 681 1260 duae
698 1211 812 1260 tantum
834 1201 960 1259 feminae
982 1212 1254 1273 commemorantur,

229 1309 288 1348 uns
301 1289 372 1359 filia,
392 1289 488 1362 neptis
502 1289 603 1344 altera.
638 1285 697 1345 Sed
709 1305 756 1343 res
770 1285 926 1364 diligenter
939 1283 1122 1342 considerata
1133 1304 1195 1342 nou
1207 1289 1252 1343 in-

230 1375 319 1446 dicat,
333 1371 409 1448 quod
421 1381 521 1428 tantus
535 1389 671 1428 numerus
684 1370 773 1427 fuerit
785 1371 817 1425 in
828 1369 970 1448 progenie
983 1367 1068 1426 Iacob
1082 1369 1129 1426 die
1140 1372 1190 1426 val
1202 1389 1254 1428 au-

231 1477 270 1516 no
284 1475 341 1532 quo
355 1457 505 1532 ingressus
520 1465 564 1512 est
576 1455 748 1533 Aegyptum.
784 1452 1004 1512 commemorati
1021 1461 1089 1510 sunt
1106 1455 1212 1529 quippe
1225 1458 1255 1511 in

232 1544 274 1598 eis
287 1542 374 1596 etiam
387 1548 558 1613 pronepotes
572 1537 691 1612 loseph,
716 1539 768 1613 qui
782 1534 961 1593 nullomodo
975 1537 1033 1592 inm
1044 1547 1114 1593 tunc
1128 1555 1194 1594 esse
1206 1557 1255 1613 po-

230 1631 365 1680 tuerunt:
393 1623 529 1695 quoniam
550 1631 621 1677 tuuc
645 1631 761 1677 centum
784 1621 907 1698 triginta
925 1637 1066 1676 annorum
1083 1630 1148 1678 erat
1161 1620 1254 1692 Iacob,

231 1707 308 1763 filius
322 1723 391 1761 vero
406 1705 468 1760 eius
482 1703 583 1778 loseph
595 1705 719 1782 triginta
732 1719 852 1776 novem3
866 1721 951 1780 quem
963 1722 1029 1760 cum
1041 1706 1193 1780 accepisse
1205 1709 1254 1762 tri-

232 1791 338 1846 cesimo
352 1805 429 1842 anno
443 1805 505 1858 suo,
518 1789 565 1844 vel
578 1789 711 1861 amplius,
725 1797 838 1844 constet
850 1805 986 1860 uxorem,
1007 1789 1150 1864 quomodo
1163 1793 1255 1865 potuit

231 1891 283 1948 per
302 1889 406 1927 noveru
424 1889 517 1927 annos
536 1868 642 1928 habere
660 1880 834 1946 pronepotes
853 1871 889 1927 de
905 1870 989 1943 filiis,
1016 1890 1089 1948 quos
1103 1890 1142 1928 ex
1158 1874 1254 1930 eadem

231 1973 325 2012 uxore
338 1950 481 2028 suscepitl
496 1955 592 2021 Quum
602 1955 695 2032 igitur
704 1973 759 2012 nec
768 1955 845 2012 filios
855 1953 995 2012 habereut
1003 1954 1149 2030 Ephroem
1160 1957 1254 2015 etMo-

232 2037 403 2096 uassesfilii
415 2036 534 2114 loseph,
558 2039 609 2094 sed
627 2056 677 2095 eos
696 2057 803 2114 pueros
817 2039 896 2095 infra
909 2055 993 2114 quam
1006 2049 1158 2097 novennes
1172 2041 1254 2098 Iacob

231 2124 395 2201 Aegyptum
407 2123 558 2200 ingressus
571 2123 731 2194 invenerit,
746 2141 802 2198 quo
812 2131 896 2198 pacto
907 2141 1006 2179 eorum
1017 2141 1077 2190 nou
1089 2126 1185 2181 solum
1195 2125 1255 2194 filii,

233 2207 283 2264 sed
297 2207 384 2262 etiam
397 2215 527 2279 nepotes,
541 2207 643 2264 inillis
655 2208 839 2284 septuaginta
852 2206 981 2282 quinque
994 2217 1196 2280 numerentur,
1210 2209 1256 2284 qui

231 2301 303 2347 tunc
316 2288 481 2366 Aegyptum
494 2291 622 2367 ingressi
635 2299 704 2347 sunt
717 2309 782 2346 cum
794 2284 897 2346 iacobi
926 2289 1002 2346 Nam
1015 2303 1256 2349 commemoratur

231 2374 274 2430 ibi
286 2370 398 2430 Machir
411 2371 488 2428 lilius
501 2372 648 2444 Manasse,
661 2390 750 2448 nepos
764 2369 877 2448 loseph,
892 2382 923 2430 et
934 2373 1063 2430 eiusdem
1073 2374 1187 2432 Machir
1197 2376 1255 2431 fili-

231 2475 278 2528 us,
292 2455 322 2512 id
335 2465 389 2526 est,
404 2454 524 2528 Galaad,
544 2475 634 2532 nepos
647 2456 796 2528 Monetae,
820 2475 963 2533 pronepos
977 2456 1092 2533 loseph:
1118 2461 1213 2538 ibitest
1225 2468 1257 2514 et

231 2558 317 2616 quem
341 2541 446 2618 genuit
466 2539 626 2614 Ephrem,
649 2543 723 2597 alter
742 2540 818 2598 iilius
840 2539 959 2614 Ioseph,
981 2541 1011 2597 id
1031 2552 1092 2614 est,
1116 2542 1257 2606 Vtalauus.

232 2642 322 2699 nepos
341 2621 458 2698 loseph3
483 2634 513 2680 et
533 2623 611 2681 filius
624 2626 714 2700 ipsius
728 2622 847 2680 Vtalaae
865 2621 972 2696 Edem,
998 2643 1089 2700 nepos
1101 2625 1257 2700 Ephnesu,

232 2725 376 2783 pronepos
401 2705 517 2782 loseph:
556 2709 607 2784 qui
637 2709 717 2765 nullo
742 2706 826 2764 medo
856 2725 919 2763 esse
942 2717 1115 2784 potuerunt,
1141 2709 1257 2790 quando

231 2789 316 2847 Iacob
331 2793 362 2846 in
373 2789 537 2867 Aegyptum
548 2793 640 2862 venit,
667 2800 697 2847 et
708 2791 784 2848 filio
809 2789 912 2865 loseph
938 2802 1056 2867 nepotes
1070 2811 1152 2866 suos,
1186 2811 1256 2850 asor

231 2875 366 2943 istorum,
399 2874 528 2930 minores
543 2891 628 2947 quam
640 2893 745 2930 novem
763 2892 908 2931 annorum
919 2893 1025 2950 pueros
1038 2879 1161 2934 invenit.
1198 2876 1258 2934 Sed

231 2956 370 3011 nimirum
382 2955 520 3011 introitus
534 2954 617 3012 laceb
635 2959 667 3012 in
683 2958 861 3036 Aegyptum,
883 2957 998 3033 quanda
1013 2978 1078 3016 eum
1094 2962 1125 3017 in
1137 2971 1257 3032 septua-

232 3039 316 3116 ginta
339 3037 469 3112 quinque
491 3038 640 3096 animabus
658 3038 810 3116 Scriptura
834 3052 1053 3115 commemorat,
1092 3061 1148 3101 nan
1175 3061 1257 3100 uuus

232 3119 308 3189 dies,
333 3120 385 3176 rel
400 3138 475 3176 unus
492 3140 603 3195 annus,
630 3123 681 3180 sed
704 3134 796 3180 totsun
812 3124 884 3181 illud
905 3135 949 3182 est
966 3136 1095 3202 tempus,
1121 3127 1256 3203 quamdiu

230 3204 307 3260 vixit
317 3201 430 3278 Ioseph,
450 3221 502 3278 per
519 3224 605 3282 quem
623 3207 789 3264 factumest
805 3218 839 3264 ut
855 3210 1009 3266 intrarent.
1051 3210 1127 3268 Nam
1139 3209 1176 3266 de
1194 3213 1256 3286 ipso

229 3285 333 3361 loseph
351 3287 450 3344 eadem
463 3286 615 3365 Scriptura
635 3293 678 3348 sic
696 3291 837 3368 loquitur:
862 3291 905 3350 Et
929 3291 1076 3352 habitavit
1092 3292 1200 3372 Ioeeplr
1227 3297 1257 3349 ia

229 3369 378 3449 Aegypta,
410 3373 475 3450 ipse
493 3383 523 3432 et
540 3375 668 3447 fratrea
687 3377 766 3447 eius,
790 3385 820 3433 ct
838 3377 930 3434 curuis
947 3376 1127 3436 cohabitatio
1149 3379 1257 3455 patris

230 3457 311 3512 aius:
339 3464 369 3512 et
392 3457 469 3513 cinit
493 3475 586 3515 annos
601 3468 714 3517 centurn
733 3469 763 3516 et
776 3459 882 3529 decern,
909 3469 939 3517 et
955 3461 1032 3518 cidit
1048 3457 1154 3539 Iaeeplr
1171 3461 1257 3537 filios

230 3537 380 3616 Ephraern
393 3556 483 3616 utque
495 3543 526 3597 in
539 3543 661 3598 tertiam
672 3543 903 3617 generationem.
928 3542 993 3617 lpse
1012 3555 1057 3600 est
1075 3545 1125 3602 illo
1146 3563 1256 3620 prone-

229 3639 282 3694 pos
295 3623 356 3677 cius
370 3623 405 3679 ab
417 3621 561 3696 Ephraem
574 3626 687 3681 tertius.
723 3624 948 3684 Generaticnern
960 3629 1065 3702 quippe
1078 3630 1199 3685 tertiam
1212 3627 1255 3684 di·

229 3704 279 3772 eit,
292 3703 396 3775 filium,
410 3716 555 3780 nepotem,
568 3715 766 3783 pronepotem.
779 3707 894 3765 Deinde
907 3712 1047 3785 sequitur:
1061 3710 1103 3767 Et
1108 3710 1177 3783 filii
1188 3710 1256 3768 Ma-

229 3782 309 3854 eutr,
319 3785 385 3856 filii
396 3786 546 3861 Marassa,
560 3791 627 3848 uati
639 3800 708 3847 eunt
721 3809 813 3870 supra
818 3791 943 3862 femora
955 3790 1069 3872 Ioseph.
1090 3793 1132 3850 Et
1142 3793 1193 3850 hie
1205 3796 1255 3849 iilo

229 3866 290 3939 ipse
305 3877 349 3924 est
362 3886 450 3943 nepos
463 3872 607 3945 Mamaea,
619 3891 762 3950 pronepos
777 3874 887 3950 loseph.
923 3875 982 3936 Sed
992 3879 1141 3954 pluraliter
1154 3879 1253 3954 appel·
