2586 4396
199 229 208 236 -
253 192 314 252 on
339 191 556 282 crvrrrrn
577 194 657 254 nnr
682 159 873 260 orn'vrn.
1020 205 1079 264 ear

51 350 134 406 nicer
149 345 246 404 faeile
261 345 457 423 collegerunt,
471 364 532 405 nen
543 366 608 406 cere
618 349 651 408 in
661 351 703 406 eia
718 350 805 406 ιιΙιιιι
815 353 937 426 primam
946 356 1082 430 speciem,

48 433 90 488 uli
103 429 264 488 munbilia
279 445 344 486 eote
355 429 550 488 convincitur.
577 431 649 490 Cum
661 433 753 512 igitur
764 433 797 490 in
813 453 912 492 corona
925 448 1081 512 conapectu

46 526 72 572 et
83 531 199 590 corpus
213 522 246 570 et
259 511 374 592 animun
387 513 480 590 magle
493 515 647 592 minorque
660 517 791 591 rpecioaa
804 527 897 589 erret,
921 527 952 576 et
964 521 990 576 ri
1002 523 1083 578 oanni

43 599 138 676 apeeie
152 613 265 654 carere
277 603 415 670 peccent,
436 598 555 656 omnino
568 601 777 672 numerent,
799 599 938 660 viderunt
950 620 1015 658 erac
1026 604 1081 658 ali-

42 682 108 758 quid
121 680 177 737 uhi
189 680 292 753 prima
304 687 384 736 erret
397 679 652 755 incommutabilia,
675 692 705 740 et
716 682 783 740 ideo
797 701 852 742 nee
865 685 1081 760 comparabilia:

42 776 126 841 atquc
139 763 187 820 ibi
201 780 271 820 eoae
289 779 388 818 rorum
404 765 579 840 principium
595 767 758 824 rectioaime
775 767 979 842 crediderunt,
1006 767 1083 844 quod

43 848 150 906 factum
164 865 233 904 non
245 854 340 917 ercet,
359 854 389 902 ct
403 864 440 902 ex
453 865 510 922 qno
523 847 599 906 facte
612 859 718 908 cuneta
728 860 836 908 carent.
879 849 924 908 lta
936 851 1014 928 quod
1026 869 1082 908 no·

44 941 99 988 tun
111 940 162 988 eet
172 929 255 1001 Dei,
283 930 346 1004 ipre
358 931 557 990 manifestavit
570 933 630 1005 cia,
653 951 720 992 cuna
731 935 767 992 ub
780 934 823 990 eir
834 934 994 993 invirililia
1007 936 1082 1007 οἰιιι,

41 1034 90 1090 per
107 1033 145 1072 ea
165 1031 248 1089 quae
267 1012 345 1072 tacu
364 1023 434 1070 aunt
459 1015 608 1074 intellecta
626 1026 782 1092 compecta
798 1027 882 1091 aunt3
906 1020 1084 1094 aenapitcrnt

42 1116 158 1174 quoque
173 1099 276 1154 virtut
290 1096 354 1152 eiua
367 1105 398 1152 et
410 1095 563 1158 divinitae:
585 1118 604 1156 ιι
617 1119 674 1176 qne
688 1102 777 1158 etiam
786 1101 913 1158 viaililie
927 1111 956 1158 ct
969 1111 1082 1176 tempo-

42 1183 115 1237 ralie
129 1187 243 1238 cuneta
263 1187 362 1236 ereata
375 1189 455 1238 eunt.
497 1180 581 1240 Hace
598 1183 633 1240 tle
651 1185 702 1240 illo
718 1193 801 1260 parte
821 1201 907 1258 quum
923 1183 1083 1259 phytiam,

43 1264 71 1320 id
81 1273 143 1336 eat,
168 1263 337 1322 naturalem
351 1275 536 1341 nuncupant,
549 1267 627 1324 dieta
641 1269 710 1324 aiut.

443 1379 566 1438 CAP.
609 1381 695 1438 Vll.

47 1476 158 1540 Quanto
168 1475 373 1530 excellentiores
383 1477 498 1529 eceterc'a
508 1477 537 1530 ιἰι
548 1477 651 1546 logico,
661 1479 693 1530 id
700 1487 741 1529 eat
747 1515 756 1541 ,
767 1477 899 1532 rationali
905 1477 1085 1549 philosophie,

397 1545 538 1605 Platonici
551 1547 606 1601 tim
616 1545 738 1600 Mbenda'.
901 1603 907 1614 ,

105 1637 192 1705 Quod
204 1647 307 1694 cutem
319 1635 427 1693 attinet
439 1638 475 1694 ad
489 1637 667 1708 doctrinam,
694 1638 743 1694 ubi
754 1639 846 1696 altera
858 1655 925 1714 parc
938 1649 1084 1712 verentur,

44 1741 116 1798 quae
130 1721 167 1778 ob
183 1723 228 1776 cir
242 1721 358 1800 logico,
372 1719 403 1776 id
416 1729 476 1792 eet,
489 1721 642 1778 rationalir
655 1731 792 1794 vocatur;
812 1723 889 1779 abrit
901 1732 933 1778 ut
945 1719 990 1778 hia
1004 1743 1083 1782 com-

42 1804 165 1880 parandi
181 1803 360 1875 videantur,
388 1805 437 1879 qni
455 1813 617 1880 potuerunt
633 1805 772 1860 indicium
790 1807 926 1862 veritatia
941 1807 973 1862 in
988 1809 1083 1864 aenai-

42 1891 92 1946 bua
107 1891 262 1964 corporis,
282 1904 442 1962 eorumque
454 1887 553 1944 infidis
567 1897 598 1944 et
609 1885 761 1945 fallacibua
773 1891 884 1967 regulis
898 1891 997 1948 omnia
1010 1907 1085 1966 qnae

43 1974 184 2030 dicuntur
197 1971 348 2030 metienda
362 1987 427 2026 eacc
440 1981 633 2044 censuerunt,
659 1982 693 2028 ut
704 1969 858 2047 Epicurei,
878 1974 1085 2050 etquicunque

43 2059 90 2112 alii
104 2057 200 2127 talea3
226 2063 262 2110 ut
280 2056 368 2110 etiarn
389 2055 446 2128 ipai
465 2049 575 2126 Stoici,
603 2057 653 2130 qui
672 2073 739 2112 eum
757 2055 947 2112 vehementer
966 2072 1083 2112 amave-

42 2143 99 2197 rint
109 2141 280 2208 sollertiam
293 2137 477 2214 diaputandi,
504 2157 590 2215 quam
603 2137 788 2195 dialecticam
801 2140 973 2209 nominant,
988 2155 1005 2193 a
1018 2157 1084 2195 cor-

40 2227 118 2299 poris
133 2224 276 2280 aenaihur
288 2239 353 2279 eam
366 2219 527 2278 dueendam
539 2231 694 2298 putarunt3
717 2220 787 2278 hine
800 2231 1004 2280 oracreranteo
1018 2225 1083 2279 eni-

41 2328 118 2364 ιιιιιιιι
131 2309 292 2382 concipere
306 2307 460 2378 notiones,
486 2323 557 2382 quaa
569 2307 717 2381 appellent
732 2303 854 2379 ἐννοίας,
873 2325 973 2366 carum
985 2325 1086 2364 rerum

42 2395 155 2449 scilicet
175 2408 251 2466 ques
269 2388 436 2446 deliniendo
455 2391 619 2464 explicent3
646 2389 715 2447 hinc
733 2393 891 2469 propagari
909 2400 997 2466 etque
1011 2409 1083 2448 con-

43 2478 118 2533 necti
131 2485 229 2532 totam
243 2473 376 2532 discendi
389 2471 733 2548 docendiqucrutioncmc
756 2471 813 2528 Vbi
826 2493 882 2550 ego
892 2475 1015 2530 multum
1026 2475 1083 2528 mi-

42 2561 216 2630 ranincho,
233 2576 299 2614 eum
311 2553 447 2632 pulchros
461 2555 560 2612 dicant
575 2573 636 2612 non
650 2573 715 2610 estc
726 2556 785 2611 niai
796 2557 955 2630 capientes,
979 2557 1083 2630 quibua

44 2643 179 2700 centibus
193 2641 327 2716 eorporis
340 2642 427 2697 iatam
441 2631 689 2714 pulchritudinem
699 2635 845 2708 viderint,
868 2639 1000 2713 qualibus
1015 2655 1083 2694 oeu-

43 2727 79 2782 lia
93 2728 193 2784 carnis
207 2725 334 2782 formam
347 2723 510 2800 sapientiae
522 2721 668 2796 decusque
685 2722 902 2796 compererint.
947 2719 988 2778 Hi
1001 2739 1083 2792 vero,

44 2828 116 2884 quoa
129 2812 239 2867 merito
251 2809 376 2866 eaeteria
390 2807 612 2882 anteponimus,
634 2803 838 2862 discreverunt
845 2824 886 2878 ,ca
898 2823 972 2882 quoe
984 2815 1084 2861 mente

47 2895 283 2968 conspiciuntur,
310 2892 347 2949 ab
359 2891 397 2947 iio
411 2907 485 2966 quac
499 2890 633 2947 sensibus
647 2891 851 2968 attinguntur;
877 2908 932 2947 nec
947 2889 1081 2948 oenaihur

46 2977 205 3036 adnnentea
226 2977 303 3053 quod
320 2984 459 3051 poscunt,
475 2993 539 3032 *nec
559 2975 601 3030 eia
621 2971 724 3030 denter
746 2975 823 3030 ultra
845 2991 932 3052 quam
948 2984 1081 3050 poscunt.

47 3059 152 3119 Lumen
166 3069 266 3118 autem
279 3059 422 3116 mentium
436 3077 501 3114 carc
515 3058 654 3116 dixerunt
666 3055 703 3114 cd
717 3057 856 3116 discenda
869 3061 985 3131 omnia,
1009 3077 1082 3115 cun-

46 3143 106 3202 lcm
119 3148 217 3222 ipanna
231 3143 359 3202 Deumo
372 3159 428 3218 quo
441 3141 518 3200 lacto
530 3151 599 3200 cnut
611 3143 718 3198 omnia.

464 3259 490 3316 A
512 3258 544 3317 Ρ.
592 3257 617 3314 V
631 3259 706 3316 ΙΙΙ.

49 3358 122 3424 Quod
129 3360 214 3414 etiam
229 3359 260 3412 ιἰι
275 3359 374 3412 morale
386 3259 555 3426 philosophia
567 3355 709 3428 Platonici
729 3307 868 3408 obticeanl
885 3355 1079 3425 principatum.

106 3448 234 3527 Reliqua
251 3457 300 3506 eat
316 3465 387 3524 porr
404 3448 544 3518 moralia,
570 3465 656 3522 quam
674 3445 789 3504 Grueec
814 3444 954 3502 vocabulo
980 3440 1082 3497 dicunt

47 3525 162 3615 ἠθικὴν,
188 3533 240 3592 ubi
254 3533 410 3610 quaeritur
423 3531 460 3590 dc
478 3549 590 3588 autumo
604 3530 698 3600 bono,
725 3545 782 3603 quo
801 3526 964 3584 referente·
984 3524 1083 3598 emnia

48 3635 117 3692 quac
129 3620 264 3698 egimus,
289 3625 320 3674 et
335 3615 414 3690 quod
422 3616 487 3672 'nen
500 3622 618 3690 propter
631 3610 726 3684 aliud,
744 3609 796 3666 red
808 3619 930 3684 propter
943 3624 975 3662 ae
987 3605 1083 3680 iprum

49 3713 228 3778 appetentes,
255 3701 345 3776 idque
358 3698 570 3775 adipiscentes,
590 3695 664 3754 nihil
677 3713 735 3772 quo
748 3693 826 3751 beati
839 3692 946 3762 aimus,
959 3689 1082 3746 ulteriua

51 3788 236 3862 requiramnr.
281 3782 352 3840 ldco
366 3783 471 3859 quippe
485 3791 515 3838 et
526 3779 595 3838 finio
608 3789 655 3838 eat
668 3779 780 3850 dictur,
793 3777 862 3854 quia
873 3782 993 3852 propter
1005 3771 1083 3832 lrunc

52 3872 328 3940 cacteravolunrue,
354 3867 449 3942 iprum
462 3872 559 3922 eutem
576 3883 635 3921 non
655 3862 713 3923 nisi
732 3871 851 3939 propter
870 3861 973 3936 ipsum.
1018 3857 1082 3916 Hoc
