2592 4396
210 194 251 249 28
435 185 533 244 DlVl
553 179 743 242 nvnEln
775 179 1028 238 AVGVSTlNI

209 343 337 399 humano
354 344 502 413 premente
520 343 677 409 conspectu
695 334 825 409 potuisse
843 333 923 387 illam
940 333 1044 408 peragi
1056 334 1244 408 voluptatem.

210 425 255 482 lbi
268 425 346 479 enim
357 417 521 495 philosophi
533 437 594 474 non
608 415 817 472 erubescebant
828 414 925 471 videri
938 433 970 470 se
982 415 1059 472 velle
1072 419 1246 474 concumbe-

211 527 253 579 re,
267 507 318 563 ubi
331 502 420 560 libido
435 505 498 577 ipsa
511 500 699 557 erubesceret
710 515 841 576 surgere.
864 497 903 554 Et
915 515 994 555 nune
1007 497 1140 555 videmus
1153 500 1247 557 adbuc

212 608 276 646 esse
288 584 478 662 philosophos
492 583 632 660 Cynicos:
658 581 690 638 hi
708 583 787 638 enim
805 590 891 653 sunt,
917 582 968 656 qui
986 599 1046 637 non
1066 583 1159 638 solum
1171 586 1245 639 ami-

212 675 330 729 ciuntur
342 671 441 745 pallio,
454 686 556 724 verum
570 667 659 722 etiam
672 667 784 722 claram
797 663 913 722 ferunt:
934 681 1019 719 nemo
1031 672 1133 722 mmcn
1146 683 1246 724 corum

212 754 299 812 audet
311 752 366 810 boc
378 753 490 808 facere:
513 749 589 825 quod
602 751 629 804 si
641 749 733 824 aliqui
745 749 808 804 ausi
822 756 935 818 essent,
953 756 1060 804 utnon
1074 746 1168 804 dicam
1181 751 1245 806 icti-

212 841 267 895 bus
280 836 481 914 lapidantium,
497 841 576 888 certe
590 833 812 907 conspuentium
824 831 924 887 safivis
939 829 1142 888 obruerentur.
1156 830 1247 888 Pudet

212 922 305 999 igitur
322 917 407 973 buius
424 915 554 972 hbrdmrs
573 913 729 970 humanam
747 916 812 970 sine
829 916 890 969 ulla
908 912 1088 970 dubitatione
1102 923 1246 985 naturam,

214 1013 244 1059 ct
263 1003 367 1058 merito
384 999 483 1074 p'udet.
507 998 552 1054 ¹ln
572 999 635 1054 eius
654 999 760 1073 quippe
779 995 996 1065 inobedientia,
1018 1014 1093 1072 quac
1107 999 1247 1074 genitalia

213 1086 344 1160 corporis
358 1082 486 1138 membra
500 1083 570 1138 solis
585 1082 645 1137 suis
658 1081 784 1137 motibus
799 1079 936 1151 subdidit,
951 1087 981 1134 ct
992 1081 1132 1152 potestati
1145 1082 1247 1137 volun-

188 1185 190 1189 ’
213 1169 283 1225 tatia
297 1168 419 1240 eripuit,
448 1167 520 1221 satis
541 1163 722 1235 ostenditur,
749 1163 818 1239 quid
830 1161 1008 1220 sithominis
1021 1164 1066 1218 illi
1078 1165 1190 1239 primae
1202 1165 1247 1220 in-

215 1250 398 1308 obedientiae
410 1249 599 1304 retributum:
627 1245 704 1322 quod
721 1248 753 1303 in
771 1264 806 1302 ea
822 1247 949 1302 maxime
962 1253 1046 1320 parte
1059 1247 1188 1321 oportuit
1200 1265 1248 1321 ap-

215 1353 334 1409 parere,
349 1349 406 1408 qua
419 1340 579 1409 generatur
592 1331 656 1406 ipsa
668 1339 786 1400 natura,
801 1347 874 1404 quse
886 1330 937 1386 isso
949 1330 1043 1404 primo
1057 1337 1088 1385 et
1098 1347 1205 1408 magno
1218 1333 1249 1388 in

215 1418 344 1474 deterius
358 1422 404 1470 est
414 1423 526 1471 mutate
538 1422 672 1489 peccato:
685 1432 703 1470 a
717 1415 800 1470 cuius
814 1429 894 1469 nexu
908 1413 1004 1469 nullus
1016 1413 1140 1483 eruitur,
1154 1413 1214 1468 nisi
1223 1411 1250 1470 id

124 1541 125 1544 ,
214 1499 306 1574 quod,
325 1516 391 1554 eum
404 1515 504 1552 omnes
517 1498 550 1551 in
563 1515 622 1552 uno
638 1505 752 1566 essent,
774 1497 806 1551 in
820 1514 1002 1552 communem
1014 1495 1174 1570 perniciem
1185 1514 1250 1571 pcr-

214 1590 360 1657 petratum
374 1589 434 1650 est,
457 1587 487 1634 et
499 1577 557 1634 Dei
570 1579 684 1634 iustitia
696 1578 886 1651 vindicatum,
899 1575 957 1636 Dei
971 1580 1068 1656 gratis
1080 1581 1112 1635 in
1127 1579 1251 1656 singulis

215 1665 357 1739 expietur.

594 1759 661 1818 CA
684 1761 716 1818 P.
760 1759 837 1818 XX
850 1761 873 1818 l.

212 1857 256 1913 De
277 1856 456 1909 bcrasdictionc
475 1855 695 1923 multiplicandae
709 1858 910 1929 foecunditatis
930 1857 1061 1910 barnabae
1081 1867 1145 1910 ante
1160 1875 1252 1926 peeca-

274 1934 339 1992 tum,
353 1941 434 1996 quam
440 1925 644 1994 praevaricatio
655 1943 708 1980 aon
716 1928 855 2008 adimeret,
866 1936 892 1980 ct
903 1927 948 1980 cai
958 1926 1075 1980 libidinis
1086 1928 1194 1980 niardus

350 2005 353 2010 ‘
655 2005 806 2049 accesserat.

275 2087 360 2144 Absit
378 2088 495 2162 itaque,
516 2094 550 2142 ut
563 2085 731 2158 credamus,
755 2089 822 2142 illos
836 2089 976 2164 coniuges
990 2086 1022 2140 in
1033 2085 1169 2160 paradiso
1183 2107 1252 2144 eon-

215 2174 335 2228 stitutos
348 2189 401 2245 per
413 2169 489 2226 hanc
502 2169 669 2241 libidinem,
683 2169 718 2225 de
732 2186 788 2245 qua
803 2169 999 2226 erubescendo
1014 2169 1113 2226 eadem
1125 2170 1255 2227 membra

214 2262 363 2324 texerunt,
376 2254 546 2326 impleturos
559 2252 651 2308 fuisse
666 2251 743 2326 quod
755 2254 787 2308 in
798 2271 851 2308 sua
859 2251 1154 2310 benedictioneDeus
1164 2253 1253 2310 dixit:

217 2335 361 2403 Crescite,
375 2341 402 2390 st
417 2333 667 2409 multiplicamini,
681 2344 711 2392 et
725 2335 843 2412 implete
856 2346 979 2393 terram.
1019 2334 1090 2391 l’ost
1102 2347 1254 2411 peecatum

214 2418 320 2492 quippe
334 2425 398 2471 orta
414 2423 459 2470 est
471 2413 542 2470 haee
555 2415 658 2474 libido:
683 2425 751 2492 post
762 2428 915 2492 peecatum
929 2437 992 2474 eam
1005 2427 1111 2474 natura
1125 2438 1186 2476 non
1200 2422 1253 2476 im·

213 2498 342 2574 pudens,
363 2499 472 2554 amissa
488 2508 649 2572 potestate,
669 2501 716 2556 cui
736 2519 840 2575 eorpus
855 2519 893 2556 ex
906 2503 985 2558 omni
997 2510 1082 2574 parte
1095 2504 1253 2572 serviebat,

215 2584 323 2654 sensit,
343 2581 479 2653 attendit,
500 2582 627 2655 erubuit,
649 2585 774 2658 operuit.
807 2582 860 2640 llla
872 2603 942 2641 vero
955 2583 1121 2640 benedictio
1135 2587 1254 2660 nuptia-

213 2683 288 2735 rum,
301 2674 334 2720 ut
347 2666 499 2743 coniugati
513 2675 696 2738 crescerent,
717 2675 747 2723 ct
759 2669 1036 2741 multiplicarentur,
1055 2677 1085 2723 et
1097 2669 1255 2744 implerent

213 2757 341 2819 terram,
363 2749 495 2822 quamvis
514 2750 593 2803 etin
616 2749 854 2824 delinquentibus
876 2751 1032 2822 manscrit3
1059 2759 1159 2808 tamen
1184 2762 1254 2808 ante

213 2849 300 2905 quam
313 2831 532 2902 delinquerent,
559 2828 626 2886 data
644 2840 703 2902 est,
722 2842 756 2888 ut
774 2842 1002 2911 cognosceretur
1018 2836 1254 2908 procreationem

212 2912 339 2967 filiorum
352 2910 389 2966 ad
403 2912 529 2988 gloriam
543 2913 694 2984 connubii,
709 2932 769 2971 non
781 2915 818 2971 ad
830 2934 955 2990 poenam
967 2917 1115 2990 pertinere
1128 2921 1251 2993 peccati.

213 2991 272 3050 Sed
285 3011 365 3048 nune
379 2991 524 3063 homines,
537 2995 669 3069 proiecto
683 2999 761 3053 illius
776 3017 849 3074 quae
863 3001 894 3055 in
904 2997 1039 3074 paradiso
1051 2998 1110 3056 fuit
1123 3001 1251 3057 felicita-

214 3079 250 3131 tis
264 3076 378 3152 ignari,
393 3076 451 3131 nisi
462 3093 515 3150 per
527 3075 582 3133 hoe
595 3077 672 3154 quod
686 3083 801 3155 experti
814 3091 894 3154 sunt,
909 3083 1007 3153 idest,
1020 3101 1073 3156 per
1087 3083 1251 3154 libidinem,

212 3157 247 3212 de
260 3176 317 3232 qus
329 3157 461 3214 videmus
474 3159 567 3233 ipsam
580 3163 668 3218 etiam
685 3161 867 3221 honestatem
885 3165 1057 3222 erubescere
1070 3168 1251 3240 nuptiarum,

212 3259 272 3296 non
286 3243 413 3315 potuisse
426 3243 512 3320 gigni
524 3243 601 3300 filios
616 3248 787 3320 opinantur:
815 3249 866 3304 alii
879 3247 1046 3321 Scripturas
1060 3247 1188 3322 divinas,
1201 3250 1252 3304 ubi

211 3325 320 3400 legitur
333 3333 400 3400 post
410 3335 563 3400 peecatum
574 3327 714 3403 puduisse
727 3329 882 3404 nuditatis,
909 3339 938 3386 et
950 3331 1084 3405 pudenda
1098 3351 1163 3388 esse
1179 3351 1251 3388 con·

211 3415 305 3478 tecta,
331 3426 451 3481 prorsus
465 3427 526 3466 non
545 3413 738 3485 accipientes,
765 3413 817 3469 scd
829 3413 987 3470 infideliter
1000 3414 1173 3487 irridentes;
1203 3417 1254 3470 alii

209 3507 281 3545 vero
294 3492 425 3564 quamvis
436 3508 484 3547 eas
495 3493 642 3566 accipiant
652 3503 682 3549 et
691 3493 845 3566 honorent,
859 3495 930 3552 illud
939 3505 1037 3553 tamen
1051 3497 1129 3572 quod
1141 3497 1253 3554 dietum

211 3580 269 3628 est:
299 3571 443 3644 Crescite,
458 3584 488 3631 ct
501 3575 754 3654 multastieamiai,
775 3597 834 3635 non
849 3578 1010 3635 seeundum
1022 3581 1176 3637 carnalem
1191 3580 1253 3637 foe·

211 3655 391 3710 eunditatem
402 3657 509 3712 volunt
521 3657 661 3736 intelligi,
691 3662 760 3734 quia
773 3673 803 3718 et
815 3661 977 3719 seeundum
995 3664 1122 3718 animam
1140 3665 1255 3742 legitur

212 3732 269 3786 tale
283 3735 392 3808 aliquid
404 3737 523 3810 dictum,
538 3737 754 3819 Multspls’oobis
767 3763 812 3802 aas
822 3748 852 3801 iu
866 3747 967 3803 anima
979 3764 1044 3804 mea
1054 3747 1170 3804 virtuts
1183 3757 1251 3803 tua.

212 3819 244 3864 ut
257 3811 288 3866 id
302 3817 377 3889 quod
390 3820 421 3873 in
436 3819 546 3877 Genesi
559 3825 704 3897 sequitur,
731 3825 773 3883 Et
793 3829 911 3905 implete
924 3839 1049 3898 terram,
1071 3839 1101 3884 et
1115 3829 1255 3886 descissa-
