2510 4404
25 229 33 269 l
214 211 272 270 DF.
294 211 518 271 ctvlrlru
540 211 620 270 DEI
644 211 726 270 ΜΒ.
750 213 867 273 XXll.
988 222 1055 278 ’419

35 363 69 419 ιι
84 363 231 437 iuvenem,
244 365 320 423 vidit
331 375 429 422 tamen
443 363 576 424 Eliraeuc
593 364 785 442 accipientem
798 383 919 424 munere
936 387 1054 428 terrum

33 465 128 518 cuum,
151 447 199 503 uhi
213 451 276 524 ipre
297 467 356 507 non
379 459 456 522 erat3
482 451 562 506 itane
583 469 649 507 cunr
666 452 782 506 venerit
801 450 878 526 quod
891 452 1054 525 perlectum

35 540 87 601 ιιι,
100 549 152 587 nee
164 531 221 588 iam
236 551 339 608 corpus
353 533 540 609 corruptibile
553 535 725 612 aggravabit
738 535 876 604 animani,
891 533 942 590 aed
954 537 1053 592 incor-

31 615 161 690 ruptibile
175 615 246 672 nihil
258 617 406 692 impediet,
420 619 464 673 illi
476 620 572 674 nancti
585 617 665 674 adea
675 635 750 692 quae
763 617 889 675 videnda
902 629 972 676 aunt
986 638 1055 675 ocu-

29 702 68 756 lis
81 703 239 774 corporeis,
268 703 372 777 quibua
385 701 519 758 Eliaaeuu
539 702 642 758 obceno
663 701 699 757 ad
716 720 834 758 cerrum
853 721 938 759 nuum
950 702 1054 760 viden-

30 783 94 838 dum
108 801 164 840 nou
177 784 317 863 indiguit,
331 781 524 863 indigebunt?
551 785 626 842 Nem
639 786 798 842 secundum
810 787 986 862 interpretes
1000 785 1056 844 Se-

29 868 188 944 ptuaginta,
202 867 260 925 icta
273 878 343 924 aunt
355 867 392 925 ed
405 869 490 926 Gieai
503 869 592 926 verbe
604 860 781 943 Prophetae?
792 867 892 928 Nonne
904 889 954 926 cor
963 890 1055 927 meum

28 941 180 1092 weuram,
202 955 317 1028 quando
331 952 440 1029 [tecum
450 964 534 1022 erut,
548 964 578 1010 et
590 955 659 1009 novi
670 949 762 1028 qood]
781 971 937 1010 convertur
950 965 996 1012 eet
1008 957 1056 1012 ιιι

77 1049 164 1090 carru
175 1051 227 1092 eoo
241 1036 396 1093 inobviam
411 1037 476 1106 tibi,
491 1048 522 1093 ct
535 1039 679 1114 accepisti
685 1035 864 1112 pecuniam?
882 1046 936 1092 etc.
974 1035 1058 1094 Sicut

26 1127 122 1174 autem
144 1135 181 1173 ex
202 1117 337 1178 Hebraeo
360 1121 571 1194 interpretatus
600 1128 645 1175 eut
665 1119 819 1195 presbyter
841 1118 1056 1196 Hieronymus:

25 1199 125 1258 Nonne
137 1221 187 1258 cor
201 1222 303 1274 meam,
317 1205 422 1278 inquit,
434 1207 465 1260 ia
472 1205 633 1281 praeacuti
645 1213 722 1272 erut,
738 1203 852 1280 quando
863 1221 1001 1260 rever-auo
1012 1215 1058 1261 eat

25 1285 107 1344 homo
120 1286 154 1342 de
167 1305 258 1342 curru
271 1305 322 1343 ruo
336 1289 367 1342 e'n
381 1304 533 1344 occursum
549 1289 597 1344 tui
604 1285 618 1342 2
636 1285 729 1343 Corde
742 1305 795 1342 cuo
810 1305 842 1342 ae
857 1287 932 1342 dixit
944 1286 1000 1343 hoe
1012 1289 1057 1344 vi-

25 1370 105 1424 disse
117 1368 271 1444 Propheta,
286 1369 384 1426 adiuto
398 1371 514 1446 quidem
526 1371 710 1442 mirabiliter,
725 1372 805 1426 nullo
818 1370 986 1442 dubitante,
1013 1371 1056 1426 di·

23 1453 143 1510 vinitus.
178 1453 237 1511 Sed
256 1463 363 1530 quanto
384 1455 506 1530 emplius
520 1463 591 1512 tune
605 1473 706 1510 omnen
719 1473 840 1510 munere
857 1456 914 1510 ieto
927 1454 1057 1512 abunde·
1109 1475 1111 1482 ¹

22 1537 107 1607 bunt,
119 1555 183 1592 euru
197 1537 277 1594 Deua
289 1539 350 1596 erit
362 1541 460 1594 omnia
472 1541 504 1595 in
518 1534 669 1595 oninibucl
691 1535 847 1594 Habebunt
859 1549 957 1595 tamen
970 1540 1057 1594 etiem

22 1622 70 1678 illi
83 1623 157 1676 oculi
170 1623 306 1696 corporei
318 1619 442 1678 officium
454 1641 547 1694 auum,
562 1625 636 1679 etin
649 1624 713 1677 loeo
727 1639 781 1677 uuo
790 1612 1057 1698 eminentemque
1109 1631 1112 1637 ‘

21 1707 82 1762 illie
96 1707 213 1777 spirituc
226 1725 279 1781 per
295 1707 426 1780 spiritale
440 1726 554 1781 corpus.
577 1705 678 1782 Neque
697 1707 776 1762 enim
790 1716 820 1761 et
839 1708 889 1764 ille
901 1704 1057 1781 Prophete,

21 1791 93 1865 quio
106 1807 165 1845 non
178 1791 221 1846 eir
235 1789 363 1868 indiguit
376 1799 410 1846 ut
425 1790 536 1847 videret
548 1791 713 1863 ebaentenr,
735 1808 797 1846 non
816 1791 859 1846 ιίι
877 1809 948 1846 naus
963 1799 1008 1846 ert
1021 1789 1057 1845 ad

21 1872 148 1930 videnda
160 1877 342 1947 praesentia,
368 1891 444 1949 quae
463 1883 561 1930 tamen
574 1877 679 1950 spiritu
692 1874 793 1931 videre
806 1883 920 1947 pooiet,
943 1875 1056 1930 etiamsi

21 1959 90 2014 illos
105 1958 269 2029 clauderet,
294 1959 371 2012 eicnt
382 1957 457 2014 vidit
470 1958 618 2028 absentie,
633 1957 684 2013 ubi
698 1959 818 2012 cumeis
833 1959 895 2030 ipre
908 1975 970 2012 non
983 1965 1047 2010 crat

21 2041 106 2098 Absit
124 2059 213 2120 ergo,
236 2051 275 2098 ut.
292 2040 422 2096 dicemus
440 2043 506 2096 illoc
526 2050 642 2096 sanctos
655 2041 687 2093 in
700 2040 751 2094 ille
763 2041 825 2094 vitu
840 2038 935 2096 Deum
949 2039 1056 2094 cluueie

22 2125 115 2180 oculis
129 2143 188 2182 non
201 2127 329 2195 visuros,
344 2141 429 2197 quem
443 2124 545 2197 spiritu
559 2139 672 2197 temper
685 2119 835 2177 videbunt.

86 2206 145 2264 Sed
157 2219 255 2266 utrum
267 2207 408 2265 videbunt
422 2215 451 2262 ct
463 2225 516 2281 per
529 2208 629 2262 oculos
644 2206 783 2279 corporio,
798 2223 865 2262 curu
877 2221 927 2260 eoa
940 2214 1055 2280 apertos

19 2291 184 2364 habebunt,
207 2291 276 2350 inde
289 2292 420 2369 quaestio
435 2299 489 2345 ιιι.
524 2287 559 2345 Si
573 2291 651 2346 enim
664 2297 779 2345 tantum
792 2298 930 2363 poterunt
944 2290 976 2345 in
990 2306 1055 2345 cor-

19 2395 91 2452 pore
104 2377 229 2450 spiritali
243 2395 277 2432 eo
291 2376 377 2432 modo
391 2376 492 2448 utique
505 2374 592 2429 etium
605 2374 662 2448 ipsi
676 2374 754 2428 oculi
767 2374 933 2446 spiritales,
960 2391 1054 2449 quen-

19 2471 84 2516 tum
96 2470 221 2534 poraunt
237 2463 288 2516 icti
307 2460 406 2534 quales
424 2476 502 2514 nune
520 2456 673 2528 hebemuu3
698 2459 800 2530 procul
822 2456 907 2514 dubio
930 2477 983 2532 per
1006 2474 1054 2512 eos

19 2545 102 2602 Deus
116 2544 212 2600 videri
225 2563 283 2600 non
297 2543 413 2617 poterit.
432 2541 534 2619 Longe
547 2543 646 2616 itaque
659 2541 781 2596 alteriue
797 2550 884 2597 crunt
895 2542 1054 2616 potentiae,

19 2630 43 2684 ei
56 2647 111 2702 per
123 2645 175 2682 eoo
188 2627 336 2684 videbitur
348 2627 524 2699 incorporea
537 2626 586 2681 illa
600 2634 716 2694 nemra,
731 2641 805 2698 quae
815 2643 874 2680 non
888 2625 1055 2682 continetur

19 2717 101 2780 loco,
124 2710 176 2766 sed
190 2711 299 2784 ubique
312 2718 375 2764 tota
389 2717 443 2764 eat.
478 2707 546 2766 Non
560 2711 639 2765 eninr
651 2709 720 2785 quie
733 2707 854 2764 dicimus
869 2707 965 2765 Deum
980 2709 1051 2764 etin

19 2796 101 2852 coelo
116 2812 193 2866 erac,
208 2803 237 2850 et
250 2796 281 2850 in
294 2804 384 2864 terre,
399 2785 474 2871 (ipsc
487 2794 592 2868 quippe
605 2794 647 2849 uit
658 2811 710 2868 per
723 2790 910 2867 Prophetanr,
937 2791 1053 2850 eoelum

19 2888 47 2936 et
60 2887 179 2934 terram
192 2897 245 2955 ego
258 2877 372 2957 impleo,
374 2876 393 2954 )
408 2879 494 2934 alium
506 2887 620 2952 panteni
626 2877 733 2934 dicturi
744 2895 844 2932 sunaus
855 2896 920 2935 eum
930 2878 961 2932 in
972 2877 1051 2932 coele

19 2961 137 3033 hebere,
151 2971 181 3018 et
194 2964 225 3018 in
238 2972 318 3019 terra
330 2964 430 3019 aliam:
453 2961 505 3018 ιιι
517 2972 595 3019 totua
608 2965 640 3019 in
655 2963 736 3019 coelo
750 2971 806 3032 eat,
819 2970 898 3018 totua
912 2961 944 3017 in
957 2969 1051 3022 terra:

19 3064 76 3102 non
91 3047 215 3103 alternis
229 3047 418 3122 temporibus,
437 3046 490 3102 ted
502 3056 658 3124 utrumque
671 3047 768 3118 simul,
782 3045 859 3122 quod
871 3047 953 3102 nulla
965 3054 1050 3102 natu-

19 3149 46 3185 ra
61 3133 225 3204 corporalis
238 3139 342 3206 potent.
368 3129 419 3186 Via
433 3133 531 3202 itaque
543 3131 768 3206 praepollentior
782 3131 931 3186 oculorum
946 3131 1003 3184 erit
1016 3131 1051 3184 il-

19 3233 123 3282 orum,
138 3233 200 3270 non
214 3225 249 3271 ιιι
260 3217 357 3271 acrius
370 3212 502 3280 videant,
525 3230 609 3286 quum
623 3212 739 3287 quidam
750 3211 940 3286 perhibentur
953 3211 1052 3266 videre
1136 3273 1139 3279 A

19 3306 169 3372 terpentes
183 3300 230 3354 vel
243 3299 371 3372 aquilae:
387 3290 581 3378 (quantalibet
594 3297 672 3351 enirn
684 3295 843 3350 acrbnouia
851 3292 991 3350 cernendi
1004 3311 1053 3348 ec-

19 3382 81 3438 iem
93 3399 212 3456 quoque
226 3381 364 3438 aniruulia
375 3376 453 3436 nihil·
461 3377 539 3436 aliud
551 3387 675 3452 possunt
687 3377 787 3434 videre
799 3395 887 3453 quam
900 3381 1050 3454 corporum)

19 3463 65 3520 red
79 3475 115 3520 ut
136 3464 256 3522 videant
270 3476 300 3520 et
318 3463 542 3539 incorporalia..
556 3461 597 3519 Et
614 3462 739 3518 fortaaue
757 3463 814 3518 iata
833 3462 926 3518 virtue
945 3478 1051 3539 magno

19 3547 162 3604 cernendi
182 3547 249 3605 data
267 3549 358 3604 fuerit
376 3547 413 3603 ud
437 3544 538 3604 horum
558 3547 646 3602 etiam
664 3547 695 3602 in
713 3548 771 3602 icto
796 3545 913 3602 rnortcli
930 3563 1051 3620 corpore

19 3632 109 3687 rcnlia
125 3634 221 3690 canuti
233 3634 291 3689 viri
306 3630 375 3702 Iob,
398 3632 511 3706 quondo
525 3633 567 3688 ait
578 3629 616 3687 ad
628 3629 740 3703 Deum,
763 3627 800 3687 Ιιι
812 3629 952 3688 obauditu
966 3632 1051 3686 curie
1092 3681 1094 3685 ,

19 3711 73 3792 fob]
91 3717 251 3776 audiebam
264 3727 294 3774 te
301 3718 403 3795 priua,
416 3733 492 3772 nanc
505 3726 603 3774 uatem
616 3715 716 3772 oculos
728 3732 806 3771 meua
819 3713 902 3798 videt
913 3723 957 3786 tc,
976 3732 1052 3792 pro-

19 3811 124 3860 rtereo
140 3802 264 3879 despexi
276 3801 490 3876 memetipsum,
514 3811 542 3857 et
556 3799 697 3870 dietabm',
712 3809 742 3856 et
755 3799 924 3858 existimavi
935 3817 978 3854 me
990 3807 1053 3855 ter·

19 3906 77 3944 ’am
95 3886 278 3945 etcinerem.
307 3884 446 3956 Quuruuin
458 3883 505 3940 hic
520 3881 592 3940 nihil
606 3880 764 4025 prohqlpch
771 3883 886 3938 oculum
900 3880 993 3936 cordia
1006 3881 1044 3936 in·
