2586 4396
247 170 312 228 DE
335 168 554 232 ClVlTA'l'E
581 174 659 234 DEl
683 176 763 238 blB.
786 180 858 240 Vll.
1020 193 1078 248 193

35 325 156 393 sentire,
178 323 273 378 etiam
287 323 372 380 carni
386 323 477 382 vitam
488 327 609 400 praebet
622 337 652 384 et
665 347 794 404 sensum,
812 336 973 396 universali
987 359 1076 414 opere

34 407 81 464 boe
92 425 208 462 munus
222 407 315 462 etiam
327 406 467 480 partubus
480 408 632 467 tribuensl
658 408 699 469 Et
711 415 780 490 quid
793 434 864 490 opus
879 430 924 476 est
936 420 1076 482 Vitumno

33 501 115 566 atque
130 485 288 548 Sentinol
317 489 443 558 Quodsi
461 491 496 548 ab
514 493 565 548 illo
580 496 629 569 qui
647 498 729 553 vitae
750 507 781 554 et
804 501 939 560 sensibus
953 508 1075 564 univer-

32 576 129 630 saliter
150 571 327 648 praesidet,
353 571 399 628 bis
411 577 496 648 qussi
507 576 626 634 famulis
639 580 697 636 ists
710 585 841 640 carnalia
852 587 934 644 velut
947 597 1079 646 extrema

30 659 127 714 etima
140 658 305 713 commissa
317 665 405 729 ιιιιιι;
431 658 511 715 itane
524 670 594 716 sunt
613 662 658 716 illi
676 665 779 721 selecti
801 665 934 726 destituti
955 671 1078 741 familia,

30 751 132 798 utnon
146 741 329 796 invenirent
341 741 444 816 quibus
457 744 547 800 etiam
559 745 616 818 ipsi
628 745 687 802 ista
700 751 926 823 committerent,
947 752 999 808 sed
1012 773 1078 812 cum

29 833 84 880 tcta
104 843 163 880 sua
182 824 360 894 nobilitate,
388 842 446 898 qua
464 827 522 882 visi
541 837 611 884 sunt
629 830 789 907 seligendi,
814 851 885 907 opus
899 835 997 892 facere
1011 857 1079 894 cum

28 907 213 984 ignobilibus
234 903 435 984 cogerenturl
457 906 532 966 lune
553 911 662 968 selecta
680 923 710 970 et
722 916 828 992 regina
840 915 978 994 levisque
992 939 1077 976 soror

29 1000 55 1044 et
67 992 200 1061 coniux,
231 987 307 1045 haee
328 999 426 1048 tamen
447 989 584 1050 lterduca
605 1004 650 1052 est
660 999 773 1069 pueris,
796 1007 910 1073 etopus
924 1001 996 1058 facit
1010 1022 1077 1060 cum

28 1072 131 1130 deabus
145 1073 382 1150 ignobilissimis
395 1074 515 1132 Abeona
527 1087 558 1135 et
569 1076 700 1135 Adeone.
714 1078 758 1136 lbi
769 1094 935 1156 posuerunt
947 1095 977 1141 et
989 1085 1075 1142 Men·

26 1165 80 1211 tem
92 1157 198 1226 deam,
227 1174 305 1230 quae
319 1155 409 1213 faeiat
419 1161 519 1232 pueris
532 1160 639 1217 bonam
651 1172 791 1234 mentem,
817 1174 847 1220 ct
858 1167 937 1222 inter
951 1170 1076 1224 selectos

26 1240 77 1294 ista
89 1259 153 1296 non
167 1239 308 1314 ponitur,
323 1241 406 1314 quasi
419 1242 574 1316 quiequam
585 1245 680 1300 maius
693 1247 838 1318 praestari
850 1245 962 1304 bomini
974 1251 1076 1322 possit.

26 1320 147 1378 Ponitur
158 1329 268 1378 autem
276 1319 362 1392 luno,
387 1324 455 1397 quia
466 1323 600 1382 lterduca
611 1336 656 1382 ιιι
670 1335 700 1382 et
709 1325 884 1401 Domiduea,
898 1333 983 1404 quasi
996 1333 1077 1406 quie-

26 1423 108 1478 quam
119 1405 226 1480 prosit
238 1406 298 1460 iter
312 1423 431 1478 carpere
447 1415 476 1462 et
489 1407 607 1464 denium
620 1407 697 1480 duci,
717 1410 744 1464 si
756 1427 840 1467 mens
854 1429 915 1468 non
929 1422 974 1470 est
985 1414 1077 1470 bona:

26 1490 103 1544 cuius
116 1489 264 1545 muneris
278 1487 362 1544 deam
375 1491 531 1546 selectores
545 1491 596 1546 isti
609 1492 689 1547 inter
703 1493 812 1548 selecta
823 1495 944 1552 nununa
956 1498 1078 1554 minime

26 1581 200 1645 posuerunt.
227 1571 313 1637 Quae
325 1572 460 1644 profecto
476 1583 506 1630 et
518 1573 671 1632 Minervae
684 1575 782 1632 fuerat
794 1577 1006 1651 praeferenda,
1030 1583 1077 1636 cui

27 1672 74 1727 per
95 1657 156 1712 ista
181 1656 304 1710 minuta
323 1673 411 1728 opera
429 1675 585 1730 puerorum
597 1661 767 1718 memoriam
780 1662 957 1720 tribuerunt.
1002 1664 1076 1730 Quis

28 1740 99 1794 enim
111 1739 239 1794 dubitct
253 1739 346 1793 multo
365 1757 431 1794 esse
450 1742 554 1798 melius
572 1739 680 1798 habere
698 1743 805 1802 bonam
817 1755 963 1818 mentem,
989 1765 1076 1822 quarn

26 1824 199 1880 memoriam
217 1822 435 1896 quantumlibet
447 1821 621 1902 ingentem?
642 1825 736 1884 Nemo
750 1831 829 1884 enim
841 1831 934 1886 malus
949 1832 1078 1905 est,·qui

26 1902 125 1962 bonam
138 1904 240 1960 babet
252 1913 394 1961 mentem:
413 1907 538 1982 puidam
555 1926 627 1964 vero
644 1911 765 1984 pessimi
783 1913 925 1969 memoria
939 1922 1009 1970 sunt
1020 1915 1077 1968 mi-

26 1988 114 2060 rabili,
134 1990 196 2064 qui
210 1996 297 2044 tanto
314 1989 431 2060 peiores
445 1999 552 2063 quanto
566 1992 664 2048 minus
677 2003 802 2067 possunt
814 1995 892 2069 quod
905 1997 980 2052 male
993 1998 1076 2072 cogi-

26 2081 82 2128 tant
96 2072 256 2128 oblivisci.
277 2069 319 2126 Et
330 2080 428 2128 temen
441 2071 576 2130 Minerva
588 2084 634 2131 est
646 2077 726 2132 inter
740 2078 865 2132 selectos
881 2076 965 2148 deos;
991 2076 1075 2134 Men-

26 2163 76 2210 tem
99 2165 211 2212 autem
236 2153 322 2210 deam
343 2154 429 2212 turba
449 2157 518 2212 vilis
541 2160 665 2232 operuit.
693 2157 769 2226 Quid
782 2159 818 2215 de
831 2157 948 2218 Virtute
962 2156 1075 2216 dieam‘l

26 2239 86 2312 quid
100 2239 139 2294 de
155 2233 341 2295 Felicitatel
364 2237 400 2294 de
420 2240 523 2314 quibus
547 2241 578 2297 in
603 2251 707 2316 quarto
726 2241 802 2298 libro
820 2244 912 2300 mults
924 2243 984 2300 iarn
997 2242 1075 2300 dixi-

24 2338 96 2378 mus:
124 2339 208 2398 qnaa
223 2339 290 2376 cum
304 2320 373 2377 deas
388 2320 539 2394 haberent,
566 2326 680 2382 nullum
694 2326 737 2380 eis
750 2326 846 2382 locum
859 2327 938 2384 inter
951 2329 1075 2384 selectos

25 2403 87 2460 deos
101 2406 179 2462 dare
194 2405 369 2472 voluerunt,
392 2406 442 2462 ubi
455 2405 600 2464 dederunt
611 2407 700 2466 Marti
714 2417 744 2464 et
757 2407 850 2478 Oreo,
876 2412 929 2467 uni
943 2407 1076 2466 effectori
1162 2461 1167 2464 .

23 2491 173 2560 mortium,
189 2488 281 2543 alteri
294 2490 449 2563 receptori.

80 2571 158 2628 Cum
172 2571 274 2647 igitur
286 2571 319 2626 in
331 2568 377 2626 bis
387 2573 507 2629 minutis
519 2573 666 2646 operibus,
680 2590 755 2647 quae
764 2574 933 2628 minutatim
943 2573 999 2627 diis
1010 2575 1075 2646 plu-

22 2655 98 2710 ribus
113 2653 283 2710 distribute
296 2663 380 2723 sunt,
407 2657 495 2710 etiam
511 2655 592 2726 ipsos
605 2657 729 2710 selectos
743 2653 910 2727 videamus,
936 2663 1076 2728 tanquam

23 2747 160 2793 senatum
174 2755 246 2792 cum
260 2737 344 2810 plebe
355 2739 466 2811 pariter
480 2737 610 2812 operari3
630 2746 661 2793 ct
672 2738 859 2794 inveniamus
872 2757 890 2795 a
904 2737 1076 2813 quibusdam

22 2820 91 2892 diis,
117 2823 168 2896 qui
181 2837 374 2894 nequaquam
386 2820 532 2898 seligendi
544 2821 640 2895 putati
653 2830 737 2891 sunt,
759 2822 850 2878 multe
864 2823 977 2880 maiora
989 2829 1076 2896 atque

22 2905 146 2960 meliora
160 2902 381 2975 administrari,
395 2922 481 2978 quam
494 2905 529 2962 ab
543 2904 602 2960 illis
616 2906 668 2980 qui
682 2906 785 2961 selecti
799 2915 958 2976 vocantur3
983 2916 1076 2964 restat

22 2989 182 3058 arbitrari,
212 3005 275 3042 non
295 2995 414 3061 propter
431 2989 661 3060 praestantiores
675 2989 708 3044 in
722 2988 829 3048 mundo
844 2985 1075 3048 administratio-

22 3089 81 3143 nes,
97 3070 156 3128 sed
171 3070 246 3144 quia
258 3071 396 3143 provenit
411 3072 453 3125 eis
466 3081 500 3127 ut
511 3072 625 3146 populis
638 3073 732 3150 magis
746 3074 982 3144 innotescerent,
1000 3075 1073 3128 scle-

22 3165 78 3211 ctos
93 3167 151 3210 ecs
169 3161 204 3208 et
215 3154 389 3226 praecipuos
404 3163 598 3228 nuncupatos.
619 3153 704 3212 Vnde
714 3154 787 3212 dicit
798 3159 888 3214 etiarn
898 3159 961 3232 ipsc
970 3153 1075 3226 Varro,

20 3240 92 3312 qued
109 3237 174 3293 diis
190 3234 366 3310 quibusdam
379 3237 512 3310 patribus
527 3247 557 3294 et
570 3237 679 3302 deabus
691 3240 844 3310 matribus,
859 3241 936 3296 sicut
948 3237 1075 3296 bomini-

19 3320 80 3394 bus,
94 3320 284 3401 ignobilitas
298 3320 463 3376 accidissct.
486 3319 521 3378 Si
535 3339 607 3399 ergo
621 3321 760 3378 Felicitas
774 3322 840 3378 ideo
854 3323 984 3380 sonasse
997 3323 1077 3376 inter

20 3408 149 3464 selectos
165 3404 241 3460 deos
256 3420 396 3460 essenon
410 3403 526 3475 debuit,
555 3404 632 3480 quod
651 3405 688 3460 ad
706 3406 794 3460 istam
812 3405 996 3460 nobilitatem
1015 3419 1077 3456 non

19 3493 140 3560 nerito,
156 3487 214 3544 sed
227 3486 356 3542 fortuitu
367 3497 584 3562 pervenerunt3
611 3490 716 3543 saltem
728 3488 807 3542 inter
819 3488 899 3557 illos,
918 3487 966 3542 rel
978 3484 1077 3557 potius

19 3591 84 3645 prae
99 3575 168 3630 illis
182 3571 320 3628 Fortuna
332 3579 510 3644 poneretur,
524 3589 611 3645 quarn
624 3569 726 3626 dicunt
739 3567 823 3625 deam
836 3586 897 3624 non
910 3564 1078 3622 rationabili

21 3655 239 3733 dispositione,
254 3650 310 3708 sed
323 3661 357 3708 ut
369 3661 479 3712 temere
492 3652 644 3724 acciderit,
659 3672 712 3709 sua
724 3653 830 3727 cuique
843 3650 920 3706 dona
934 3647 1077 3704 conferre.

22 3737 100 3798 llaec
117 3742 153 3796 in
170 3739 228 3794 diis
243 3737 365 3792 selectis
378 3745 480 3794 tenere
493 3737 608 3810 apicem
625 3735 740 3805 debuit,
767 3737 800 3790 in
824 3731 929 3809 quibus
952 3732 1078 3792 muinre

21 3825 87 3898 quid
102 3831 212 3902 posset
226 3818 374 3878 ostendit:
395 3819 511 3896 quande
527 3837 578 3876 eos
592 3819 725 3876 ridemus
739 3836 799 3874 non
812 3817 969 3895 praecipua
983 3815 1078 3872 virtu·

758 3900 786 3958 N
