2576 4396
226 160 288 220 312
452 153 548 212 DlVl
569 149 757 209 AVRELll
778 146 1032 210 AVGVSTlNI

224 311 319 387 potuit
336 307 449 387 gratius
469 300 679 374 commendari,
706 319 791 376 quam
804 309 838 356 ut
850 301 912 374 ipse
924 301 1028 362 unicus
1043 299 1099 356 Dei
1111 299 1204 358 Filius
1217 304 1243 358 in
1258 309 1259 314 ’

226 414 257 450 ae
270 389 541 454 incommutabiliter
553 403 673 442 maneus
688 384 821 440 indueret
839 383 999 454 hominem,
1026 393 1055 440 et
1076 402 1156 458 spem
1177 385 1244 442 dile-

226 477 332 534 ctionis
346 492 416 530 suae
430 472 512 528 daret
523 469 706 540 hominibus,
731 467 847 524 homine
865 467 976 538 medio,
1002 486 1059 542 qua
1072 466 1108 523 ad
1120 469 1201 524 illum
1213 470 1245 524 ab

224 557 388 617 hominibus
401 557 566 626 veniretur,
593 553 642 627 qui
655 561 715 608 tam
728 553 815 630 longe
830 560 892 608 crat
904 552 1075 606 immortalis
1088 570 1106 607 a
1119 554 1245 608 mortali-

224 644 292 715 bus,
319 637 560 698 incommutabilis
574 655 591 692 a
606 634 869 705 commutabilibus,
896 636 992 690 iustus
1006 635 1040 690 ab
1054 635 1167 708 impiis,
1180 636 1245 691 bea-

224 737 272 784 tus
286 744 304 782 a
316 724 440 780 miseris.
483 719 522 777 Ec
542 720 609 795 quia
628 720 800 776 naturaliter
814 717 921 774 indidit
933 718 1034 789 nobis,
1059 727 1092 773 ut
1104 719 1180 775 beati
1194 721 1246 774 im-

224 809 417 882 mortalesque
432 822 495 860 esse
509 804 667 878 cupiamus,
680 821 801 858 manens
815 801 926 873 beatus,
940 801 1159 876 suscipiensque
1171 822 1246 858 mor-

224 894 327 962 talem,
352 899 385 944 ut
408 887 491 946 nobis
514 887 657 944 tribueret
679 885 756 960 quod
779 902 923 959 mamus,
950 884 1139 960 perpetiendo
1153 885 1248 942 docuit

225 984 413 1032 contemnere
426 969 502 1047 quod
514 972 657 1027 timemus.

288 1056 347 1114 Sed
365 1055 432 1112 huic
453 1055 572 1112 veritati
591 1062 624 1109 ut
636 1054 761 1127 possetis
775 1053 975 1128 acquiescere,
1003 1049 1164 1108 humilitate
1177 1069 1248 1125 opus

226 1150 305 1212 erat,
332 1158 406 1214 quae
420 1139 527 1195 cervici
540 1145 656 1193 vestrae
669 1135 835 1192 difficillime
847 1135 1016 1210 persuaderi
1029 1145 1133 1210 potest.
1175 1135 1248 1202 Quid

226 1227 304 1282 enim
317 1221 486 1280 incredibile
499 1221 621 1292 dieitur,
635 1221 806 1294 praesertim
815 1220 897 1276 vobis
912 1220 961 1294 qui
973 1220 1043 1274 talia
1057 1219 1170 1293 sapitis,
1185 1221 1249 1293 qui-

227 1309 278 1365 bus
293 1306 395 1363 adhoc
410 1304 585 1361 credendum
598 1322 650 1361 vos
670 1304 748 1378 ipsos
770 1304 924 1360 admonere
942 1301 1087 1374 debeatis3
1114 1302 1178 1376 quid
1201 1304 1249 1358 in-

228 1410 313 1467 quam
335 1389 418 1448 vebia
437 1387 613 1445 'incredibile
637 1386 759 1458 dicitur,
786 1405 851 1444 cum
863 1385 945 1442 Deus
959 1385 1065 1441 dicitur
1083 1387 1250 1442 assumsisse

226 1474 382 1532 humanam
399 1474 526 1528 animam
545 1481 575 1527 et
596 1466 719 1546 corpusi
745 1469 805 1527 Vos
825 1479 904 1528 certe
922 1478 1035 1526 tantum
1047 1468 1174 1526 tribuitis
1188 1471 1249 1525 ani-

226 1577 290 1614 mae
304 1557 512 1626 intellectuali,
539 1573 611 1630 quae
625 1555 722 1612 anima
735 1557 836 1631 utique
848 1552 976 1610 humana
989 1561 1048 1624 cst,
1061 1561 1094 1608 ut
1108 1571 1171 1608 eam
1183 1572 1249 1608 eon-

227 1641 448 1697 cubstantialem
460 1647 598 1712 paternae
612 1639 656 1694 illi
666 1640 768 1709 menti,
782 1656 866 1712 quem
878 1635 936 1694 Dei
944 1636 1051 1694 Filium
1064 1635 1250 1692 confitemini.

225 1725 292 1780 fieri
305 1742 388 1798 posse
403 1717 525 1778 dicatisl
553 1722 630 1789 Quid
643 1739 714 1798 ergo
727 1719 899 1778 incredibile
913 1729 973 1791 est,
987 1721 1012 1776 si
1025 1721 1123 1794 aliqua
1135 1739 1194 1776 una
1207 1721 1249 1776 in-

226 1809 400 1864 tellectualis
416 1807 512 1862 anima
525 1805 610 1862 modo
624 1803 748 1880 quodam
761 1801 901 1860 ineffabili
916 1813 945 1860 et
958 1804 1100 1882 singulari
1113 1821 1166 1877 pro
1180 1806 1248 1860 mul-

227 1901 326 1948 torum
343 1892 436 1946 salute
452 1898 586 1965 suscepta
603 1883 666 1944 esti
689 1885 799 1962 Corpus
812 1907 884 1944 vero
898 1889 1011 1945 animae
1025 1885 1196 1958 cohaerere,
1220 1897 1250 1942 ut

226 1973 312 2030 homo
325 1983 406 2029 totus
419 1983 448 2030 et
460 1974 562 2047 plenus
577 1973 629 2042 sit,
649 1979 755 2028 natura
769 1980 869 2030 nostra
881 1972 944 2046 ipsa
956 1980 1030 2027 teste
1045 1973 1250 2048 cognoscimus.

228 2056 314 2125 Quod
327 2057 385 2114 nisi
398 2057 620 2112 usitatissimum
631 2064 725 2126 esset,
738 2053 793 2112 hoc
806 2055 936 2130 profecto
950 2063 1027 2110 esset
1039 2054 1251 2110 incredibilius:

227 2142 343 2198 facilius
356 2141 461 2215 quippe
474 2139 506 2194 in
519 2138 605 2194 fidem
618 2137 815 2213 recipiendum
829 2148 888 2210 est,
909 2140 964 2195 etsi
977 2136 1133 2194 humanum
1144 2137 1252 2208 divino,

229 2227 283 2280 etsi
295 2223 462 2280 mutabilem
474 2222 719 2293 incommutabili,
743 2231 840 2278 tamen
854 2223 988 2296 spiritum
1006 2223 1135 2296 spiritui,
1163 2232 1212 2277 aut
1224 2232 1254 2278 ut

227 2307 324 2363 verbis
337 2314 403 2362 uter
417 2322 489 2378 quae
502 2305 534 2358 in
547 2321 602 2359 usu
614 2301 744 2375 habetis,
758 2306 962 2380 incorporeum
974 2307 1159 2379 incorporeo,
1172 2323 1255 2380 quam

229 2405 334 2462 corpus
353 2389 525 2459 incorporeo
545 2383 713 2445 cohaerere.
751 2389 797 2446 An
811 2388 888 2446 forte
901 2407 953 2446 vos
967 2386 1087 2444 offendit
1098 2389 1254 2446 inusitatus

228 2473 357 2547 corporis
369 2480 469 2546 partus
483 2487 520 2526 cx
530 2465 667 2548 virginci
686 2469 787 2546 Neque
797 2471 853 2530 hoc
865 2472 950 2530 debet
962 2469 1119 2542 offendere,
1133 2473 1191 2527 imo
1203 2492 1253 2546 po-

227 2559 286 2614 tius
301 2555 337 2612 ad
353 2556 491 2630 pietatem
510 2553 723 2628 suscipiendam
741 2555 826 2612 debet
842 2555 999 2627 adducere,
1028 2555 1103 2630 quod
1115 2557 1255 2614 mirabilis

227 2640 400 2697 mirabiliter
413 2648 501 2696 natus
515 2647 569 2694 est.
603 2637 650 2694 An
663 2657 733 2695 vero
747 2639 823 2714 quod
835 2642 928 2714 ipsum
941 2657 1046 2714 corpus
1059 2649 1153 2694 morte
1168 2638 1256 2714 depo-

228 2727 334 2796 situm,
352 2733 382 2779 et
395 2725 426 2780 in
439 2725 542 2778 melius
555 2723 771 2778 resurrectione
784 2732 942 2792 mutatum,
955 2725 1013 2778 iam
1025 2724 1255 2797 incorruptibile,

228 2827 323 2883 neque
336 2809 457 2862 mortale
471 2807 502 2860 in
517 2823 643 2878 superna
654 2801 806 2861 subvexitl
825 2803 889 2861 l·loe
901 2805 1026 2862 fortasse
1037 2805 1157 2862 credere
1169 2825 1256 2864 recu-

115 2894 125 2909 '
229 2893 312 2960 satis,
327 2892 475 2946 intuentes
489 2886 684 2962 Porphyrium
697 2889 729 2944 in
741 2886 786 2944 his
800 2889 870 2964 ipsis
884 2889 984 2960 libris,
997 2907 1035 2944 cx
1048 2889 1151 2964 quibua
1165 2893 1258 2947 multa

228 2974 326 3048 porui3
340 2989 411 3046 quos
426 2971 460 3025 de
470 2988 609 3047 regressu
623 2972 737 3027 animae
751 2973 878 3046 scripsit,
891 2982 951 3029 tam
964 2973 1065 3029 crebro
1078 2976 1257 3048 praecipere,

229 3075 314 3114 omne
330 3072 433 3127 eorpus
448 3072 512 3110 esse
525 3052 710 3131 fugiendum,
735 3065 767 3112 ut
780 3058 876 3112 anima
886 3059 978 3131 possit
989 3055 1074 3112 beata
1085 3074 1257 3130 permanere

230 3153 295 3196 cum
307 3137 380 3194 Deo.
416 3135 475 3194 Sed
488 3139 550 3211 ipse
562 3138 657 3212 potius
670 3139 726 3194 ista
739 3141 868 3196 sentiens
883 3139 1072 3218 corrigendae
1086 3140 1157 3211 fuit,
1172 3159 1257 3216 prac-

230 3222 331 3280 sertim
344 3239 411 3276 cum
423 3219 459 3276 de
471 3222 568 3277 anima
581 3221 682 3278 mundi
694 3220 779 3279 huius
793 3223 917 3280 visibilis
931 3233 961 3280 et
973 3233 1033 3280 tam
1045 3225 1176 3302 ingentis
1190 3244 1257 3281 cor-

228 3324 334 3381 poreae
347 3305 449 3376 molis,
463 3323 528 3361 cum
538 3306 657 3362 illatam
670 3307 853 3364 incredibilia
865 3307 993 3380 sapiatis.
1016 3306 1138 3363 Platone
1152 3310 1259 3384 quippe

229 3399 365 3460 auctore,
392 3390 499 3446 annual
512 3407 576 3446 erse
590 3389 685 3446 dicitis
698 3390 853 3461 mundum,
882 3399 912 3445 et
924 3392 1031 3447 annual
1048 3391 1258 3462 beatissimum,

229 3473 306 3550 quod
322 3473 412 3530 vultis
433 3491 498 3528 esse
518 3475 606 3528 etiam
624 3475 839 3547 sempiternum.
861 3504 868 3518 =
883 3473 1032 3539 Quomodo
1047 3493 1117 3552 ergo
1131 3493 1188 3532 nce
1202 3495 1258 3533 un-

229 3577 313 3634 quam
327 3559 456 3614 solvetur
469 3575 486 3612 a
500 3575 634 3630 corpore,
662 3575 857 3631 necunquam
879 3558 989 3614 carebit
1007 3557 1206 3633 beatitudine,
1234 3561 1258 3613 si

227 3651 260 3698 ut
273 3643 370 3698 anima
381 3641 465 3696 beata
478 3641 527 3710 sit,
542 3658 647 3713 corpus
662 3648 706 3693 est
719 3659 803 3696 omne
816 3637 1005 3718 fugiendumi
1029 3639 1128 3698 Solem
1141 3661 1259 3719 quoque

227 3727 316 3780 istum
340 3734 370 3779 et
393 3732 509 3780 caetera
530 3722 641 3792 sidera,
667 3740 727 3778 non
746 3725 838 3780 solum
855 3726 886 3780 in
905 3724 987 3780 libris
1007 3727 1112 3782 vestris
1133 3745 1259 3801 corpora

229 3824 293 3878 esse
316 3806 469 3878 fatemini,
493 3805 570 3882 quod
594 3805 740 3864 vobiscum
763 3825 862 3864 omnes
885 3804 1017 3866 homines
1036 3819 1065 3865 et
1085 3812 1258 3886 conspicere
