2592 4396
223 190 284 244 376
454 178 552 238 DlVl
578 173 766 234 avltELII
786 171 1035 232 AVGVSTINI

224 334 453 411 conlprehendit,
479 340 513 388 ut
529 345 718 406 quaecunque
735 344 811 382 nova
825 333 855 380 et
867 325 1020 381 dissimilia
1038 331 1253 402 consequentia

222 417 460 496 praecedentibus
475 417 501 470 si
513 431 624 487 semper
637 411 733 466 facere
745 412 848 479 vellet,
866 408 1032 465 inordinata
1045 419 1074 466 et
1085 411 1254 484 impiavisa

221 502 325 558 habere
340 519 399 558 non
413 507 524 574 posset3
537 515 590 552 nec
605 513 638 550 ea
649 493 831 570 praevideret
844 511 882 548 ex
894 495 1025 569 proximo
1038 503 1181 570 tompore,
1196 496 1252 552 sed

222 595 341 642 aeterna
354 583 548 660 praescientia
560 579 732 635 contineret.

602 729 722 787 CAP.
764 727 876 786 XIX.

548 825 591 879 De
611 827 723 880 succulis
742 827 914 877 saeculorum.

285 918 367 986 Quod
381 929 479 976 utrum
491 919 533 974 ita
545 917 647 988 faciat,
668 925 697 972 et
711 917 881 972 continuata
894 917 948 973 sibi
961 917 1146 972 connexione
1161 937 1254 992 copu-

221 1007 337 1074 lentur,
351 1021 423 1078 quae
437 1003 615 1076 appellantur
629 1002 745 1056 saecula
759 1002 955 1072 saeculorum,
978 1001 1035 1056 alia
1048 1009 1148 1056 tamen
1166 1010 1256 1076 atque

223 1090 281 1144 alia
294 1085 429 1142 ordinata
442 1085 676 1141 dissimilitudine
694 1085 914 1159 procurrentia,
938 1085 979 1139 eis
994 1083 1137 1140 duntaxat
1150 1087 1204 1160 qui
1218 1104 1257 1140 ex

221 1171 340 1227 miserie
357 1171 517 1226 liberantur
534 1171 566 1224 in
584 1187 636 1225 sua
649 1167 734 1223 beata
746 1167 962 1224 immortalitate
975 1169 1039 1223 sine
1051 1167 1116 1223 fine¹
1126 1186 1256 1226 manen-

222 1254 317 1325 tibus;
339 1273 377 1310 an
389 1256 430 1310 ita
444 1252 581 1308 dicantur
592 1253 708 1308 saecula
720 1252 911 1322 saeculorum,
924 1261 958 1307 ut
969 1251 1173 1328 intelligantur
1186 1270 1258 1308 sae-

224 1339 290 1394 cula
307 1339 338 1393 in
352 1338 495 1412 sapientia
507 1335 564 1392 Dei
577 1338 751 1392 inconcussa
764 1333 923 1390 stabilitate
936 1337 1101 1406 manentia,
1126 1337 1259 1392 istorum

223 1439 380 1496 quaecum
402 1430 531 1494 ternpore
548 1428 702 1476 transeunt
719 1427 857 1492 tauquam
881 1417 1033 1493 efficientia
1055 1420 1258 1490 saeculorum,

145 1571 146 1578 ἵ
223 1503 345 1559 definire
358 1522 416 1560 non
430 1502 531 1559 audeo,
571 1503 719 1559 Fortassis
734 1503 812 1557 enim
825 1505 917 1576 possit
929 1501 988 1558 dici
1001 1499 1166 1574 saeculum,
1181 1521 1259 1578 quae

223 1595 291 1642 sunt
304 1589 435 1658 saecula3
456 1595 489 1641 ut
501 1583 574 1642 nihil
588 1585 666 1641 aliud
677 1583 861 1660 perhibeatur
874 1588 1019 1641 sacculum
1032 1587 1153 1656 saeculi,
1169 1605 1260 1662 quam

224 1671 340 1724 saecula
354 1671 547 1726 saeculorum:
561 1671 638 1725 sicut
650 1668 723 1724 nibil
735 1667 814 1724 aliud
826 1667 931 1725 dicitur
945 1671 1056 1726 eoelum
1068 1671 1156 1742 coeli,
1170 1689 1259 1746 quarn

224 1754 299 1809 coeli
312 1754 467 1808 coelorum.
505 1751 580 1809 Nam
593 1753 705 1808 coelum
717 1751 797 1809 Deus
810 1753 1156 1810 vocavitfirmameutum
1169 1773 1260 1830 super

223 1834 299 1910 quod
311 1845 381 1891 sunt
392 1852 498 1911 aquae3
525 1846 555 1892 et
567 1846 664 1892 tamen
676 1835 826 1908 Psalmus,
851 1835 894 1894 Et
907 1855 1019 1914 aquae,
1042 1838 1158 1910 iuquit,
1183 1858 1260 1916 quae

223 1935 314 1996 super
328 1919 421 1976 coeloe
435 1931 520 1992 aunt,
534 1920 655 1977 laudent
667 1939 768 1978 momen
781 1917 910 1977 Domini.
955 1920 1030 1988 Quid
1043 1937 1115 1997 ergo
1129 1922 1260 1980 istorum
1281 1931 1282 1936 ’

224 2001 345 2058 dirorum
359 2005 408 2073 sit,
422 2023 460 2060 an
472 2013 587 2079 praeter
598 2002 668 2060 haec
682 2004 738 2059 duo
750 2003 860 2078 aliquid
870 2004 950 2061 aliud
963 2005 998 2060 de
1010 2005 1137 2060 saeculis
1154 2024 1260 2063 saecu·

222 2088 319 2142 lorum
340 2089 433 2162 possit
454 2089 595 2166 intelligi,
620 2087 848 2163 profimdissima
861 2089 992 2164 quaestio
1006 2097 1062 2143 est:
1090 2106 1194 2166 neque
1207 2090 1261 2146 hoe

223 2171 302 2244 quod
324 2189 402 2227 nune
424 2173 537 2248 agimus
557 2171 691 2246 impedit,
717 2173 743 2226 si
759 2170 925 2229 indiscussa
944 2173 1061 2228 interim
1083 2169 1261 2245 differatur,

223 2255 286 2308 sive
304 2253 414 2327 aliquid
431 2256 463 2310 in
482 2275 515 2311 ea
533 2255 655 2309 definire
675 2255 841 2327 valeamus,
864 2258 927 2313 sive
940 2273 994 2311 nos
1008 2253 1095 2310 faciat
1108 2261 1262 2315 cautiores

223 2335 393 2413 diligentior
415 2338 477 2411 ipsa
501 2339 654 2409 tractatio,
681 2356 719 2393 ne
731 2339 764 2392 in
777 2347 860 2394 tanta
874 2340 1051 2396 obscuritate
1063 2357 1171 2397 rerum
1185 2342 1262 2398 affir-
1281 2371 1282 2376 κ

222 2439 302 2476 mare
316 2420 426 2496 aliquid
438 2429 547 2477 temere
560 2419 724 2477 audeamus.
767 2419 853 2479 Nune
871 2425 949 2480 enim
966 2431 1068 2479 contra
1081 2425 1262 2496 opinionem

222 2505 420 2580 disputamus,
445 2523 501 2580 qua
514 2507 557 2561 illi
571 2507 739 2561 circumitus
752 2518 943 2579 asseruntur,
957 2507 1060 2582 quibus
1074 2525 1201 2582 semper
1216 2530 1262 2566 ea-

223 2587 286 2644 dam
299 2607 351 2664 per
363 2590 519 2646 intervalla
532 2599 693 2662 temporum
705 2608 825 2646 necesse
844 2609 907 2647 esse
923 2591 1018 2664 repeti
1035 2591 1263 2650 existimantur.

222 2673 374 2738 Quaelibet
392 2681 488 2729 autem
507 2675 623 2729 illarum
643 2676 856 2730 sententiarum
876 2675 911 2730 de
932 2673 1056 2730 saeculis
1070 2679 1265 2734 saeculorum

220 2775 291 2811 vera
304 2758 353 2826 sit,
366 2755 403 2812 ad
416 2755 468 2812 hos
482 2759 651 2812 circumitus
665 2754 739 2812 nihil
750 2759 894 2832 pertinet:
909 2759 1046 2833 quoniam
1059 2758 1122 2814 sive
1138 2763 1263 2817 saecula

220 2841 402 2894 saeculorum
414 2840 484 2910 sint,
499 2857 558 2894 non
573 2838 671 2894 eadem
681 2843 816 2913 repetita,
830 2842 880 2897 sed
891 2843 1014 2896 alterum
1025 2859 1062 2896 ex
1073 2843 1174 2900 altero
1188 2864 1261 2901 con·

221 2923 351 2976 nexione
377 2921 592 2978 ordinatissima
614 2927 829 2996 procurrentia,
855 2924 1263 2984 liberatorumbeatitudine

220 3005 285 3058 sine
300 3005 359 3060 ullo
371 3023 493 3061 recursu
506 3007 689 3063 miseriarum
703 3010 865 3064 certissima
877 3017 1082 3084 permanente,
1097 3011 1175 3066 -sive
1190 3029 1262 3068 sae-

221 3088 288 3142 cula
304 3089 485 3145 saeculorum
497 3097 616 3146 aeterna
630 3092 690 3147 sint
702 3095 904 3166 temporalium
917 3101 1056 3168 tanquam
1070 3091 1262 3152 dominantia

220 3169 417 3244 subditorum,
445 3175 612 3230 circumitus
632 3177 675 3230 illi
694 3175 794 3231 eadem
807 3179 992 3234 revolventes
1013 3178 1111 3233 locum
1125 3197 1193 3236 uou
1205 3178 1261 3236 ha-

219 3253 300 3326 bent,
314 3273 386 3330 quos
399 3260 525 3315 maxime
537 3258 644 3315 refellit
657 3267 777 3316 aeterna
789 3262 851 3318 vita
864 3269 1041 3317 sanctorum.

606 3411 727 3469 CAP.
769 3410 856 3470 XX.

217 3501 261 3555 De
271 3502 410 3572 impietate
426 3523 516 3560 eorum
530 3507 728 3576 quiescerent,
747 3511 851 3564 animas
866 3525 1126 3578 commoveratque
1139 3511 1261 3566 beatitu-

218 3572 288 3624 dinis
294 3576 445 3644 participes
455 3578 554 3629 iterum
564 3586 645 3646 atquc
655 3578 755 3631 iterum
762 3597 813 3648 per
822 3581 980 3632 circumitus
990 3590 1143 3649 temporum
1153 3585 1196 3635 ad
1205 3600 1262 3636 eas·
1281 3629 1282 3660 ,

474 3648 531 3699 dem
540 3647 661 3699 rniseriut
675 3648 829 3719 laboresque
842 3651 989 3703 rediturae.
1281 3667 1282 3742 p

284 3748 412 3814 Quorum
425 3754 504 3808 enim
517 3772 602 3810 aures
614 3756 728 3828 piorum
746 3757 858 3830 ferant,
885 3767 952 3833 post
965 3744 1111 3814 ernensam
1124 3767 1176 3816 tot
1191 3771 1262 3818 tan-
1281 3747 1282 3840 i

219 3832 315 3907 tisque
329 3835 541 3894 calamitatibus
553 3839 655 3910 vitam,
669 3834 682 3902 i
684 3841 710 3898 si
720 3849 817 3900 tamen
829 3843 887 3900 ista
897 3844 958 3900 vita
968 3839 1090 3900 dicenda
1103 3853 1163 3916 est,
1179 3864 1263 3922 quae
