2510 4404
222 197 281 255 348
413 252 415 256 ,
449 191 548 250 u1v1
568 189 760 250 AVRELll
780 187 1033 249 AVGVSTlNl

221 380 273 420 nas
285 362 380 417 nullas
393 359 506 416 futuras
520 361 667 435 opinetur,
680 360 738 414 nisi
748 365 817 414 ante
826 357 899 414 illud
907 359 1039 416 altimum
1052 361 1234 417 tremendum

221 465 276 521 que
288 443 433 500 iudicium.
477 441 666 518 Nequaquam
678 451 776 498 tamen
789 441 953 518 negandum
966 451 1030 512 est,
1057 445 1150 499 etiam
1161 446 1235 518 ipsun

220 537 372 584 aeternum
390 527 490 604 ignem
509 543 561 600 pro
579 525 754 582 diversitate
776 526 944 581 meritorum
963 527 1097 600 quamvis
1110 529 1236 583 maloron

220 612 286 668 aliis
297 611 452 681 leviorem,
466 609 531 666 aliis
544 607 675 666 futurum
689 626 753 664 esse
765 609 945 686 graviorem,
966 610 1029 666 sive
1042 611 1140 684 ipsius
1153 611 1196 666 vis
1206 623 1238 666 at-

221 713 276 772 que
289 693 376 752 ardor
387 710 440 768 pro
452 709 548 766 poena
560 692 650 770 digna
665 693 806 767 cuiusque
819 693 964 762 varietur,
991 695 1055 749 sive
1069 695 1136 768 ipse
1149 712 1238 768 aeqss·

221 779 288 836 liter
302 777 416 848 ardeat,
429 775 481 832 sed
494 795 555 832 non
568 777 682 850 aequali
694 776 827 832 molestia
840 777 991 832 sentiatur.

590 923 711 984 cAP.
754 923 885 982 XVII.

271 1023 314 1077 De
325 1023 366 1076 bis
376 1023 423 1094 qui
430 1031 544 1092 putant,
559 1025 692 1078 nouorum
701 1021 835 1076 bornicum
846 1025 983 1092 poenaria
993 1033 1139 1078 aeternam
1148 1042 1200 1079 esse

661 1109 810 1145 mamma&

282 1183 367 1242 Nunc
387 1186 445 1240 iam
463 1201 528 1241 cum
541 1183 775 1240 misericordibus
792 1184 901 1241 nornis
916 1183 1064 1262 agendum
1078 1203 1145 1241 esse
1157 1185 1239 1254 video,

221 1277 251 1326 et
262 1268 382 1346 pacifice
395 1266 619 1344 disputandum,
643 1268 692 1342 qui
705 1268 753 1322 vel
766 1267 898 1324 omuibus
913 1267 971 1322 illis
983 1265 1169 1342 hominibus,
1182 1289 1239 1344 quos

221 1353 401 1409 iustissimus
417 1349 508 1408 ludex
522 1350 627 1429 dignos
641 1347 792 1428 gehennae
805 1351 945 1426 supplicio
957 1349 1115 1423 indicabit,
1129 1355 1177 1410 vel
1189 1355 1238 1428 qui—

220 1435 342 1493 busdam
362 1453 463 1492 eorum
480 1437 585 1492 nolunt
603 1433 721 1490 eredere
743 1453 867 1509 poenam
885 1434 1096 1508 sempiternam
1114 1435 1238 1504 futuroru,

221 1519 272 1576 sed
290 1528 357 1594 post
374 1519 447 1576 certi
466 1519 604 1593 temporis
622 1526 713 1573 metas
731 1536 784 1592 pro
799 1519 938 1592 cuiusque
951 1519 1068 1590 peceati
1090 1522 1239 1594 quantitate

220 1603 365 1680 longioris
378 1603 440 1658 sive
453 1601 595 1658 brevioris
610 1619 660 1656 eos
674 1600 742 1656 inde
761 1602 930 1658 existimant
940 1601 1122 1658 liberandos.
1147 1604 1239 1670 Quat·

220 1705 252 1742 re
264 1684 478 1741 misericordior
494 1683 624 1759 profecto
641 1681 698 1740 fuit
711 1683 868 1764 Origines,
892 1685 985 1760 quiet
998 1685 1097 1760 ipsum
1110 1685 1239 1744 diaboluu

222 1778 308 1844 atque
322 1769 444 1845 angelos
454 1767 517 1822 eius
530 1775 598 1841 post
608 1768 747 1845 graviora
759 1788 812 1844 pro
824 1769 936 1824 meritis
947 1777 977 1824 et
986 1766 1177 1826 diuturniora
1185 1789 1240 1843 snp-

219 1853 307 1927 plicia
320 1851 429 1905 axillis
444 1850 619 1905 cruciatibus
633 1851 778 1908 eruendos
792 1861 877 1928 atque
894 1851 1048 1908 sociandos
1068 1855 1180 1910 sanetis
1190 1853 1240 1910 An·

221 1935 295 2014 gelis
308 1933 438 1990 credidit.
453 1931 512 1990 Sed
525 1935 605 1990 illum
615 1943 645 1989 et
654 1943 774 2009 propter
783 1933 848 2006 hoc,
861 1943 891 1992 ct
899 1943 1017 2010 propter
1028 1937 1090 1994 alia
1102 1938 1242 2004 nonnulla,

171 2071 173 2075 .
221 2028 251 2075 et
262 2019 388 2074 maxime
397 2025 516 2092 propter
526 2019 706 2076 alternantes
713 2019 778 2076 sine
790 2019 951 2079 cessatione
957 2018 1241 2078 beatitudinesetmi·

221 2104 324 2174 serios,
338 2109 368 2158 et
373 2103 491 2158 tatutis
498 2099 683 2158 'saeculorum
693 2103 856 2160 intervallis
866 2101 900 2158 ab
909 2103 973 2158 istis
987 2101 1110 2177 adillas,
1118 2101 1240 2181 atquesl

220 2188 279 2242 illis
290 2185 326 2242 ad
337 2187 408 2242 istas
421 2186 482 2241 itus
495 2203 530 2242 ac
542 2185 654 2242 reditus
665 2185 906 2258 interminabiles,
921 2205 982 2244 uon
990 2187 1142 2245 immerito
1153 2205 1241 2266 repro·

220 2270 301 2326 bavit
312 2269 460 2325 Ecclesia:
494 2270 562 2344 quia
581 2279 610 2324 et
627 2267 682 2326 hoc
702 2267 777 2346 quod
793 2269 960 2328 misericors
972 2268 1132 2329 ridebatur
1143 2273 1240 2340 omisit,

220 2351 355 2409 faciendo
369 2353 478 2408 eunctis
492 2371 577 2410 veras
590 2354 722 2410 miserias
736 2353 838 2428 quibus
855 2371 962 2428 poenas
975 2355 1109 2428 luerent,
1124 2365 1155 2412 et
1166 2355 1241 2414 falsas

220 2434 438 2494 beatitudines
430 2454 462 2491 ιιι
474 2436 578 2511 quibus
592 2455 693 2492 verum
705 2455 739 2492 ac
752 2452 901 2508 securum,
919 2435 976 2496 hoc
990 2447 1052 2509 est,
1068 2440 1137 2496 sine
1150 2441 1241 2498 timore

221 2528 333 2576 eertum
347 2520 516 2594 sempiterni
530 2519 599 2578 boni
613 2519 754 2598 gaudium
766 2538 827 2576 non
840 2518 989 2578 haberent.
1035 2520 1144 2602 Longe
1157 2533 1239 2580 auten

220 2605 328 2660 aliter
319 2613 444 2660 satorum
456 2589 656 2661 misericordia
669 2601 794 2660 humano
809 2614 888 2660 errat
901 2601 1022 2678 affectu,
1037 2624 1090 2704 qur
1080 2605 1238 2664 homiuuu

220 2690 270 2744 illo
283 2687 391 2744 iudicio
406 2685 608 2744 damnatorum
621 2689 752 2744 miserias
766 2689 955 2762 temporales,
973 2691 1105 2746 omnium
1118 2689 1190 2748 ver'o
1203 2689 1239 2764 qui

219 2773 267 2828 vel
280 2773 367 2828 eitius
380 2773 430 2827 vel
442 2769 555 2827 tardius
568 2771 746 2842 liberantur,
771 2779 920 2828 aeternam
942 2771 1114 2830 felicitatem
1139 2783 1237 2850 putant

220 2855 301 2922 Quae
321 2855 469 2912 sententia
488 2855 515 2909 si
532 2864 688 2929 propterea
705 2854 782 2911 bona
803 2863 832 2912 et
849 2873 918 2912 vera
932 2857 1001 2930 quia
1014 2857 1184 2914 misericors
1197 2867 1239 2922 ert,

219 2946 300 2994 tanto
316 2939 372 2992 erit
384 2937 489 2992 melior
502 2949 532 2992 et
543 2940 643 2994 verior
656 2948 765 3013 quanto
777 2937 995 2996 misericordior
1007 2939 1109 2996 fuerit.
1138 2941 1238 2998 Exten-

221 3019 307 3075 datur
329 3037 399 3097 ergo
418 3037 453 3090 ac
470 3019 664 3093 profundatur
681 3022 748 3078 lons
766 3019 853 3078 huius
870 3022 1091 3080 misericordiae
1109 3021 1239 3101 usquead

221 3103 370 3158 damnatos
384 3103 524 3181 angelos,
550 3105 653 3160 saltem
665 3115 732 3180 post
744 3107 833 3162 multa
846 3116 933 3182 atque
944 3107 1062 3181 prolixa
1076 3109 1238 3184 quantumli-

219 3186 268 3242 bet
287 3188 401 3242 eaecula
420 3185 594 3244 liberandos.
639 3187 698 3246 Cur
710 3207 801 3264 usque
814 3187 850 3247 ad
863 3191 1030 3246 universam
1043 3201 1179 3248 naturam
1191 3209 1238 3246 na·

221 3279 271 3328 nat
284 3267 458 3342 humanam,
473 3281 502 3327 et
515 3289 603 3347 quum
616 3271 652 3328 ad
665 3275 960 3351 angelicamventum
973 3274 1082 3346 fuerit,
1109 3295 1177 3333 mox
1188 3293 1237 3330 are

219 3351 296 3412 sciti
325 3353 391 3412 Nou
412 3354 521 3412 audent
540 3365 639 3412 tamen
660 3375 692 3412 se
709 3358 833 3412 ulterius
846 3356 1012 3413 miserando
1028 3361 1198 3437 porrigere,
1218 3371 1237 3410 et

219 3438 254 3496 ad
267 3439 468 3494 liberationem
482 3440 574 3512 ipsius
588 3458 700 3516 quoque
713 3437 820 3496 diaboli
831 3441 993 3514 pervenire
1038 3441 1150 3499 Verum
1162 3446 1186 3498 si
1198 3443 1236 3496 ali·

219 3524 284 3598 quis
299 3521 402 3593 audet,
416 3523 511 3578 vineit
522 3536 625 3597 nempe
638 3525 721 3594 istos,
736 3533 766 3579 et
779 3533 877 3580 tamen
890 3532 972 3580 tanto
988 3526 1146 3584 iuvenitur
1157 3541 1235 3582 errare

219 3605 393 3676 deformius,
420 3615 449 3660 et
469 3615 570 3662 contra
589 3617 669 3664 recta
682 3605 741 3664 Dei
758 3608 847 3672 verba
864 3609 1049 3682 perversius,
1077 3603 1233 3687 quantodbi

219 3686 332 3744 videtur
346 3689 455 3746 sentire
469 3690 650 3746 clementius
