2586 4396
215 225 276 280 ‘226
442 216 541 278 DiVl
567 213 753 274 AVRELll
773 211 1026 272 AVGVSTlNl

215 373 311 447 cellit,
333 373 436 444 idest,
459 389 550 433 uuum
563 385 665 428 verum
678 368 818 443 optimum
831 365 937 439 Deum,
951 366 1085 442 sineque
1099 367 1182 426 nulla
1199 389 1264 428 na-

215 468 280 515 tura
293 456 437 528 subsistit,
451 457 531 513 nulla
544 452 679 512 doctrina
691 451 821 523 iustruit,
835 451 932 507 nullus
944 467 1015 506 usus
1029 451 1162 526 expedit:
1187 455 1268 530 ipse

216 549 384 618 quaeratur,
397 539 447 596 ubi
460 539 545 597 nobis
558 553 662 594 secura
674 543 744 592 sunt
753 535 869 606 omnis,
889 535 954 607 ipse
967 543 1116 607 cernatur,
1129 536 1183 592 ubi
1199 556 1267 594 no-

214 624 265 682 bis.
274 632 355 681 certa
368 633 439 681 sunt
451 621 565 693 omuia3
577 621 640 696 ipse
653 618 803 698 diligatur,
816 617 867 674 ubi
875 617 1054 675 nobisrecta
1063 627 1132 675 sunt
1141 623 1269 680 omnia.

637 787 756 846 GAP.
799 783 832 842 V.
878 807 880 812 ·
990 833 992 838 .

217 889 295 955 Quod
303 890 334 942 de
344 885 480 957 theologia
489 901 549 938 cum
559 885 712 939 Platonicis
719 882 889 954 potissimam
903 882 1104 952 disceptandum
1117 883 1171 948 sit,
1195 901 1272 954 quo-

254 975 315 1012 rum
325 957 445 1027 opinioni
455 955 570 1009 omnium
576 955 794 1024 pbilosophorum
800 955 983 1023 postponenda
999 953 1055 1007 sint
1069 955 1219 1024 dogmata.

280 1045 315 1106 Si
327 1067 399 1126 ergo
411 1047 502 1120 Plato
508 1043 567 1104 Dei
578 1044 665 1103 huius
678 1045 864 1118 imitatorem,
885 1045 1079 1122 cognitorem,
1092 1051 1272 1104 amatorem

219 1133 295 1190 dixit
308 1149 373 1210 esse
387 1131 558 1207 sapientem,
573 1132 657 1187 cuins
669 1129 894 1204 participatione
907 1129 946 1184 sit
957 1127 1075 1198 beatius,
1096 1125 1171 1202 quid
1185 1147 1272 1205 opus

219 1226 265 1274 est
277 1224 417 1274 excutere
430 1209 582 1272 caeterosl
603 1213 684 1271 Nulli
697 1211 793 1284 uobis,
808 1229 896 1289 quam
907 1211 969 1282 isti,
987 1212 1106 1286 propius
1119 1227 1272 1270 accesse-

218 1307 297 1357 runt.
315 1297 407 1357 Cedat
419 1299 461 1354 eis
474 1298 566 1376 igitur
579 1316 640 1354 non
653 1298 749 1372 scium
763 1294 911 1374 theologia
924 1295 974 1350 illa
987 1293 1119 1350 fabulosa
1130 1293 1274 1354 deorum

218 1381 390 1442 criminibus
404 1382 553 1439 oblectans
568 1384 681 1440 animos
694 1380 861 1456 impiorum3
875 1399 930 1436 nec
943 1379 1037 1434 solum
1048 1379 1134 1434 etiam
1145 1379 1205 1434 illa
1222 1383 1274 1438 ci-

219 1469 305 1539 vilis,
317 1467 370 1522 ubi
381 1466 489 1540 impuri
502 1465 657 1520 daemones
671 1463 860 1521 terrestribus
874 1461 989 1542 gaudiis
1003 1460 1274 1537 deditospopulos

219 1551 342 1608 deorum
354 1549 474 1606 nomine
487 1546 677 1619 seducentes,
691 1545 832 1602 humanos
846 1563 960 1604 errores
973 1554 1111 1620 tauquam
1124 1563 1204 1603 suos
1222 1548 1274 1606 di-

218 1636 305 1693 vinos
316 1631 444 1689 honores
456 1629 564 1687 habere
576 1632 749 1700 voluerunt,
775 1629 812 1685 ad
829 1628 1002 1704 spectandos
1020 1647 1141 1686 suenum
1156 1632 1274 1690 crimi-

219 1737 290 1778 uum
309 1715 394 1774 ludos
414 1717 542 1786 cultores
562 1732 632 1772 suos
652 1721 789 1788 tanquam
802 1711 840 1770 ad
855 1731 941 1770 suum
955 1713 1063 1768 cultum
1077 1711 1191 1770 studiis
1208 1719 1274 1773 im-

219 1799 419 1866 mundissimis
442 1799 617 1870 excitantes,
641 1805 671 1854 et
694 1795 750 1852 sibi
775 1795 1006 1853 delectabiliores
1024 1793 1106 1852 ludos
1125 1795 1168 1853 de
1188 1801 1274 1876 ipsis

219 1883 431 1962 spectatoribus
445 1879 631 1939 exhibentes:
658 1879 710 1937 ubi
722 1880 749 1934 si
763 1897 820 1956 qua
832 1881 914 1938 velut
925 1878 1050 1936 honesta
1062 1890 1223 1958 geruntur
1238 1887 1276 1942 in

219 1969 350 2045 templis,
375 1967 532 2024 coniuncta
545 1965 601 2021 sibi
613 1963 795 2023 theatrorum
808 1963 1009 2020 obscoenitate
1021 1973 1206 2040 turpantur3
1241 1979 1276 2026 et

219 2068 410 2130 quaecunque
419 2050 519 2124 'turpia
531 2057 679 2127 geruntur
690 2050 723 2105 in
736 2046 868 2120 theatris,
882 2056 1046 2122 comparata
1060 2046 1116 2103 sibi
1128 2053 1276 2128 templo-

219 2155 287 2194 rum
298 2134 438 2192 l'ocditate
452 2132 618 2190 laudantur.
640 2131 680 2188 Et
693 2149 727 2188 ea
740 2149 813 2208 quac
826 2129 919 2189 Varro
933 2149 970 2187 ex
983 2129 1028 2187 his
1043 2132 1157 2206 sacris,
1179 2139 1278 2212 quasi

219 2219 256 2277 ad
276 2219 388 2275 coelum
408 2225 437 2273 et
452 2225 563 2272 terram
580 2233 736 2291 rerumque
753 2217 920 2272 mortalium
938 2217 1051 2271 semina
1066 2223 1097 2272 ct
1109 2226 1205 2276 actus
1222 2223 1277 2278 in-

220 2309 396 2379 terpretatus
418 2308 478 2372 cst,
500 2301 569 2375 quia
588 2319 644 2358 nec
656 2301 721 2374 ipsa
737 2300 796 2356 illis
815 2299 920 2356 ritibus
940 2298 1163 2378 significantur,
1189 2321 1278 2379 quae

219 2387 282 2460 ipse
295 2385 448 2442 insinuare
462 2391 600 2458 conatur3
618 2393 648 2440 et
663 2381 730 2440 ideo
743 2384 852 2441 veritas
866 2392 1020 2441 conantem
1032 2402 1093 2439 nou
1107 2389 1278 2461 seqnitur:

220 2479 250 2526 et
262 2471 288 2526 si
300 2470 364 2549 ipsa
377 2479 487 2541 essent,
501 2477 600 2526 tamen
613 2470 727 2526 animae
739 2467 877 2525 rationali
886 2487 921 2525 aa
930 2483 1004 2544 quae
1016 2465 1094 2522 infra
1105 2467 1199 2526 illam
1215 2492 1279 2530 m.

218 2563 304 2612 turae
317 2551 421 2623 ordine
435 2554 595 2610 constituta
608 2561 693 2626 sunt,
718 2550 839 2627 prodeo
853 2570 907 2608 suc
926 2549 1048 2607 colenda
1061 2567 1122 2606 non
1138 2568 1279 2631 essent3

219 2633 1281 2714 uecsibipraeferredebuit,tanquamdeos,easres,quibusipsamprae.

218 2723 288 2779 tulit
299 2739 387 2779 verus
400 2720 492 2779 Deus.
519 2720 560 2778 Et
573 2740 608 2778 ea
625 2739 698 2796 quae
711 2719 806 2776 Numa
820 2719 980 2794 Pompilius
993 2737 1026 2774 re
1038 2737 1109 2775 vera
1120 2721 1165 2777 ad
1180 2741 1282 2783 sacra

219 2805 363 2862 eiusmodi
374 2805 555 2880 pertinentia
568 2823 668 2860 secum
681 2803 848 2878 sepeliendo
862 2803 975 2860 curavit
984 2801 1134 2874 abscondi,
1152 2815 1187 2862 et
1200 2824 1283 2868 ara.

217 2898 265 2945 tro
285 2897 369 2944 cruta
387 2895 507 2944 senatus
527 2888 614 2943 iussit
630 2887 759 2944 incendi.
781 2887 816 2944 ln
836 2907 870 2944 eo
884 2905 994 2966 genere
1008 2894 1077 2942 sunt
1090 2887 1189 2946 ctiam
1205 2893 1282 2966 illa,

217 2980 252 3028 ut
263 2969 374 3046 aliquid
388 2969 424 3026 de
437 2969 534 3026 Numa
544 2971 647 3027 mitius
660 2973 849 3046 suspicemur,
864 2987 939 3046 quac
951 2969 1117 3028 Alexander
1131 2971 1283 3036 Macedo

216 3055 320 3110 scribit
333 3053 369 3110 ad
381 3063 514 3125 matram,
529 3054 585 3110 sibi
595 3073 613 3110 a
621 3073 728 3134 magno
739 3057 871 3114 antistite
883 3072 1035 3112 sacrorum
1041 3053 1283 3132 Aegyptiorum

217 3136 341 3213 quodam
354 3135 453 3194 Leone
465 3137 623 3213 patefacta:
636 3139 687 3196 ubi
700 3157 760 3197 uon
773 3137 862 3196 Picus
876 3147 906 3194 et
918 3138 1037 3195 Faunus
1051 3145 1082 3193 ct
1093 3138 1230 3200 Aeneas
1249 3159 1285 3203 et

184 3233 186 3237 '
216 3219 375 3292 Romulus,
400 3223 449 3278 vel
466 3224 554 3289 etiam
572 3221 716 3280 Hercules
737 3232 768 3280 et
779 3223 970 3298 Aesculapius
990 3231 1021 3278 et
1037 3220 1124 3279 Liber
1139 3221 1285 3288 Semele

216 3314 313 3377 uatus,
326 3314 357 3361 et
369 3303 556 3381 Tyndaridae
569 3307 693 3380 fratres,
710 3308 779 3364 etsi
792 3323 864 3383 quos
877 3307 950 3363 alios
964 3323 1002 3362 ex
1015 3305 1200 3365 mortalibus
1218 3331 1285 3388 pro

216 3389 272 3446 diis
285 3388 404 3461 habent,
417 3387 469 3446 sed
481 3391 538 3466 ipsi
550 3393 638 3448 etiam
650 3393 792 3448 maiorum
804 3391 936 3471 gentium
949 3390 1001 3462 dii,
1015 3407 1088 3464 quos
1102 3385 1230 3452 Cicero
1247 3401 1286 3456 in

216 3471 394 3530 Tusculanis
408 3475 504 3531 tacitis
518 3475 684 3532 nominibus
697 3473 814 3551 videtur
825 3475 990 3552 attingere,
1016 3472 1143 3546 Iupiter,
1173 3474 1285 3554 lunc,

216 3555 374 3629 Saturnus,
389 3555 551 3630 Vulcanus,
564 3556 665 3628 Vesta,
679 3558 772 3613 etalii
785 3559 913 3634 plurimi,
932 3575 1004 3634 quos
1017 3553 1111 3612 Varro
1126 3574 1286 3623 conatur

216 3641 253 3697 ad
265 3640 366 3698 mundi
378 3651 475 3716 partos
490 3643 552 3697 sive
572 3642 716 3696 elementa
729 3641 907 3710 transferre,
931 3639 1064 3698 homines
1077 3638 1177 3697 luisse
1195 3663 1286 3721 pro.

216 3724 335 3781 duntur.
350 3724 471 3782 Timent
486 3725 565 3780 enim
577 3732 606 3779 et
617 3725 668 3779 ille
681 3726 764 3800 qussi
777 3726 906 3782 revelata
918 3725 1068 3801 mysteria,
1080 3732 1201 3798 petens
1220 3734 1286 3790 ad.

217 3817 317 3863 monet
335 3807 547 3877 Alexandrum,
573 3815 607 3862 ut
624 3825 689 3863 cum
707 3826 741 3864 ea
759 3809 846 3864 matri
864 3809 1030 3882 conscripta
1042 3809 1289 3892 insinuaverit,

206 3887 339 3950 ttsmmis
364 3889 463 3946 iubeat
486 3892 675 3946 concremari.
710 3889 776 3947 Non
795 3893 888 3948 solum
908 3911 979 3970 ergo
997 3893 1065 3963 ista,
1087 3907 1168 3968 quae
1189 3897 1290 3960 duae
