2510 4404
203 245 264 302 sto
351 305 355 312 ,
424 235 524 295 orsu
550 233 735 293 svnsuu
761 232 1019 292 treverim
1052 201 1063 214 ”

202 393 277 452 nihil
289 393 393 449 melius
408 391 538 448 instituit
549 407 634 464 quam
649 389 779 463 spirinse,
794 387 897 462 quibus
906 388 1148 467 intelligentiam
1159 391 1231 449 dedit.

203 488 233 534 ct
246 496 314 532 errae
329 475 585 547 contemplationis
599 468 708 528 habiles
720 489 894 546 capacesque
907 473 954 526 sui
966 475 1145 547 praestitit,
1164 486 1231 550 atque

203 579 261 618 una
279 561 419 618 socictate
434 557 581 628 devinxit,
595 573 682 632 quam
696 551 825 610 sanctam
839 563 869 610 et
882 573 1042 629 supernam
1056 557 1186 616 dicimus
1196 559 1231 614 Ci-

203 646 336 713 vitatem,
355 645 386 698 in
401 659 458 718 qua
477 659 524 696 res
540 659 600 715 qna
613 647 815 698 sustententur
827 639 962 714 beatique
977 641 1060 711 sint,
1088 641 1176 698 Deus
1187 645 1231 716 ipsc

201 729 258 784 illis
272 735 334 798 est,
348 735 488 801 tanquam
501 723 562 780 vita
576 725 729 798 victosque
744 723 914 784 eommunis.
951 723 1009 789 Qui
1024 725 1161 782 liberum
1173 728 1231 782 arbi-

201 813 288 868 trium
304 809 398 866 cidem
410 808 603 864 intellectuali
617 815 740 866 naturae
753 805 856 864 tribuit
869 807 945 876 tale,
964 816 999 862 ut
1012 809 1041 862 si
1058 811 1154 866 vallet
1167 810 1232 865 dest-

200 903 279 952 reret
293 889 451 972 [deserere]
467 891 578 961 Deum,
605 889 815 948 beatitudinem
835 891 950 946 scilicet
970 908 1078 961 suam,
1107 897 1232 950 continuo

202 979 319 1034 miseria
333 985 411 1032 esset
429 985 576 1032 secutura.
621 975 680 1041 aui
694 992 781 1048 quum
793 974 952 1048 praesciret
964 977 1096 1052 angelos
1111 978 1233 1052 quosdam

201 1080 253 1136 per
270 1061 441 1130 clationem,
465 1077 522 1134 qua
540 1059 597 1133 ipsi
610 1058 667 1116 sibi
681 1057 717 1114 ad
734 1057 847 1115 beatam
865 1059 955 1116 vitam
969 1057 1114 1116 sufficere
1128 1063 1233 1123 vellent,
1253 1065 1254 1122 l

201 1146 276 1202 tanti
289 1144 361 1200 boni
374 1142 539 1202 desertores
559 1143 689 1211 futuros,
713 1159 772 1198 non
787 1143 829 1196 eis
843 1140 949 1198 ademit
961 1139 1042 1200 hanc
1056 1154 1232 1217 potestaten.

201 1229 348 1305 potentius
373 1237 402 1284 et
422 1228 526 1284 molius
550 1245 614 1282 csse
636 1225 767 1285 iudicans
790 1225 878 1284 etiarn
897 1223 932 1280 de
950 1227 1037 1282 usalis
1057 1227 1232 1284 benefacere.

202 1331 287 1389 quam
301 1313 376 1370 mala
390 1329 455 1368 esso
469 1330 528 1371 non
542 1311 649 1368 sinere.
697 1310 779 1375 Quae
800 1309 919 1366 omniuo
936 1309 1016 1366 nulla
1038 1321 1164 1382 essent,
1188 1314 1231 1368 nisi

202 1407 307 1454 natura
320 1395 484 1466 mutabilis,
499 1395 630 1470 quamvis
643 1395 734 1463 bona,
750 1402 779 1448 ct
792 1411 810 1450 a
823 1409 933 1451 summo
945 1391 1009 1450 Deo
1024 1403 1122 1468 atque
1136 1398 1231 1450 incoa-

203 1481 334 1538 mutabili
349 1480 441 1551 bono,
468 1481 518 1554 qui
531 1479 608 1536 bona
622 1479 719 1535 omnia
733 1475 878 1547 condidit,
904 1477 1066 1548 instituta,
1093 1478 1230 1554 peccando

202 1583 236 1620 ea
259 1563 315 1620 sibi
339 1565 403 1638 ipsa
425 1561 552 1618 fecisset.
594 1563 660 1630 Quo
685 1561 772 1618 ctiam
794 1569 913 1634 peccato
938 1578 991 1616 suo
1014 1569 1098 1618 teste
1124 1564 1232 1620 connu-

203 1650 294 1718 citur,
315 1647 422 1703 bonam
436 1645 583 1704 conditam
597 1665 629 1701 sc
643 1663 707 1702 esso
722 1653 864 1702 naturam.
887 1643 951 1700 Nisi
965 1645 1044 1702 enirn
1059 1657 1232 1724 magnumst
1253 1709 1254 1716 ἶ

203 1733 280 1804 ipsa,
307 1731 377 1786 licet
390 1747 450 1787 non
465 1731 587 1804 aequale
601 1727 770 1799 Conditori,
795 1727 901 1784 bonum
918 1737 1010 1798 esset,
1036 1729 1176 1803 profecto
1192 1729 1231 1784 dc·

203 1815 293 1871 sertio
307 1811 366 1870 Dei
383 1823 521 1887 tanquam
539 1814 658 1871 luminis
676 1813 846 1871 animalum
870 1813 932 1870 eius
957 1828 1022 1870 csse
1049 1831 1113 1870 non
1136 1824 1230 1890 posset

203 1897 277 1953 Nam
291 1897 369 1952 sicut
382 1897 509 1952 coecitas
524 1897 602 1952 oculi
614 1896 719 1952 vitium
733 1905 794 1966 cst,
820 1903 850 1950 et
868 1893 944 1950 idem
962 1896 1061 1969 ipsum
1079 1896 1231 1956 indicated
1253 1915 1254 1958 f

203 1983 301 2037 lumen
313 1979 470 2038 videndum
484 1981 599 2036 oculum
614 1999 677 2035 csse
692 1988 838 2050 creatum,
867 1997 900 2034 ac
919 1997 971 2053 per
989 1977 1045 2034 hoc
1064 1983 1156 2037 ctiam
1178 1984 1232 2055 ipso

201 2067 275 2121 vitio
297 2083 350 2122 suo
370 2065 560 2120 excellentius
581 2063 709 2120 ostendit
728 2072 762 2122 ut
782 2063 905 2118 caeteris
924 2063 1062 2118 membris
1076 2065 1230 2120 membrum

204 2167 296 2226 capax
316 2149 451 2219 luminis,
478 2141 558 2228 (non
577 2150 655 2204 enirn
674 2147 730 2204 elia
750 2164 838 2202 causa
851 2155 928 2202 esset
941 2147 1047 2202 vitium
1060 2149 1126 2203 eius
1142 2167 1230 2204 carere

204 2229 344 2310 lunrincz)
358 2235 400 2288 ita
413 2241 518 2289 nature
531 2250 604 2306 quae
618 2231 766 2287 fruebatur
780 2227 862 2300 Deo,
876 2231 1014 2304 optimam
1028 2249 1060 2286 sc
1073 2233 1231 2288 instimtnu

204 2318 288 2374 docet
311 2317 399 2372 etiam
424 2317 487 2391 ipso
510 2316 599 2386 vitio,
627 2333 684 2391 quo
708 2313 773 2370 idco
795 2315 903 2368 misere
920 2323 980 2386 est,
1007 2316 1077 2390 quia
1091 2335 1153 2372 uon
1166 2317 1254 2371 frui-¹

203 2411 250 2456 tur
264 2398 344 2471 Deo;
370 2399 420 2475 qui
440 2417 540 2456 casum
557 2401 730 2478 angelorum
748 2397 944 2453 voluntarium
963 2399 1128 2456 iustissima
1145 2418 1232 2474 poena

203 2484 395 2559 sempiternae
418 2481 599 2539 infelicitatis
622 2483 796 2551 obstrinxit,
823 2488 909 2555 atque
929 2482 961 2536 in
975 2499 1010 2536 co
1032 2499 1149 2539 summo
1163 2484 1231 2538 bono

202 2567 438 2643 permanentibus
459 2568 599 2638 cacteris,
625 2576 660 2622 ut
677 2565 712 2620 dc
731 2583 784 2622 sua
796 2565 861 2620 sina
874 2563 932 2622 fine
945 2569 1155 2640 permansione
1167 2570 1231 2622 certi

204 2659 313 2723 essent,
327 2660 467 2726 tanquam
479 2651 571 2726 ipsius
584 2651 742 2726 praemium
756 2649 968 2723 permansionis
983 2647 1074 2706 dedit.
1099 2653 1157 2718 Qui
1169 2652 1232 2706 iecit
1253 2685 1254 2740 ,

203 2733 349 2792 bominem
361 2737 455 2810 ipsum
469 2736 557 2792 etiam
569 2743 681 2790 rectum
694 2751 759 2791 cum
772 2731 873 2790 eodem
885 2733 976 2789 libero
991 2734 1137 2808 arbitrio,
1148 2745 1232 2792 terrc-
1253 2763 1254 2782 κ

203 2838 274 2876 num
288 2819 403 2894 quidem
415 2820 540 2889 animal,
567 2818 618 2876 scd
631 2819 713 2874 coelo
727 2815 865 2894 dignum,
891 2817 917 2871 si
930 2834 985 2872 sno
999 2816 1176 2875 cohaereret
1187 2838 1231 2874 au·

203 2903 292 2961 ctori:
320 2903 439 2957 miseria
453 2903 605 2973 similiter,
618 2903 645 2958 si
658 2920 725 2960 cum
738 2899 898 2970 desereret,
912 2909 1063 2973 secutura,
1077 2906 1175 2978 qualis
1188 2921 1231 2958 na-

204 2996 287 3040 turae
298 2983 463 3040 huiusmodi
474 2987 654 3042 conveniret.
670 2988 763 3053 Quem
773 2984 908 3043 similiter
914 3003 978 3042 cura
982 2988 1232 3059 praevaricatione

204 3069 276 3144 legis
290 3066 348 3122 Dei
360 3085 412 3140 per
425 3066 483 3122 Dei
496 3067 693 3126 desertionem
705 3076 894 3142 peccaturum
905 3087 970 3126 esse
981 3057 1166 3143 praesciret,
1183 3088 1231 3126 uec

203 3152 245 3206 illi
259 3148 370 3205 ademit-
383 3149 467 3208 liberi
491 3151 605 3208 arbitrii
626 3161 813 3227 potestatem,
840 3152 926 3208 simul
947 3153 1145 3228 praevidens,
1171 3153 1231 3228 quid

203 3235 271 3292 boni
289 3233 325 3291 dc
347 3235 423 3290 melo
445 3245 522 3292 esset
545 3237 609 3310 ipse
627 3237 774 3306 facturus,
801 3233 870 3310 quid
892 3234 930 3290 de
950 3238 1071 3293 mortali
1093 3239 1231 3316 progenie

203 3321 306 3376 nrerito
336 3320 469 3394 iusteque
497 3318 631 3378 damnata
659 3329 773 3378 tantum
800 3319 937 3393 populum
964 3321 1064 3398 gratia
1090 3340 1150 3378 sua
1179 3321 1230 3376 col·

118 3403 119 3408 ’
202 3405 283 3482 figit,
308 3412 341 3459 ut
359 3401 427 3460 inde
445 3405 590 3477 suppleat,
618 3414 648 3460 ct
666 3406 811 3460 instauret
822 3412 932 3476 partem
945 3421 1021 3479 quac
1031 3405 1117 3479 lapsa
1128 3416 1175 3462 est
1186 3423 1228 3459 an

201 3489 349 3565 gelerum3
376 3507 410 3544 ac
428 3489 471 3544 sic
490 3489 540 3542 illa
559 3487 663 3554 dilecta
682 3498 711 3544 et
729 3504 854 3560 superna
871 3485 981 3543 Civitas
1001 3507 1062 3544 non
1084 3489 1228 3546 fraudetur

201 3589 319 3626 suorum
340 3587 461 3628 numero
480 3571 600 3640 civium,
626 3574 697 3646 quin
719 3571 807 3628 etiam
825 3568 956 3626 fortassis
975 3580 1005 3626 et
1018 3572 1163 3630 uberiore
1178 3576 1224 3628 las·

201 3662 287 3708 tetur.

206 3759 209 3766 ·
603 3737 670 3794 CA
693 3737 724 3794 P.
767 3737 815 3794 ll.

389 3814 432 3867 De
442 3826 553 3868 aetem
563 3815 655 3870 Dci'et
669 3817 881 3870 incommutabili
889 3820 1037 3870 eduntote.

261 3893 352 3980 Multa
374 3907 450 3962 enirn
475 3906 548 3962 fiunt
565 3924 582 3962 a
600 3909 682 3963 malis
701 3908 816 3983 quidem
837 3917 938 3964 contra
960 3911 1145 3966 voluntatem
1163 3908 1223 3964 Dei:
