2602 4416
235 223 274 280 36
446 215 543 272 DIVI
572 213 762 274 AVRELII
792 210 1053 270 AVGVSTINI

492 383 494 387 ’
553 365 682 426 CAP.
735 360 946 420 XXXIII.

267 502 279 526 ἥ
326 447 369 501 De
380 447 455 500 vitiis
465 447 661 507 Romanorum,
680 459 745 512 quos
751 443 862 511 patriae
877 444 1058 496 aoacorrexs't
1070 443 1179 496 eccrss‘o.

300 538 326 596 Ο
342 548 456 596 mentes
471 543 613 604 amentes,
636 533 702 608 quis
716 541 762 590 cst
773 531 821 590 hic
836 541 949 604 tantus,
963 551 1025 590 non
1038 551 1133 605 error,
1155 531 1207 589 sed
1219 533 1269 591 iu·

235 641 297 695 ror,
312 633 345 680 ut
358 624 483 679 exitium
492 626 634 688 vestrum,
648 611 739 693 (sicut
749 612 928 694 audivimus)
940 615 1148 694 plangentibus
1160 615 1268 672 Orien-

235 708 343 764 talibus
357 705 491 781 populis,
518 709 548 756 et
565 701 701 757 maximis
717 701 886 758 civitatibus
905 701 938 757 in
954 700 1160 758 remotissimis
1179 701 1269 755 terris

235 791 386 865 publicum
399 789 512 841 luctum
525 801 750 860 moeroremque
761 782 952 857 ducentibus,
979 802 1033 841 vos
1050 781 1166 840 theatra
1177 799 1269 856 quae-

235 873 353 940 reretis,
380 867 546 939 intraretis,
574 867 754 943 impleretis,
769 876 800 924 et
811 869 905 926 multo
919 869 1083 938 insaniora,
1103 883 1192 940 quam
1201 865 1271 921 ,fne-

235 963 303 1010 rant
316 961 414 1022 antea,
432 945 591 1007 faceretisi
617 949 705 1008 Hauc
718 952 885 1008 animorum
897 951 991 1008 labem
1004 969 1039 1006 ac
1051 957 1174 1024 pestem,
1194 947 1273 1004 hanc

236 1034 391 1110 probitatis
406 1031 613 1092 ethonestatis
630 1035 819 1098 eversionem
830 1033 916 1091 vobis
929 1032 1031 1108 Scipio
1046 1035 1097 1088 ille
1110 1032 1273 1102 metuebat,

238 1116 356 1194 quaudo
375 1119 511 1174 construi
530 1115 646 1174 theatra
664 1113 852 1191 prohibebat,
877 1116 994 1192 quando
1013 1116 1101 1173 rebus
1120 1116 1274 1190 prosperis

239 1220 291 1258 vos
305 1201 394 1258 facile
414 1202 563 1276 corrumpi
576 1209 666 1276 atque
679 1200 775 1257 everti
791 1217 879 1273 posse
898 1219 932 1256 ce
971 1199 1053 1271 ebat,
1081 1196 1199 1274 quando
1218 1215 1275 1255 vos

237 1285 272 1342 ab
285 1282 388 1342 hostili
402 1294 517 1342 terrore
531 1301 652 1342 securos
666 1301 732 1340 esse
745 1283 872 1339 nolebat.
886 1218 1020 1358 astque
1038 1283 1117 1339 euim
1133 1281 1277 1338 censebat

194 1400 197 1415 .
237 1370 288 1425 ille
301 1367 419 1426 felicem
435 1386 501 1424 esse
520 1367 731 1442 rempublicam
749 1366 897 1424 stantibus
916 1365 1088 1438 moenibus,
1115 1365 1277 1420 ruentibus

238 1453 380 1510 moribus:
411 1449 484 1521 ¹Sed
501 1452 534 1508 in
551 1451 636 1509 vobis
657 1452 722 1526 plus
737 1450 832 1507 valuit
850 1449 929 1525 quod
946 1448 1103 1507 daemonas
1122 1447 1207 1519 impii
1227 1465 1278 1502 se·

194 1552 199 1576 ¹
238 1534 400 1606 duxerunt,
429 1551 519 1608 quam
531 1531 610 1608 quod
622 1530 757 1591 homines
782 1531 899 1608 providi
923 1538 1150 1607 praecaverunt.
1194 1527 1279 1585 Hinc

240 1615 379 1691 estquod
398 1617 475 1672 mala
493 1633 569 1690 quae
585 1615 701 1688 facitis,
723 1615 807 1672 vobis
828 1616 968 1689 imputari
984 1633 1047 1672 non
1065 1613 1173 1684 vultis;
1199 1615 1280 1668 mals

238 1718 310 1757 vero
325 1717 401 1775 quae
413 1699 560 1773 patimini,
579 1697 757 1756 Christianis
772 1699 954 1772 temporibus
967 1698 1128 1772 imputatis.
1171 1694 1280 1770 Neque

241 1785 320 1839 enim
333 1784 365 1838 in
378 1792 479 1839 vestra
493 1782 653 1838 securitate
666 1790 801 1858 pacatam
812 1782 1038 1856 rempublicam,
1063 1779 1114 1836 sed
1127 1780 1280 1836 luxuriam

240 1866 383 1940 quaeritis
397 1866 581 1940 impunitam,
609 1867 661 1940 qui
675 1865 827 1939 depravati
839 1865 928 1922 rebus
950 1864 1111 1940 prosperis,
1138 1881 1193 1919 nec
1208 1880 1278 1918 cor-

240 1951 299 2026 rigi
315 1949 455 2023 potuistis
474 1947 615 2009 adversis.
658 1947 783 2006 Volebat
799 1967 853 2006 vos
871 1950 921 2005 illc
934 1947 1034 2023 Scipio
1052 1947 1160 2004 terreri
1172 1945 1208 2002 ab
1221 1943 1278 2000 ho-

241 2041 298 2104 ste,
323 2050 362 2088 ne
376 2033 407 2088 in
421 2032 572 2090 luxuriam
584 2030 736 2090 flueretis:
758 2050 812 2090 vos
824 2046 881 2088 nec
895 2032 1018 2088 contriti
1030 2031 1066 2088 ab
1083 2028 1169 2086 haste
1185 2031 1277 2084 luxu·

241 2117 315 2174 riam
325 2117 523 2190 repressistis:
549 2115 721 2192 perdidistis
737 2117 896 2173 utilitatem
909 2115 1103 2185 calamitatis,
1130 2121 1160 2169 et
1172 2113 1277 2168 miser·

242 2201 309 2255 rimi
322 2199 394 2256 iacti
409 2201 491 2272 estis,
515 2207 546 2255 et
556 2201 677 2275 pessimi
688 2199 903 2275 permansistis.

572 2297 595 2356 C
616 2300 642 2356 A
662 2297 695 2356 Ρ.
738 2295 771 2355 Χ
784 2295 890 2356 XXI
903 2296 938 2356 V.

360 2375 405 2430 Da
415 2376 556 2430 clementia
565 2375 631 2444 Dei,
652 2395 721 2449 quaa
742 2375 821 2431 Vrbis
835 2377 970 2432 eacs'ds'am
984 2377 1155 2447 temperavit.

309 2465 347 2522 Et
361 2476 460 2523 tamen
482 2466 561 2542 quod
579 2467 699 2539 visitis,
722 2466 781 2526 Dei
796 2476 858 2539 est,
885 2469 937 2544 qui
955 2467 1039 2525 vobis
1058 2465 1205 2542 parcendo
1225 2465 1277 2520 ad-

241 2559 352 2622 monet,
380 2558 414 2606 ut
427 2550 626 2628 ,corrigamini
645 2549 841 2625 poenitendo:
869 2552 921 2628 qui
938 2549 1022 2608 vobis
1042 2552 1131 2607 ctiam
1148 2551 1278 2627 ingratis

241 2634 399 2710 paraestitit,
427 2641 462 2690 ut
485 2635 534 2689 vel
561 2632 615 2690 sub
644 2636 765 2691 nomine
790 2652 945 2692 servarum
964 2635 1046 2705 cius,
1072 2635 1121 2690 vel
1145 2634 1178 2689 in
1203 2633 1279 2687 locis

242 2716 406 2792 Martyrum
420 2717 484 2773 eius
501 2716 625 2773 hostiles
644 2735 749 2774 manua
770 2717 944 2774 evaderetis.
987 2715 1160 2774 lRomulus
1174 2724 1205 2770 et
1218 2713 1278 2770 Re-

241 2819 305 2855 mus
319 2801 436 2874 asylum
454 2800 647 2855 consstituise
663 2798 873 2874 perhibentur,
900 2819 959 2877 quo
978 2801 1112 2876 quisquis
1132 2799 1278 2875 confuge·

242 2891 299 2951 ret,
326 2881 361 2936 ab
382 2882 462 2936 omni
481 2898 560 2936 noxa
578 2880 653 2937 liber
680 2891 769 2953 esset,
793 2901 904 2961 augere
930 2892 1105 2960 quaerentes
1129 2880 1279 2938 creandae

242 2961 462 3018 multitudinem
484 2963 624 3020 civitatis.
668 2963 836 3023 Mirandum
857 2969 890 3024 in
907 2965 1051 3023 honorem
1061 2964 1172 3023 Christi
1188 2981 1278 3038 prae-

243 3047 334 3101 cessit
347 3047 520 3118 exemplum.
564 3043 630 3102 Hoc
652 3049 874 3106 constituerunt
893 3069 1047 3108 eversores
1066 3047 1171 3119 Vrbis,
1197 3046 1279 3122 quod

241 3129 460 3184 constituerant
472 3137 561 3186 antea
575 3128 755 3189 conditores.
799 3133 878 3200 Quid
891 3142 990 3190 autem
1001 3149 1153 3212 magnum,
1181 3129 1278 3186 sihoc

241 3211 378 3268 iecerunt
398 3211 453 3282 illi,
479 3221 514 3268 ut
537 3214 647 3270 civium
668 3232 791 3272 suorum
815 3235 955 3274 numerus
970 3218 1171 3292 suppleretur,
1199 3212 1280 3289 quod

241 3293 378 3350 lecerunt
390 3295 458 3365 isti,
484 3305 518 3352 ut
532 3314 654 3354 suorum
666 3296 798 3356 hostium
810 3301 1009 3357 numerositas
1023 3293 1215 3356 servaretur?

903 3380 935 3459 <a
948 3383 989 3440 a.
1004 3380 1088 3439 err.
1104 3377 1278 3449 xxxta.)

581 3480 708 3538 clu
759 3481 930 3539 xxxu

243 3556 283 3608 lie
297 3557 444 3610 latentibus
459 3559 532 3612 inter
545 3560 642 3628 inspius
655 3561 795 3614 Ecclesiae
802 3562 889 3631 filiis,
908 3571 936 3613 et
951 3562 1077 3633 defaltis
1090 3561 1167 3614 intra
1184 3560 1278 3612 Eccle-

625 3630 693 3682 ss'am
713 3628 886 3684 Christianis.

302 3697 384 3755 Haec
399 3703 529 3773 attalia,
556 3703 583 3758 si
596 3701 785 3778 quauberius
805 3712 836 3759 et
853 3701 1035 3760 commodius
1053 3705 1202 3780 potuerit,
1231 3721 1280 3759 re·

239 3781 382 3855 spondeat
401 3785 529 3842 inimicis
550 3787 612 3840 suis
637 3783 787 3859 redempta
810 3785 922 3842 familia
944 3785 1067 3844 Domini
1086 3785 1216 3858 Christi,
1250 3795 1280 3842 et

236 3867 397 3944 peregrina
417 3870 521 3923 civitas
541 3869 620 3943 regis
643 3865 763 3924 Christi.
817 3867 1015 3927 *Meminerit
1034 3889 1123 3942 sane,
1155 3871 1187 3927 in
1207 3872 1279 3946 ipsis
