2592 4396
240 187 303 246 Du
327 187 546 246 ClVlTATE
570 184 649 246 DEl
676 189 757 248 ΗΒ.
780 191 878 252 11111.
1024 201 1081 259 llll

48 351 122 406 ferra
142 361 198 420 quo
217 343 381 413 voluerint,
410 350 439 397 et
452 343 557 399 sistere
574 342 624 398 ubi
639 344 788 400 voluerint
806 361 858 400 sua
877 365 997 422 corpora
1024 368 1084 406 non

48 425 216 489 credamusl
242 425 318 483 Nam
332 444 396 482 oum
409 434 594 484 terrenorum
608 445 778 501 corporum,
793 428 870 484 siout
882 449 973 487 onera
985 433 1016 488 in
1030 453 1083 510 gc-

49 513 147 572 stando
162 513 275 568 sentire
289 510 512 582 consuevimus,
533 519 642 586 quanto
654 511 748 566 maior
762 519 808 568 est
821 515 987 587 quantitas,
1002 525 1083 571 tanto

46 601 134 656 maior
147 597 188 652 sit
208 604 239 652 et
257 594 404 672 gravitas,
430 595 473 650 ita
492 602 524 649 ut
540 595 626 668 plura
645 593 742 669 pondo
762 611 848 670 quam
865 598 1005 671 pauciora
1017 600 1106 673 plus·

45 680 190 759 premant:
203 677 334 736 membra
346 685 445 734 minen
459 695 529 734 suae
543 678 641 733 earnis
655 679 765 734 leviora
774 688 876 754 portat
886 683 984 738 anima
995 700 1083 756 quum

45 769 75 823 in
93 765 220 822 sanitate
240 761 361 818 robusta
374 770 459 832 sunt,
487 779 573 836 quam
586 763 618 817 in
631 762 774 840 languore
788 781 877 837 quum
889 783 988 821 urracra
1002 775 1083 822 sunt.

45 851 82 906 Et
95 867 184 924 quum
197 848 263 904 aliis
280 845 465 922 gestantibus
480 846 634 901 onerosior
648 847 687 902 sit
700 864 789 902 sanus
804 856 834 903 et
846 848 977 920 validus,
996 867 1083 924 quam

45 935 127 990 exilis
149 941 180 987 et
198 927 365 1000 morbidus3
391 930 453 1004 ipse
471 939 569 986 tamen
584 928 620 985 ad
633 949 718 986 suum
729 949 832 1005 eorpus
846 932 1023 989 movendum
1036 942 1081 988 at-

44 1037 95 1093 que
106 1015 283 1092 portandum
296 1013 403 1090 agilior
417 1022 477 1085 est,
496 1032 585 1088 quum
598 1015 630 1070 in
644 1014 721 1070 bona
734 1014 902 1071 valetudine
914 1018 980 1091 plus
994 1015 1082 1073 hahet

43 1103 141 1171 molis,
167 1117 254 1174 quarn
267 1115 333 1153 eum
346 1098 378 1152 in
394 1106 477 1172 peste
496 1099 545 1154 vel
568 1096 643 1154 fame
666 1098 818 1153 minimum
841 1099 964 1154 roboris.
1000 1099 1081 1156 Tan-

42 1195 102 1241 tum
113 1185 196 1240 valet
207 1183 240 1238 in
253 1179 393 1236 habendis
412 1183 501 1238 etiarn
518 1183 646 1238 terrenis
664 1180 854 1254 corporibus,
882 1185 1015 1256 quamvis
1030 1183 1081 1239 ad-

42 1269 95 1324 hue
114 1265 352 1341 corruptibilibus
372 1274 461 1341 atque
479 1265 667 1336 mortalibus,
694 1283 756 1320 non
769 1265 942 1339 quantitatis
955 1265 1080 1340 pondus,

41 1351 92 1408 sed
103 1349 326 1426 temperationis
339 1348 451 1406 modus.
495 1348 536 1405 Et
559 1349 625 1424 quis
647 1347 746 1404 vorbis
771 1349 914 1422 explicet,
942 1358 1082 1424 quantum

40 1436 127 1492 distet
139 1436 220 1490 inter
232 1443 434 1506 praesentem,
458 1451 544 1508 quam
557 1433 680 1488 dicimus
695 1434 868 1503 sanitatem,
890 1441 920 1488 et
931 1434 1082 1489 immorta-

38 1522 151 1576 litatem
164 1511 314 1574 futuram?
336 1514 405 1572 Non
422 1517 522 1591 itaque
543 1524 674 1571 nostram
693 1515 781 1572 fidem
793 1514 976 1595 redarguant
986 1514 1082 1592 philo-

37 1602 119 1679 sophi
134 1601 169 1657 de
182 1599 361 1676 ponderibus
375 1617 538 1675 corporum.
570 1598 646 1655 Nolo
666 1601 744 1657 enim
763 1617 923 1676 quaerere,
950 1619 1002 1656 cur
1022 1619 1083 1658 non

37 1687 161 1744 credant
174 1696 326 1742 terrenum
338 1701 426 1758 posse
438 1703 505 1740 esse
519 1701 621 1759 eorpus
635 1683 667 1740 in
681 1686 777 1754 coelo,
806 1701 896 1760 quum
913 1693 996 1740 terra
1013 1687 1082 1740 uni-

36 1789 123 1829 versa
136 1770 260 1826 libretur
273 1769 305 1822 in
319 1765 420 1823 nihilo.
463 1767 609 1825 Fortassis
630 1769 709 1824 enim
730 1767 766 1824 de
783 1769 848 1842 ipse
866 1768 962 1825 medio
979 1768 1082 1826 mundi

35 1858 117 1926 loco,
132 1873 167 1910 eo
181 1851 260 1928 quod
272 1853 305 1907 in
320 1869 387 1906 eum
396 1857 501 1908 coibant
512 1871 642 1928 quaeque
655 1854 809 1930 graviora,
824 1853 913 1908 etiam
923 1870 1081 1931 argumen-

35 1941 108 1996 tatio
122 1937 316 1996 verisimilior
330 1933 481 1992 habeatur.
524 1935 598 1991 lllud
612 1935 694 2008 dico,
719 1937 745 1992 ι1
758 1935 799 1991 dii
811 1938 959 2007 minores,
978 1937 1081 2010 quibus

35 2027 115 2080 inter
139 2021 280 2078 annualia
304 2021 458 2076 terrestria
481 2029 597 2076 caetera
624 2021 713 2074 etiam
737 2018 887 2075 hominem
913 2017 1082 2074 laciendum

35 2107 183 2164 commisit
195 2103 292 2174 Plato,
307 2112 478 2177 potuerunt,
492 2105 571 2159 sicut
583 2102 664 2173 dicit,
680 2103 715 2158 ab
726 2103 797 2180 igne
810 2119 964 2158 removere
977 2101 1083 2157 urendi

35 2193 224 2266 qualitatem,
239 2185 358 2243 lucendi
370 2187 537 2262 relinquere
553 2205 627 2261 quae
639 2204 693 2260 per
707 2187 807 2241 oculos
823 2185 976 2242 emicaret:
1001 2188 1083 2242 itane

33 2274 100 2332 Deo
112 2291 229 2332 summo
245 2267 408 2327 concedere
421 2271 631 2343 dubitabimus,
659 2272 744 2326 euius
764 2271 814 2325 ille
835 2272 986 2328 voluntate
999 2279 1082 2345 pote-

34 2361 166 2434 statique
180 2350 400 2433 nemoriontnr
414 2356 562 2411 concessit
575 2373 650 2430 quae
665 2363 730 2410 orta
744 2364 823 2425 sunt,
838 2363 939 2410 ettam
955 2353 1082 2424 diversa,

32 2453 94 2499 tarn
107 2441 284 2509 dissimilia,
299 2437 328 2494 id
343 2447 403 2509 est,
418 2455 560 2511 corporea
575 2447 605 2492 et
617 2439 791 2509 incorporea
805 2437 923 2491 sibimet
936 2454 1082 2506 connexa,

32 2529 114 2582 nulla
127 2525 249 2601 possint
262 2522 454 2578 dissolutione
468 2521 598 2597 seiungi,
611 2529 644 2574 ut
657 2518 693 2572 de
708 2535 797 2573 earne
808 2517 953 2588 hominis,
969 2519 1016 2572 eui
1030 2517 1082 2573 do·

30 2620 84 2668 nat
97 2607 367 2677 immortalitatem,
394 2605 613 2679 corruptionem
626 2601 758 2672 auferat,
774 2609 909 2656 naturam
923 2602 1082 2674 relinquat,

31 2692 267 2772 congruentiam
279 2689 393 2766 figurae
407 2688 660 2762 membrorumque
680 2684 826 2757 detineat,
855 2681 990 2740 detrahat
1008 2703 1082 2758 pon-

29 2778 114 2834 deris
128 2770 319 2832 tarditateml
346 2771 406 2829 Sed
420 2773 455 2828 de
468 2771 526 2828 hde
539 2770 768 2827 resurrectionis
781 2777 979 2840 mortuorum,
1004 2768 1082 2824 etde

26 2861 210 2936 corporibus
229 2875 330 2914 eorum
349 2857 561 2914 immortalibus
583 2855 770 2932 diligentius,
797 2855 823 2910 si
842 2851 923 2910 Deus
943 2854 1081 2926 voluerit,

27 2947 62 3002 in
76 2945 141 3001 fine
156 2941 242 3000 huius
258 2941 363 3016 Operis
381 2939 583 2997 disserendum
597 2949 651 2994 est.

420 3094 543 3152 CAP.
585 3089 699 3148 xix.

23 3195 138 3249 Contra
150 3209 245 3248 eorum
256 3195 399 3263 dogmata,
421 3191 467 3260 qui
479 3189 582 3258 primos
593 3189 722 3252 homines,
743 3189 766 3240 ιι·
776 3207 828 3241 non
841 3195 1014 3256 peccassent,
1035 3185 1084 3237 im-

292 3264 420 3316 mortales
426 3261 541 3334 ficturos
546 3260 637 3332 fuisse
647 3275 700 3312 non
710 3259 831 3310 eredunt.

95 3373 190 3430 Nunc
210 3370 246 3426 de
269 3367 439 3445 corporibus
457 3368 618 3441 primorum
636 3365 789 3421 hominum
808 3361 886 3436 quod
905 3360 1086 3416 instituimus

14 3459 235 3534 explicemus:
264 3454 402 3530 quoniam
420 3470 476 3508 nce
491 3467 570 3506 mors
584 3451 658 3520 ista,
674 3465 749 3523 quae
762 3445 840 3501 bona
852 3442 1022 3518 perhibetur
1035 3440 1087 3494 bo-

14 3544 92 3613 nis,
122 3559 183 3598 nec
203 3547 320 3595 tantum
337 3537 437 3612 paucis
461 3530 696 3612 intelligentibus
718 3530 780 3586 sive
805 3525 1009 3593 credentibus,
1037 3521 1088 3578 sed

18 3626 177 3682 omnibus
191 3631 264 3680 nota
279 3630 334 3692 est,
349 3637 406 3696 qua
419 3619 454 3675 fit
467 3620 583 3675 animae
596 3635 613 3672 a
628 3632 750 3690 corpore
764 3611 920 3686 separatio,
936 3625 993 3682 qua
1007 3615 1087 3662 certe

17 3729 142 3785 corpus
157 3705 338 3776 animantis,
353 3701 432 3780 quod
446 3701 599 3759 evidenter
612 3699 751 3768 vivebat,
772 3693 925 3752 evidenter
939 3691 1091 3761 emoritur,

15 3795 73 3848 eis
87 3793 244 3867 potuisset
258 3787 408 3859 occidere,
429 3787 488 3842 nisi
500 3785 615 3861 pcccati
628 3783 765 3838 meritum
781 3783 962 3853 sequeretur.
1006 3773 1090 3830 Licet

13 3879 117 3933 eninr
131 3879 284 3934 iustorum
298 3891 332 3928 ae
345 3874 460 3948 piorum
474 3871 589 3926 animae
602 3865 825 3933 defunctorum,
854 3859 931 3938 quod
945 3859 975 3915 in
989 3859 1090 3933 requie

745 3947 797 4006 Co
