2586 4396
243 177 283 234 36
469 170 564 230 DlVl
586 165 772 226 avuuuu
792 162 1043 226 AVGVSTINl

246 326 310 383 dem
322 333 418 401 posset
438 325 501 379 siae
516 320 659 378 adiutorio
672 317 742 376 Dei:
768 337 823 374 aee
839 327 937 374 tamen
955 316 1019 374 ideo
1038 316 1073 373 ab
1091 316 1135 375 his
1150 319 1261 380 divinae

245 411 357 488 gratiae
375 405 523 464 beneficiis
540 406 596 462 sibi
613 402 752 478 placendo
769 401 905 460 recedere
922 419 982 458 non
1000 399 1123 459 habebat
1139 405 1173 461 in
1184 417 1260 480 pote-

243 487 335 550 statei
355 489 429 548 Nam
441 491 517 545 sicut
533 490 565 545 in
583 486 636 544 hac
657 505 744 544 carne
762 486 861 543 vivere
880 487 944 542 sine
956 483 1132 544 adiumentis
1145 489 1261 547 alimen-

242 586 339 632 torum
351 575 383 632 in
394 581 537 649 potestate
551 590 610 628 non
622 580 682 641 est,
696 589 756 628 non
768 578 865 626 autem
876 570 908 626 in
921 587 957 625 ea
966 569 1067 626 risere
1080 571 1113 626 in
1124 580 1259 646 potestate

244 668 304 730 est3
330 657 408 734 quod
419 655 530 713 faciunt
542 657 592 730 qui
605 674 637 714 se
650 656 727 729 ipsos
740 663 861 712 necant:
880 654 923 709 ita
934 652 1008 709 bene
1021 653 1122 710 vivere
1138 656 1197 712 sine
1209 657 1258 712 ad·

243 743 352 800 intorio
366 739 438 810 Dei,
451 741 537 796 ctiam
551 740 583 795 in
596 737 745 814 paradiso,
763 757 823 794 non
836 745 899 793 erat
910 737 941 792 in
954 745 1112 812 potestate;
1137 749 1199 795 erat
1210 758 1259 796 au-

142 841 145 847 '
243 835 302 882 tem
314 826 346 882 in
358 832 502 899 potestate
515 824 589 878 male
602 823 718 894 vivere,
741 821 792 878 sed
804 819 982 878 beatitudine
995 837 1055 877 non
1067 839 1260 896 permansura,

244 919 274 964 et
286 925 381 982 poena
394 907 554 963 iustissima
567 915 709 962 secutura.
749 906 845 971 Quam
863 905 956 982 igitur
973 901 1059 960 huius
1077 904 1169 961 futuri
1182 924 1259 962 casus

243 989 361 1048 humani
372 989 453 1048 Deus
467 1008 526 1046 non
539 999 617 1046 esset
628 991 759 1068 ignarus,
773 1007 824 1045 cur
837 1007 901 1044 eum
914 1007 974 1046 non
986 989 1098 1045 sineret
1109 989 1200 1046 invidi
1212 1009 1260 1046 aa·

244 1076 304 1154 geli
320 1075 502 1151 malignitate
520 1069 647 1130 teotarii
674 1075 755 1130 nullo
774 1073 859 1129 modo
879 1071 994 1148 quidem
1011 1071 1087 1148 quod
1100 1074 1260 1130 vinceretur

243 1160 390 1229 incertus3
410 1157 461 1214 scd
474 1155 662 1214 nihilominus
675 1159 821 1232 praescias
835 1155 910 1232 quod
923 1157 957 1213 ab
972 1157 1033 1212 eius
1047 1157 1158 1213 semine
1171 1157 1261 1214 adiuto

244 1261 297 1298 sua
318 1243 413 1320 gratia
431 1241 508 1297 idem
528 1241 588 1317 ipae
608 1241 737 1298 diabolus
757 1240 854 1297 fuerat
871 1249 1035 1296 sanctorum
1052 1241 1148 1318 gloria
1158 1243 1262 1296 maiore

243 1325 413 1383 vincendus.
434 1323 480 1382 Ita
492 1325 599 1382 factum
612 1334 666 1397 est,
679 1335 712 1382 ut
725 1344 779 1381 nec
792 1323 886 1380 Deum
897 1323 1005 1399 aliquid
1017 1323 1180 1380 futurorum
1190 1326 1261 1380 late-

244 1420 301 1482 ret,
314 1429 368 1467 nec
380 1409 568 1485 praesciendo
582 1427 744 1485 quenquam
755 1427 876 1482 peccare
887 1409 1084 1482 compelleret;
1098 1416 1129 1464 et
1141 1407 1208 1484 quid
1218 1410 1261 1464 in-

244 1503 367 1549 teresset
382 1495 460 1550 inter
477 1494 622 1568 propriam
640 1494 780 1567 cuiusque
798 1493 1042 1568 praesumtionem
1061 1500 1089 1548 et
1107 1509 1190 1548 suam
1207 1493 1259 1548 tai-

244 1578 365 1647 tioaem,
378 1576 529 1653 angelicae
543 1585 572 1631 et
585 1574 726 1632 humanae
739 1577 876 1632 rationali
889 1584 1054 1646 creaturae,
1079 1577 1264 1650 consequenti

245 1660 427 1734 experientia
440 1657 659 1714 demonstraret.
683 1660 754 1725 Quis
768 1660 846 1716 enim
858 1657 963 1716 audeat
976 1658 1108 1728 credere,
1127 1669 1179 1714 aut
1192 1658 1264 1715 dicc-

244 1761 288 1813 rc‚
301 1751 334 1798 ut
347 1760 442 1817 neque
455 1743 589 1819 angelus,
602 1759 697 1818 aeque
709 1741 792 1800 homo
806 1742 932 1814 caderet,
946 1743 978 1798 in
987 1740 1045 1799 Dei
1054 1751 1195 1818 potestate
1208 1761 1264 1799 non

245 1821 355 1882 fuisset
370 1823 429 1882 Sed
441 1824 496 1882 hoc
507 1843 607 1882 eorum
616 1828 753 1902 potestati
764 1829 867 1884 maluit
876 1824 1071 1898 nonauferre3
1085 1835 1172 1901 atquc
1185 1828 1227 1882 ita
1239 1837 1265 1881 ct

245 1918 383 1984 quantum
396 1911 465 1966 mali
478 1928 577 1967 eorum
591 1909 742 1984 superbia,
769 1921 798 1968 et
812 1919 950 1987 quantum
965 1909 1030 1966 boni
1045 1928 1097 1966 ιιιι
1110 1911 1204 1988 gratia
1219 1929 1264 1967 va-

243 1995 328 2065 leret,
344 1993 505 2051 ostendere.

578 2073 693 2138 cur.
735 2077 934 2138 xxvur.
1024 2036 1028 2046 ’

337 2156 380 2212 De
391 2160 522 2228 qualitate
533 2161 647 2214 duarum
658 2159 815 2226 Civitatem,
826 2170 948 2215 terrenae
958 2171 1037 2231 atque
1046 2161 1176 2214 coelestis.

306 2249 452 2306 Fecerunt
467 2253 564 2324 itaque
577 2249 715 2308 Civitates
730 2250 801 2306 duas
815 2269 928 2308 amores
943 2251 1011 2322 duo,
1030 2261 1179 2309 terrenam
1192 2252 1266 2306 scili-

247 2341 293 2388 cet
307 2350 388 2388 amor
400 2334 447 2387 sui
459 2350 549 2406 usquc
561 2332 597 2388 ad
610 2342 786 2390 contemtum
796 2333 863 2406 Dei,
878 2337 1033 2392 coelestem
1040 2354 1110 2392 vero
1121 2354 1205 2391 amor
1214 2334 1267 2392 Dei

245 2414 388 2490 usquead
401 2424 577 2474 contemtum
590 2418 643 2472 sui.
679 2415 813 2491 Denique
826 2420 877 2475 illa
891 2421 923 2476 in
936 2437 967 2474 se
981 2419 1059 2494 ipsa,
1077 2416 1149 2474 haec
1163 2420 1195 2475 in
1209 2417 1266 2474 Do·

245 2501 324 2556 mino
337 2500 487 2578 gloriatur.
523 2498 576 2556 llla
585 2501 672 2556 *enim
689 2501 803 2576 quaerit
815 2501 850 2558 ab
863 2500 1026 2560 hominibus
1039 2503 1178 2580 gloriam:
1205 2500 1268 2557 huic

245 2593 340 2640 autem
355 2582 435 2640 Deus
448 2585 645 2640 conscientiae
657 2585 752 2656 testie,
765 2587 891 2642 maxima
904 2595 949 2642 est
961 2587 1063 2664 gloria.
1093 2584 1148 2642 llla
1162 2588 1194 2643 in
1208 2587 1269 2663 glo-

244 2667 289 2723 ria
302 2677 354 2724 sua
367 2669 478 2724 exaltat
490 2678 574 2742 caput
588 2687 684 2724 suum:
700 2665 770 2723 haec
784 2667 855 2727 dicit
870 2669 933 2727 Deo
947 2687 1012 2726 suo:
1033 2667 1139 2726 Gloria
1152 2689 1228 2740 meu,
1243 2678 1269 2724 et

245 2751 383 2808 exultans
400 2760 491 2829 caput
507 2770 608 2808 meum.
638 2750 685 2807 llli
698 2752 729 2806 in
742 2753 920 2829 principibus
934 2755 1013 2825 eius,
1038 2755 1086 2810 vel
1098 2754 1130 2809 in
1144 2754 1187 2809 eis
1202 2770 1269 2828 quas

245 2834 380 2911 subiugat
397 2833 564 2890 nationibus
581 2833 750 2890 dominandi
772 2837 861 2893 libido
881 2837 1057 2894 donuinatur:
1084 2839 1116 2893 in
1134 2835 1189 2892 hac
1209 2854 1270 2892 ser·

244 2917 328 2972 aiunt
341 2918 467 2988 invicem
480 2917 512 2973 in
525 2918 662 2989 caritate,
688 2928 717 2974 et
728 2923 884 2995 praepositi
897 2919 1092 2992 consulendo,
1103 2981 1107 2989 ,
1120 2930 1151 2976 et
1165 2919 1270 2976 subditi

245 2997 477 3073 obtemperando.
508 2997 561 3055 llla
578 3001 610 3056 in
629 3003 689 3058 suis
706 3005 873 3075 potentibus
891 3005 988 3082 diligit
1010 3006 1151 3062 virtutem
1173 3021 1269 3060 snam:

243 3078 314 3138 haec
328 3081 400 3138 dicit
413 3079 476 3138 Dco
490 3101 559 3139 suo:
587 3083 721 3162 Diligam
734 3097 774 3158 te,
789 3085 922 3160 Domine,
934 3091 1031 3145 cirtae
1044 3107 1117 3145 mea.
1143 3086 1270 3162 Ideoque

243 3166 275 3220 in
288 3167 339 3222 illa
352 3167 497 3242 sapientes
512 3168 573 3224 eius
588 3169 746 3226 secundum
759 3169 905 3228 hominem
917 3173 1061 3241 viventes,
1075 3181 1126 3228 aut
1138 3171 1269 3244 corporis

243 3258 295 3306 aut
308 3251 396 3306 animi
410 3251 456 3306 sui
468 3250 559 3322 bona,
582 3261 631 3308 aut
642 3255 793 3329 utriusque
806 3257 909 3311 sectati
923 3267 1006 3328 sunt3
1032 3264 1083 3311 aut
1101 3257 1155 3330 qni
1170 3265 1271 3330 patue-

242 3343 312 3390 runt
324 3351 499 3412 cognoscere
511 3334 616 3406 Deum,
630 3355 686 3393 aon
699 3346 733 3393 ut
745 3336 839 3395 Deum
851 3337 1078 3408 honoraverunt,
1090 3339 1140 3396 cel
1150 3338 1273 3416 gratias

243 3429 377 3496 egerunt,
391 3419 444 3476 aad
456 3430 637 3476 evanuerant
653 3421 684 3476 iu
698 3421 925 3498 cogitationibus
939 3424 1016 3492 auia,
1041 3432 1072 3479 et
1084 3421 1272 3479 obscuratus

243 3513 289 3560 eat
301 3504 445 3582 insipiens
459 3521 509 3559 cor
524 3521 638 3560 eoram:
652 3503 782 3562 dicantes
796 3521 828 3564 aa
841 3522 905 3564 ease
918 3507 1081 3584 sapienter,
1102 3503 1212 3577 idest,
1226 3503 1265 3558 do

242 3587 373 3646 minante
392 3585 448 3642 sibi
467 3587 602 3661 superbia
618 3586 650 3642 in
669 3603 720 3643 sua
733 3589 875 3662 sapientia
888 3607 952 3645 sese
966 3589 1161 3660 extollentes,
1189 3585 1262 3644 stult

236 3666 324 3736 facti
336 3679 422 3743 suat3
441 3677 472 3726 et
484 3671 711 3726 immutaverunt
723 3671 850 3748 gloriam
863 3671 1099 3750 incorruptibilia
1113 3669 1180 3730 Dei
1191 3673 1223 3728 ia
1236 3670 1278 3724 ai-

240 3748 433 3807 militudinem
444 3753 581 3828 imaginis
593 3755 795 3828 corruptibilia
804 3754 938 3828 damiata,
948 3766 978 3813 et
986 3755 1146 3825 volucrum,
1162 3766 1195 3812 et
1206 3772 1279 3831 qua·

242 3829 411 3904 drupedam,
425 3843 454 3889 et
467 3837 661 3910 serpentium:
686 3836 722 3893 ad
734 3836 931 3896 huiuscemodi
944 3840 1021 3896 enim
1034 3839 1193 3896 simulacra
1208 3837 1278 3894 ado·
