2576 4396
297 209 358 266 DE
385 209 604 271 ClVlTATE
628 214 706 273 DEl
728 218 809 278 LlB.
831 220 891 278 Xl.
1040 232 1101 288 339

440 362 463 420 C
484 365 508 420 Α
529 363 562 419 Ρ.
604 363 717 422 XXl.

60 459 100 510 De
110 467 229 509 ceterae
236 466 265 507 et
275 456 486 512 incmnmutals'ls'
497 459 672 513 conualles
680 479 714 516 ac
725 468 873 531 voluntate,
884 487 937 537 qua
948 488 1049 544 semper
1058 479 1101 530 illi

75 527 203 580 ardescas
213 541 284 594 quoe
292 527 375 598 fecit,
385 527 424 579 cic
431 531 597 596 placuerunt
605 531 747 600 facienda,
763 539 981 604 quemadmodum
990 545 1082 613 scota.

121 615 201 682 Quid
215 626 261 671 est
274 617 353 670 enim
365 615 444 672 aliud
458 619 679 696 intelligendum
693 623 724 678 in
738 641 775 677 eo
787 627 865 700 quod
877 648 930 702 per
944 634 1042 687 omnia
1055 634 1099 689 di-

57 703 146 770 citur,
165 696 249 755 Vidit
263 697 348 755 Deua
360 702 431 776 puio
442 701 545 757 bonam
558 713 620 758 est:
634 705 692 759 nisi
704 709 801 778 operis
813 711 983 783 approbatio
994 731 1098 772 secun-

59 783 129 837 dum
141 790 237 836 artem
251 782 334 852 iacti,
354 799 429 857 quae
447 782 600 857 Sapientia
619 783 677 842 Dei
696 785 759 843 esti
784 789 867 850 Deus
887 805 985 851 autem
1006 815 1099 872 usque

57 865 131 920 adeo
145 883 208 920 non
222 881 288 920 cunr
300 863 409 920 factum
422 876 487 937 cst,
515 876 587 923 tunc
600 869 706 926 didicit
718 871 838 944 bonum,
865 887 897 932 ut
910 877 984 934 nihil
999 897 1099 936 eorum

57 949 155 1018 lieret,
170 949 196 1002 si
207 948 236 1002 ei
248 946 352 1003 fuisset
364 950 554 1026 incognitum.
569 950 647 1008 Dum
661 973 732 1030 ergo
746 956 828 1012 videt
840 960 908 1032 quia
920 961 1029 1017 bonum
1043 971 1098 1035 est,

57 1030 135 1106 quod
149 1029 210 1086 nisi
223 1029 348 1086 vidisset
361 1041 517 1106 antequam
531 1032 626 1105 fieret,
640 1055 700 1092 non
713 1039 812 1112 utique
825 1040 925 1113 lierct3
947 1041 1033 1099 docet
1046 1045 1098 1100 bo-

56 1132 130 1170 num
149 1131 230 1184 esse,
253 1131 315 1169 non
333 1113 429 1169 discit.
456 1114 496 1170 Et
509 1113 592 1172 Plato
613 1119 730 1191 quidem
746 1122 812 1193 plus
831 1139 918 1179 ausus
932 1135 978 1180 est
990 1126 1098 1196 dicere,

57 1199 167 1252 elatum
180 1213 246 1251 esse
260 1198 373 1252 scilicet
386 1196 481 1253 Deum
495 1200 613 1275 gaudio,
636 1201 737 1256 mundi
751 1205 945 1261 universitate
959 1209 1098 1280 perfecta.

4 1299 7 1310 ’
56 1277 112 1334 Vbi
133 1286 164 1333 et
184 1279 246 1352 ipse
266 1297 327 1334 non
345 1297 439 1354 usquc
461 1281 534 1337 adeo
555 1283 731 1356 desipiebat,
755 1293 789 1338 ut
806 1295 923 1358 putaret
939 1287 1035 1344 Deum
1053 1293 1101 1345 aui

57 1363 154 1435 operis
170 1362 301 1416 novitate
315 1361 422 1418 factum
435 1364 609 1419 beatiorem:
624 1366 675 1420 sed
689 1367 730 1420 sic
743 1367 898 1424 ostendere
909 1371 1013 1440 voluit,
1026 1373 1100 1426 orti-

56 1443 106 1499 fici
120 1462 175 1524 suo
186 1445 329 1516 placuisse
340 1446 399 1500 iam
412 1445 532 1515 factum,
546 1446 623 1520 quod
635 1450 784 1520 placuerat
797 1451 829 1504 in
842 1459 905 1506 arte
917 1451 1099 1510 faciendum:

55 1547 116 1583 non
130 1526 209 1601 quod
222 1527 282 1581 ullo
296 1527 380 1582 modo
391 1527 450 1583 Dei
463 1529 587 1584 scientia
599 1532 741 1601 varietur,
755 1541 790 1587 ut
802 1532 881 1590 aliud
894 1535 926 1590 in
941 1553 975 1590 ea
988 1534 1100 1592 iaciant

56 1608 155 1686 [fiant]
172 1627 247 1683 quae
258 1609 388 1665 nondum
399 1620 480 1681 sunt,
504 1611 584 1667 aliud
597 1629 672 1686 quae
684 1615 742 1668 iam
756 1625 835 1685 sunt,
849 1616 928 1672 aliud
943 1635 1018 1692 quae
1031 1617 1097 1673 fue-

54 1703 135 1748 runt.
173 1691 242 1748 Nou
258 1694 337 1748 enirn
349 1711 431 1748 more
446 1701 548 1750 nostro
562 1696 613 1750 ille
625 1697 673 1751 vel
691 1695 767 1770 quod
780 1696 910 1755 futuram
924 1709 970 1755 est
981 1702 1096 1774 prospi-

56 1778 107 1848 cit,
120 1777 171 1831 vel
185 1775 261 1848 quod
271 1793 414 1848 praesens
429 1785 473 1831 eat
484 1777 619 1850 adspicit,
633 1781 682 1834 vel
695 1779 772 1853 quod
785 1784 978 1852 praeteritum
991 1792 1036 1838 est
1048 1801 1097 1839 re-

56 1857 225 1933 spicit31ed
238 1859 297 1912 alio
311 1858 397 1913 rnodo
410 1859 533 1932 quodam
543 1878 560 1915 a
572 1870 738 1920 nostrarum
750 1865 963 1940 cogitationum
972 1883 1096 1921 consue-

55 1942 158 1998 tudine
175 1943 268 2017 longe
285 1942 401 2014 alteque
419 1941 543 1998 diverso.
582 1941 635 1998 llle
655 1946 759 2018 quippe
777 1965 838 2002 non
852 1965 889 2002 ex
902 1946 958 2003 hoc
975 1950 1008 2003 in
1025 1948 1098 2003 illud

56 2025 241 2100 cogitatione
254 2032 376 2093 mutata,
397 2023 448 2078 sed
462 2027 582 2082 ansuino
595 2027 872 2083 incommutabiliter
886 2029 984 2100 ridet3
1007 2031 1050 2084 ita
1064 2040 1098 2088 ut

55 2110 105 2162 illa
119 2105 239 2181 quidem
253 2124 327 2180 quae
340 2109 540 2180 temporaliter
552 2108 644 2179 fiunt,
669 2118 699 2166 et
712 2108 811 2164 futura
824 2111 952 2167 nondum
966 2113 1042 2180 sint,
1068 2122 1097 2166 et

54 2190 226 2264 praesentia
239 2191 299 2246 iam
311 2190 388 2260 sint,
407 2198 437 2244 ct
449 2193 608 2262 praeterita
621 2193 680 2246 iarn
693 2209 754 2246 noa
767 2193 843 2263 sint,
862 2195 926 2266 ipse
937 2211 1009 2250 vero
1023 2191 1096 2249 haec

56 2273 155 2329 omnia
167 2272 268 2328 stabili
278 2290 311 2327 ac
321 2273 498 2346 sempiterna
507 2275 674 2347 praesentia
689 2274 928 2347 comprehendat:
943 2295 997 2332 nec
1011 2277 1096 2332 aliter

55 2357 161 2424 oculis,
175 2356 262 2410 aliter
276 2364 390 2426 mente;
404 2358 553 2414 nonenim
565 2375 602 2412 cx
613 2359 711 2413 arrimo
722 2367 838 2416 constat
849 2368 879 2414 et
891 2377 1027 2433 corpore:
1040 2377 1096 2416 nec

55 2441 140 2494 aliter
153 2457 250 2507 nune,
277 2439 362 2492 aliter
375 2447 477 2509 antea,
501 2449 531 2493 et
544 2441 630 2494 aliter
650 2449 767 2512 postca3
793 2442 932 2513 quoniam
944 2459 1006 2498 non
1020 2441 1097 2496 sicut

54 2532 168 2591 nostra,
196 2522 241 2575 ita
265 2521 327 2574 eius
344 2538 458 2594 quoque
481 2521 605 2574 scicntia
620 2523 709 2576 trium
726 2530 906 2592 temporum,
931 2524 1095 2594 praesentis

54 2605 196 2660 videlicet
210 2612 240 2658 et
252 2605 404 2676 praeteriti
417 2605 466 2658 vel
480 2601 571 2656 futuri
584 2603 729 2656 varietate
746 2609 891 2657 mutatura
919 2603 1001 2677 apud
1013 2619 1096 2677 queue

55 2707 109 2744 nen
125 2698 173 2744 est
186 2688 363 2755 immutatio,
390 2704 443 2741 aec
455 2686 593 2740 momenti
606 2683 796 2740 obumbratio.
822 2681 925 2757 Neque
939 2685 1018 2740 enim
1031 2685 1095 2744 elus

56 2771 184 2825 intentio
199 2769 236 2824 dc
249 2770 430 2846 cogitatione
443 2769 475 2823 in
490 2767 699 2843 cogitationem
711 2767 829 2836 transit,
850 2765 882 2821 in
897 2765 980 2821 culus
995 2767 1094 2821 incor-

56 2871 145 2925 poreo
160 2853 296 2908 contuitu
309 2853 395 2906 sirnul
408 2850 514 2906 adsunt
527 2858 632 2904 cuncto
645 2867 718 2924 quae
732 2849 824 2905 novit.
863 2847 1008 2914 Quoniam
1020 2857 1094 2904 tem·

57 2953 126 3007 pora
139 2936 183 2991 ita
197 2935 283 2990 novit
297 2935 389 2990 nullis
404 2935 463 2989 suis
477 2932 686 3006 temporalibus
701 2931 885 3004 notionibus,
908 2931 1094 3007 quemadmo-

58 3017 121 3074 dum
135 3017 312 3089 temporalia
324 3025 422 3072 movet
433 3019 522 3073 nullis
536 3019 599 3072 suis
612 3015 819 3088 temporalibus
833 3015 970 3072 motibus.
990 3013 1034 3070 lbi
1047 3033 1094 3070 er-

59 3119 92 3176 go
107 3101 185 3158 vidit
198 3099 307 3156 bonum
321 3117 385 3154 esse
399 3099 477 3174 quod
489 3099 570 3169 fecit,
584 3098 634 3154 ubi
645 3099 752 3154 bonum
763 3116 828 3154 esse
841 3098 916 3156 vidit
927 3107 961 3154 ut
973 3098 1094 3154 faceret.

58 3180 116 3239 Nec
130 3185 201 3258 quia
214 3183 324 3238 lactum
336 3182 421 3253 vidit,
435 3183 589 3238 scientiam
603 3180 774 3254 duplicavit,
789 3183 836 3238 uel
850 3199 887 3236 ex
900 3182 999 3255 aliqua
1011 3188 1094 3253 parte

57 3268 147 3336 auxit,
161 3275 303 3339 tanquam
316 3265 438 3322 minoris
448 3266 588 3320 scientiae
601 3264 692 3320 luerit
701 3267 784 3339 prius
798 3281 883 3336 quam
896 3263 1006 3319 faceret
1019 3260 1095 3335 quod

55 3350 181 3404 videret:
208 3348 260 3422 qui
285 3355 345 3402 tam
366 3347 495 3420 perfecte
519 3365 579 3402 non
599 3356 781 3420 operaretur,
805 3347 865 3401 nisi
883 3355 943 3400 tam
966 3343 1095 3416 perfecte

58 3433 193 3501 scientia,
212 3431 261 3486 cui
275 3428 349 3485 nihil
362 3447 400 3486 ex
413 3432 477 3486 eius
491 3429 625 3503 operibus
640 3428 804 3484 adderetur.
845 3429 1043 3498 Quapropter,
1069 3423 1096 3474 si

56 3511 257 3570 tantummodo
272 3513 356 3568 nobis
370 3511 579 3568 insinuandum
593 3513 671 3566 esset
684 3511 749 3584 quis
763 3508 869 3563 feccrit
881 3509 989 3572 lucem,
1014 3500 1094 3556 suffi-

57 3605 137 3651 ceret
151 3595 260 3666 dicere,
275 3594 359 3651 Deus
372 3595 443 3650 fecit
455 3597 560 3650 lucem.
592 3593 626 3650 Si
639 3602 738 3649 autem
749 3609 810 3647 non
823 3590 919 3646 solum
935 3585 1001 3660 quis
1015 3583 1093 3638 iece-

54 3678 108 3747 rit,
121 3697 224 3734 verum
238 3679 326 3733 etiam
340 3696 391 3750 per
407 3677 478 3752 quid
491 3677 610 3747 fecerit;
629 3677 700 3732 sotis
715 3683 794 3730 esset
806 3673 848 3728 ita
862 3667 1026 3738 enuntiari,
1053 3663 1094 3720 Et

56 3759 138 3816 dicit
149 3759 244 3830 Deae,
266 3758 339 3816 Fiet
353 3760 418 3830 lux,
439 3770 468 3817 et
479 3759 576 3830 fucta
591 3769 636 3816 cat
650 3758 717 3830 lue,
741 3767 774 3811 ut
787 3771 847 3814 non
859 3761 975 3807 tantum
988 3747 1095 3817 Deum,

56 3842 112 3896 scd
125 3845 211 3898 etiam
225 3861 277 3916 per
290 3840 419 3898 Verbum
432 3845 530 3898 lucem
543 3841 651 3896 fecisse
664 3856 825 3896 nossemus.
865 3833 940 3900 Quia
952 3850 1023 3888 vero
1038 3832 1096 3887 tria

743 3921 803 3979 Ya
