2592 4396
245 197 264 252 ι
451 189 549 250 ιιινι
572 171 755 246 lusson
776 184 1024 245 nvavssmr

246 341 399 400 secundum
417 342 548 414 spiritum
566 338 672 396 rivere.
717 338 852 412 Quisquis
873 337 950 392 enim
964 333 1019 392 hoc
1042 337 1118 410 quod
1146 337 1270 396 diximus

247 427 337 501 prima
351 424 445 478 fronte
459 421 593 494 inspicit,
621 421 667 478 vel
680 437 738 476 oon
751 422 900 488 recolens,
926 420 973 474 vel
999 419 1093 474 minus
1118 419 1270 478 advertens

246 503 483 582 quemadmodum
510 501 677 575 scripturae
703 511 820 558 sanctae
844 503 1017 575 loquantur,
1042 509 1136 574 potest
1160 513 1271 578 putare,

197 603 203 616 ‘
246 581 428 664 philosophos
446 585 560 662 quidem
574 581 732 659 Epicureos
751 581 909 640 secundum
931 599 1045 638 carnem
1067 585 1180 654 vivere,
1206 589 1273 660 quia

248 687 388 726 summum
398 669 505 724 bonum
519 665 645 722 hominis
659 667 690 722 in
705 667 830 740 corporis
844 665 989 739 voluptate
1004 675 1172 738 posuerunt,
1198 677 1228 722 et
1250 671 1274 722 si

248 753 298 827 qui
311 752 361 807 alii
373 759 457 821 sunt,
483 747 532 823 qui
551 765 667 824 quoquo
681 747 763 804 modo
778 748 907 821 corporis
920 747 1044 818 bonum,
1071 765 1211 805 summum
1224 750 1273 806 ho-

250 852 319 889 num
336 850 400 888 essa
418 831 544 887 hominis
561 833 672 906 opinati
691 840 772 903 sunt3
799 837 924 887 etomna
951 847 1051 886 eorum
1076 831 1198 908 vulgus,
1225 834 1273 906 qui

251 932 309 971 non
323 915 420 988 aliquo
443 901 593 988 dogmate,
620 915 667 969 vel
681 931 715 968 eo
728 912 813 969 modo
827 910 1079 988 philosophantur,
1108 913 1158 968 sed
1170 915 1272 988 procli·

250 1015 300 1052 ves
314 995 350 1052 ad
363 993 527 1064 libidinem,
548 997 655 1051 nisiex
671 995 882 1069 voluptatibus,
902 1011 972 1068 quas
986 995 1130 1069 corporeis
1144 995 1273 1052 sensibus

250 1079 378 1152 capiunt,
393 1077 519 1154 gaudere
531 1079 676 1134 nesciunt:
704 1075 818 1134 Stoicos
832 1085 937 1146 autem,
952 1077 1000 1150 qui
1015 1094 1154 1132 summum
1168 1078 1275 1134 honum

251 1158 376 1216 hominis
390 1163 421 1216 in
433 1162 530 1216 annno
544 1169 674 1233 ponunt,
699 1159 856 1216 secundum
873 1159 1005 1232 spiritum
1022 1160 1136 1216 vivere:
1162 1162 1230 1234 quic
1249 1169 1275 1214 et

252 1241 375 1298 hominis
390 1243 502 1298 animus
516 1230 653 1317 quidest,
668 1243 726 1299 nisi
740 1237 874 1316 spiritusl
893 1238 951 1297 Sed
966 1241 1043 1296 sicut
1056 1241 1185 1315 loquitur
1198 1241 1275 1298 Scri-

251 1334 336 1398 ptura
355 1323 468 1396 divina,
494 1323 653 1382 secundum
679 1341 795 1382 carnem
820 1325 920 1381 rivere
938 1324 1054 1397 utrique
1071 1333 1276 1380 monstrantur.

253 1405 376 1462 Carnem
386 1408 491 1482 quippe
505 1411 642 1482 appellat,
671 1425 730 1464 non
744 1409 837 1464 solum
851 1423 954 1478 corpus
968 1405 1078 1461 terreni
1096 1414 1184 1480 atque
1201 1423 1277 1461 mor·

252 1490 318 1544 talis
332 1491 502 1560 animantis3
529 1490 620 1546 veluti
633 1509 698 1546 cum
713 1489 799 1561 dicit,
813 1487 876 1546 Non
888 1489 980 1546 omnis
993 1506 1064 1544 caro
1080 1490 1180 1546 eadem
1198 1507 1276 1552 care,

253 1573 305 1627 sed
318 1570 381 1627 alia
395 1574 508 1646 quidem
521 1569 660 1636 hominis,
688 1571 750 1628 alia
764 1581 861 1628 autem
879 1589 950 1627 earo
956 1571 1091 1649 pecoris,
1116 1569 1181 1626 aliu
1199 1569 1277 1628 volu·

254 1669 349 1716 crum,
368 1652 431 1708 alin
439 1654 586 1730 piscium:
612 1653 662 1709 sed
676 1655 741 1710 aliis
753 1657 851 1710 multis
865 1651 958 1710 modis
968 1651 1181 1730 significatione
1195 1651 1277 1708 huius

252 1735 377 1790 nominis
391 1735 499 1804 utitur,
519 1737 595 1792 inter
608 1754 678 1811 quos
694 1735 954 1794 varios'loeutionis
963 1735 1079 1807 modos,
1096 1752 1181 1810 saepe
1194 1737 1277 1790 etiam

253 1817 344 1890 ipsum
369 1815 528 1888 hominem,
551 1813 582 1873 id
610 1829 667 1890 est,
691 1829 823 1877 naturam
848 1817 972 1876 hominis
986 1835 1101 1874 carnem
1121 1827 1278 1892 nuncupat,

253 1897 336 1954 modo
351 1899 506 1956 locutionis
519 1918 536 1956 a
549 1910 630 1976 patre
653 1911 758 1972 totum,
786 1903 870 1978 quale
884 1909 942 1958 est:
984 1897 1031 1956 Ee
1044 1899 1178 1978 operibus
1205 1899 1278 1978 legis

253 1999 309 2037 non
322 1981 536 2053 iustificabitur
549 1986 639 2041 omnis
655 2003 734 2042 caro.
777 1985 853 2052 Quid
873 1985 950 2041 enim
970 1981 1017 2038 hic
1034 1983 1130 2040 voluit
1143 1981 1281 2060 intelligi,

253 2064 311 2119 nisi
322 2065 415 2119 omnis
429 2061 531 2121 homol
574 2067 658 2134 Quod
672 2068 799 2142 apertius
811 2069 896 2142 paulo
908 2075 975 2142 post
987 2068 1042 2122 aits
1072 2061 1108 2121 In
1122 2063 1187 2146 lege
1201 2085 1281 2121 neme

254 2145 477 2217 iustificabitur.
520 2144 559 2206 Et
569 2147 606 2205 ad
620 2147 753 2207 Galatas:
795 2149 929 2208 Scientes
942 2151 1012 2224 quia
1030 2167 1086 2205 non
1103 2147 1280 2219 iustificabi-

154 2271 158 2282 .
254 2235 304 2282 tur
318 2225 398 2284 homo
412 2247 449 2285 eu
463 2231 598 2308 operibus
625 2231 708 2310 legis.
751 2229 917 2288 Secundum
942 2227 996 2286 hoc
1022 2231 1217 2307 intelligitur,
1244 2228 1280 2284 m

259 2305 381 2364 Verbum
394 2327 465 2366 caro
472 2311 594 2382 sactum
607 2321 668 2369 est:
691 2311 795 2385 idest,
813 2313 905 2370 homo.
948 2311 1031 2378 Quod
1045 2331 1102 2369 non
1116 2323 1197 2368 recte
1209 2314 1280 2368 acci-

255 2391 365 2462 pientes
392 2389 522 2466 quidam,
549 2403 738 2468 putaverunt,
765 2394 879 2452 Christo
905 2393 1058 2452 humanam
1086 2397 1214 2451 animam
1233 2395 1280 2450 de·

255 2471 352 2528 luisse.
397 2471 575 2532 sicutenim
594 2495 611 2533 a
627 2486 688 2532 toto
711 2495 777 2552 pars
796 2479 949 2554 accipitur,
974 2477 1024 2534 ubi
1038 2477 1147 2534 Mariae
1163 2477 1280 2554 hlagda·

255 2555 337 2610 lenae
353 2555 440 2613 rerba
458 2559 489 2613 in
509 2555 671 2638 Evangelio
690 2561 826 2638 leguntur
850 2559 989 2633 dicentis,
1015 2557 1209 2616 Abstulerant
1225 2559 1279 2614 Do·

254 2640 361 2694 minum
373 2655 474 2706 meum,
489 2648 519 2697 ct
530 2645 627 2698 nescio
640 2631 861 2721 ubiposuenunt
873 2661 951 2716 eum,
971 2661 1035 2699 cum
1049 2641 1084 2696 de
1097 2638 1279 2728 solasshristi

255 2737 342 2776 carne
355 2719 536 2796 loqueretur,
555 2741 640 2797 quam
654 2725 796 2798 sepultam
809 2721 844 2780 de
864 2733 1047 2782 monumento
1066 2721 1188 2798 putahat
1206 2725 1279 2779 ahla·

255 2811 329 2857 tam:
356 2803 398 2857 ita
412 2813 441 2858 et
454 2823 471 2858 a
483 2813 563 2878 parte
576 2814 682 2877 totum,
709 2824 797 2862 carne
816 2809 965 2865 nominata
981 2805 1159 2884 intelligitur
1183 2804 1279 2876 homst

255 2883 343 2936 sicuti
357 2899 390 2938 ea
404 2893 471 2938 sunt
486 2901 558 2958 quae
572 2903 658 2960 supro
672 2891 965 2946 commemoravimus.

316 2960 388 3018 Cum
401 2965 493 3041 igitur
505 2967 604 3022 multis
618 2967 724 3042 modis,
749 2989 821 3046 quos
835 2973 1011 3046 perscrutari
1026 2981 1054 3028 et
1067 2971 1207 3048 colligere
1221 2973 1278 3026 lon·

256 3063 323 3121 gum
338 3053 397 3114 cst,
424 3046 523 3103 divina
534 3045 687 3123 Scriptura
702 3063 848 3127 nuncupet
862 3072 993 3111 carnem:
1020 3053 1090 3130 quid
1111 3056 1150 3108 sit
1180 3072 1278 3108 secun«

258 3125 325 3180 dum
336 3143 450 3183 carnem
465 3131 577 3203 virere,
601 3131 692 3209 (quod
706 3135 836 3210 profecto
851 3137 957 3192 malum
971 3146 1029 3207 est,
1039 3196 1041 3200 ,
1053 3155 1118 3191 cum
1132 3135 1196 3209 ipsa
1223 3153 1278 3190 can

258 3209 303 3263 nis
316 3217 419 3266 natura
433 3225 492 3267 non
506 3214 545 3269 sit
558 3211 691 3294 malum,)
715 3227 748 3273 ut
761 3217 898 3296 indagare
911 3219 1069 3293 possimus,
1095 3219 1278 3292 inspiciamus

256 3289 414 3368 diligenter
425 3293 509 3350 illum
522 3293 617 3352 locum
639 3301 778 3372 epistolae
793 3299 876 3354 Pauli
889 3299 1034 3376 Apostoli,
1060 3317 1144 3376 quam
1168 3299 1277 3374 scripsit

254 3371 291 3428 ad
305 3369 434 3445 Galatas,
447 3377 497 3434 uhi
510 3379 563 3434 ait:
590 3375 760 3452 Manifesta
773 3391 872 3438 autem
884 3391 953 3438 sunt
965 3402 1055 3461 opera
1065 3383 1182 3447 carnis,
1211 3397 1277 3460 quat

253 3463 322 3510 sunt
336 3455 504 3524 adulteria,
523 3457 756 3531 fornicationes,
779 3465 989 3531 immunditiae,
1016 3463 1165 3533 lusurine,
1195 3461 1277 3522 idolo

253 3555 318 3592 rum
331 3540 469 3607 servitus,
493 3540 647 3611 veneficia,
673 3545 859 3616 inimicitiae,
873 3548 1080 3609 contentiones,
1109 3543 1277 3601 aemulatio

253 3634 312 3682 nes,
327 3620 541 3688 animositates,
554 3623 756 3689 dissensiones,
774 3624 921 3692 haereses,
945 3629 1086 3694 invidiae,
1112 3619 1277 3684 slrictutei

254 3702 489 3772 comessationes,
514 3709 544 3759 et
568 3701 614 3757 his
638 3703 759 3776 similia,
782 3725 857 3784 puae
862 3710 1009 3786 praedico
1032 3709 1124 3777 colis,
1150 3711 1235 3763 sicut
1261 3727 1276 3762 s

249 3781 393 3851 praedixi
400 3819 408 3846 ,
435 3785 569 3854 queniam
583 3786 633 3858 qui
646 3784 723 3841 talia
736 3797 846 3865 agunt,
872 3805 993 3867 regnum
1007 3789 1068 3846 Dei
1087 3807 1143 3844 non
1149 3791 1276 3866 posside
