2538 4392
204 221 262 278 na
421 209 521 272 orvs
547 205 735 268 nvnuuu
761 176 1029 263 aberamus

202 370 366 432 videremus
380 368 437 424 ista
451 363 605 439 compleri3
638 381 676 418 ne
688 378 764 420 vane
777 367 863 434 atque
879 356 1009 416 inaniter
1021 354 1072 414 hie
1082 358 1175 415 allum
1189 360 1238 416 eli·

202 475 288 532 quem
310 453 508 527 requiramus,
535 449 612 504 siout
636 447 771 504 carnales
784 441 893 500 ludaei.
917 439 993 498 Nam
1015 449 1047 497 et
1068 443 1238 520 ipsiusque

202 539 273 596 adeo
286 537 391 607 filium,
418 551 505 609 quem
517 533 583 586 loeo
597 531 655 588 isto
668 529 734 608 regi
746 525 843 585 David
855 527 1033 600 promissum
1045 526 1171 603 legunt,
1193 529 1237 583 in-

202 621 341 700 telligunt
354 637 414 676 non
427 617 520 674 fuisse
534 612 737 683 Salomonem,
760 619 795 668 ut
812 628 846 666 eo
859 611 910 684 qui
922 609 1084 683 promissus
1100 618 1148 666 est
1159 619 1237 667 tauta

200 707 259 762 iam
280 701 519 760 manifestatione
543 697 691 754 declarato
715 692 807 752 adhue
830 693 959 750 mirabili
982 694 1127 749 coecitate
1151 696 1235 752 alium
1264 751 1265 758 χ

201 806 318 865 sperare
332 805 364 842 se
377 785 486 841 dieant.
499 781 590 839 Facta
602 789 650 838 est
663 778 781 856 quidem
793 779 937 835 nonnulla
950 778 1049 854 imago
1062 777 1108 832 rei
1120 775 1235 834 futurae

202 873 290 928 etiam
303 871 335 926 in
349 867 523 938 Salomone,
546 866 578 922 in
593 883 627 922 eo
642 863 719 940 quod
732 863 871 937 templum
884 860 1069 931 aedificavit,
1095 869 1125 917 et
1137 880 1234 936 pacem

201 954 302 1012 habuit
318 951 478 1008 seeundum
499 967 606 1006 nomen
623 966 724 1018 suum,
747 941 900 1026 (Salomon
919 947 1024 1020 quippe
1042 944 1179 1018 paoifiens
1193 954 1236 1000 est

201 1032 335 1114 Latine,)
355 1044 385 1092 et
397 1036 429 1092 in
442 1032 563 1090 exordio
575 1033 664 1111 regni
677 1032 723 1088 aui
734 1028 908 1088 mirabiliter
919 1027 1075 1085 laudabilis
1089 1025 1156 1084 fnit:
1180 1027 1235 1083 sed

203 1119 303 1178 eadem
317 1138 370 1178 sua
384 1135 511 1195 perrona
523 1134 576 1192 per
588 1113 720 1174 umbram
732 1113 824 1172 buturi
836 1111 1063 1188 praenuntiabat
1077 1112 1161 1167 etiam
1171 1113 1236 1186 ipse

140 1269 143 1276 Ἰ
202 1203 350 1262 Christum
364 1199 524 1260 Dominum
536 1209 681 1272 nostrum,
695 1217 755 1256 non
770 1196 933 1256 exhibebat.
952 1193 1037 1252 Vnde
1049 1194 1191 1270 quaedam
1203 1195 1237 1251 de

201 1290 252 1345 illo
266 1289 308 1344 ita
321 1288 431 1364 scripta
444 1293 524 1358 sunt,
538 1285 623 1360 quasi
637 1283 672 1340 de
684 1285 749 1357 ipso
762 1284 805 1339 ita
818 1281 966 1356 praedicto
981 1281 1058 1350 sint,
1073 1278 1145 1336 dum
1156 1277 1238 1336 Seri-

201 1381 289 1446 pturo
303 1380 405 1428 saneta
418 1371 506 1426 etiam
518 1368 606 1426 rebus
617 1368 710 1446 gestis
720 1365 906 1442 prophetans,
921 1362 1047 1440 quodam
1059 1363 1148 1420 modo
1161 1365 1193 1420 in
1207 1381 1239 1419 eo

201 1455 327 1538 liguram
340 1455 469 1511 delineat
479 1452 655 1508 futurorum.
682 1449 759 1508 Nam
776 1457 892 1524 praeter
910 1448 999 1504 libros
1014 1446 1134 1504 divinae
1147 1445 1239 1504 histo-

200 1540 275 1611 riae,
288 1539 338 1594 nbi
349 1553 491 1614 regnasse
504 1543 660 1605 narratur,
683 1531 815 1590 Psalmus
830 1533 918 1588 etiam
930 1533 1169 1608 septuagesimus
1181 1531 1238 1606 pri-

201 1639 265 1678 mus
279 1623 365 1677 titulo
380 1619 507 1675 nominis
523 1619 584 1674 eius
595 1617 756 1691 inseriptus
771 1625 829 1674 est:
844 1617 876 1672 in
889 1624 1019 1690 quotam
1031 1615 1125 1670 multa
1136 1613 1237 1671 dicum

201 1713 268 1774 tur,
292 1718 366 1778 qnae
388 1703 508 1758 omnino
525 1701 555 1757 ei
576 1701 736 1758 convenire
755 1719 816 1758 non
833 1709 972 1774 possunt,
998 1696 1128 1754 Domino
1143 1707 1238 1754 autem

202 1782 319 1844 Christo
333 1785 483 1860 aptissima
495 1785 704 1859 perspicuitate
717 1785 913 1856 conveniunt,
938 1791 973 1838 nt
985 1780 1141 1838 evidenter
1155 1798 1237 1856 appa·

200 1878 276 1941 reat,
291 1868 367 1944 quod
380 1869 412 1928 in
425 1869 477 1924 illo
490 1867 587 1945 figura
600 1869 811 1944 qualiacunque
821 1866 993 1936 ,adumbrata
1006 1866 1057 1936 sit,
1071 1866 1105 1921 in
1118 1866 1178 1921 isto
1191 1882 1238 1919 au-

201 1963 261 2010 tem
274 1953 339 2028 ipsa
353 1953 463 2010 veritas
483 1959 679 2026 praesentata.
713 1949 825 2008 Notum
838 1959 886 2006 est
897 1949 974 2005 enim
988 1948 1093 2024 quibus
1107 1949 1239 2004 terminis

199 2055 327 2116 regnum
341 2037 511 2094 oonoluaum
523 2035 614 2092 fuerit
625 2033 806 2092 Salomonis:
822 2043 851 2090 et
863 2034 1007 2098 tamenin
1021 2048 1056 2087 eo
1068 2030 1186 2088 Psalmo
1200 2034 1239 2086 le·

201 2123 294 2200 gitur,
307 2129 341 2179 ut
354 2123 411 2178 alia
425 2129 548 2192 teneam,
565 2117 776 2176 Dominabitur
789 2137 809 2175 a
822 2119 902 2174 mari
913 2134 1001 2194 scopae
1014 2115 1056 2172 ad
1067 2134 1166 2185 mare,
1180 2124 1208 2172 at
1221 2133 1238 2169 a

195 2205 322 2281 flumine
341 2221 432 2281 aequo
442 2204 485 2263 ad
498 2204 640 2262 terminon
652 2203 732 2260 ordio
746 2213 874 2259 torrae:x
889 2197 967 2276 quod
981 2199 1012 2254 in
1026 2196 1148 2254 Christo
1161 2198 1238 2255 vide·
1264 2257 1265 2260 Ἴ

139 2344 141 2348 .
201 2295 266 2344 mus
280 2288 404 2360 irnplori
426 2284 584 2344 Allumine
597 2287 702 2360 quippe
716 2283 886 2342 dominandi
895 2282 999 2340 sumsit
1011 2281 1179 2353 exordium,
1194 2279 1239 2337 ubi

201 2371 365 2444 baptizatus
379 2387 396 2426 a
409 2367 539 2440 Ioanne,
560 2367 662 2426 eodem
676 2377 860 2426 monstrante
875 2367 972 2442 ooepit
983 2366 1107 2443 agnosci
1121 2383 1142 2420 a
1155 2365 1239 2420 disei-

201 2454 298 2526 puhr,
323 2454 374 2530 qui
387 2471 453 2510 eum
467 2471 527 2510 non
541 2453 634 2510 solum
647 2453 837 2530 magistrum,
862 2469 964 2508 rerum
978 2451 1065 2506 etiam
1080 2445 1241 2506 Dominum

202 2538 430 2614 appellaverunt.

265 2619 329 2677 Neo
344 2621 379 2678 ob
394 2620 484 2694 aliud,
497 2623 618 2678 vivente
632 2621 728 2678 adhue
739 2629 823 2697 patro
842 2637 896 2678 auo
909 2616 1021 2690 David,
1044 2635 1175 2696 regnare
1188 2615 1242 2674 Sa·

201 2705 301 2761 lomon
314 2706 426 2780 eoepit,
452 2705 531 2781 quod
550 2705 625 2762 nulli
642 2706 760 2760 illorum
773 2721 879 2782 regum
890 2703 1029 2780 contigit,
1053 2703 1114 2758 nisi
1128 2711 1164 2758 ut
1175 2700 1242 2758 hine
1264 2693 1265 2700 '

202 2805 317 2864 quoque
330 2789 403 2844 satia
417 2790 542 2858 eluceat,
556 2785 617 2844 non
631 2805 695 2854 esse
704 2789 811 2862 ipsum,
825 2799 911 2864 quem
919 2783 1073 2862 prophetia
1086 2787 1146 2842 ista
1158 2803 1242 2860 prae·

202 2872 312 2947 signat,
334 2889 409 2946 quae
422 2869 459 2926 ad
473 2872 535 2926 eiua
548 2879 661 2944 patrem
673 2873 815 2946 loquitur,
842 2869 958 2938 dioens:
984 2868 1028 2926 Et
1040 2871 1103 2926 erit
1114 2887 1182 2926 οιιιιι
1195 2887 1242 2924 re-

194 2952 408 3029 pletifaera'nt
421 2953 484 3010 dieo
497 2955 553 3021 tui,
572 2963 603 3009 et
616 2953 743 3010 dormies
759 2973 823 3011 oum
829 2953 972 3033 patrituo
986 2954 1055 3022 tuto,
1071 2961 1103 3009 et
1114 2953 1241 3010 moitu-

200 3035 235 3091 ho
248 3050 344 3091 semen
358 3039 518 3113 tuumpoat
531 3044 577 3106 te,
603 3037 656 3112 qai
672 3038 733 3093 erit
750 3038 786 3094 de
802 3045 905 3096 ventre
923 3045 987 3106 tao,
1009 3045 1040 3093 et
1046 3033 1243 3115 praeparabo

201 3129 326 3196 regnam
338 3117 428 3174 illiue.
463 3117 616 3184 Quomodo
634 3136 705 3199 ergo
723 3130 843 3196 propter
858 3119 889 3176 ld
908 3119 985 3196 quod
1003 3117 1158 3194 sequitur,
1183 3115 1243 3174 Hie

201 3199 376 3273 aedificabit
386 3200 460 3259 mihi
472 3201 595 3273 domam,
608 3204 666 3260 iste
677 3201 817 3261 Salomon
830 3204 980 3279 potabitur
992 3200 1200 3278 prophetatas:
1215 3210 1244 3255 et

201 3303 262 3343 uon
274 3287 372 3361 potina
385 3295 505 3360 propter
519 3285 550 3341 id
563 3287 641 3362 quod
653 3284 820 3362 praeeedit,
838 3286 909 3344 Cum
922 3285 1032 3365 repleti
1038 3285 1169 3358 fuerint
1180 3285 1245 3341 dio

202 3371 262 3441 tui,
287 3380 317 3428 et
331 3371 457 3428 dormies
470 3389 534 3428 oum
541 3371 686 3448 patribus
699 3373 775 3442 taio,
801 3370 949 3428 aaooitobo
962 3387 1058 3427 semen
1083 3379 1165 3427 taam
1173 3376 1246 3446 poet

202 3463 243 3524 to,
257 3453 334 3511 aliua
346 3452 484 3530 paolfiaus
498 3455 676 3532 intelligitur
688 3473 751 3510 esse
764 3455 936 3530 promissus,
952 3454 1075 3528 quinon
1091 3462 1175 3523 ante,
1188 3452 1246 3506 sie·

202 3546 236 3594 ut
248 3538 323 3610 iste,
349 3537 401 3594 sed
412 3545 479 3612 post
491 3545 615 3595 mortens
627 3535 724 3595 David
737 3539 962 3613 praenuntiatus
979 3546 1025 3592 est
1037 3529 1246 3593 suscitandus!
1264 3547 1265 3574 ³

204 3621 369 3686 Quamlibet
380 3621 459 3678 enim
476 3623 566 3700 longo
579 3623 754 3696 interposito
766 3631 899 3695 tempore
912 3618 994 3677 lesus
1008 3619 1149 3677 Christus
1162 3618 1247 3676 veni-

201 3710 265 3770 rat,
286 3705 387 3776 prooul
401 3703 488 3762 dubio
501 3713 568 3780 post
580 3713 704 3761 mortem
715 3706 795 3784 regia
810 3703 918 3776 David,
944 3705 991 3760 oui
1004 3704 1049 3759 sio
1063 3711 1108 3760 est
1119 3701 1248 3777 promis·

203 3799 265 3852 sus,
280 3801 346 3840 eum
358 3787 463 3842 venire
476 3789 639 3861 oportebat,
653 3790 704 3862 qui
717 3787 887 3844 aedificaret
901 3787 1017 3843 domum
1030 3783 1111 3857 Deo,
1138 3805 1203 3842 non
1217 3781 1249 3838 de

203 3863 295 3941 lignis
310 3875 339 3920 et
350 3867 511 3940 lapidibus,
535 3871 587 3926 aad
600 3869 636 3926 de
649 3869 833 3941 hominibus,
857 3873 973 3946 qualem
993 3871 1076 3926 illum
1089 3868 1249 3926 aedificare
