2602 4416
303 192 369 251 DE
394 191 610 251 ClVlTA'l'E
634 195 712 254 DEl
740 197 819 256 ΜΒ.
842 200 864 257 1.
1060 211 1100 270 33

53 351 149 408 adiuta
172 346 330 405 divinitus
348 343 457 399 robore
474 345 656 417 voluntatis,
683 357 718 403 ut
736 349 777 404 sit
795 360 930 408 sanctum
943 365 973 411 et
992 375 1099 436 eorpus

50 447 76 491 et
88 434 239 509 spiritus3
266 445 325 484 nec
337 428 399 483 tale
411 425 522 484 benum
535 445 611 500 esse,
638 429 718 505 quod
730 432 827 489 invito
840 434 938 492 auimo
953 457 1013 496 non
1026 459 1096 514 pos-

49 520 84 573 sit
101 515 244 574 auferri:
272 511 325 587 qui
341 527 431 566 error
455 511 497 566 eis
523 510 651 568 fortasse
677 515 810 573 sublatus
828 525 884 572 est.
927 518 1000 578 Cum
1019 527 1097 582 enim

49 603 188 679 cogitant
208 614 273 672 qna
292 595 479 651 conscientia
497 592 563 651 Deo
582 599 758 670 servierint,
789 609 819 656 et
835 598 894 657 lide
919 603 1098 664 inconcussa

48 703 105 741 uon
120 682 160 738 de
179 683 237 737 ilio
257 679 398 736 sentiunt
415 676 495 752 quod
512 679 555 735 ita
572 680 630 736 sibi
647 684 813 740 servientes
841 702 968 761 eumque
989 689 1031 745 ita
1051 692 1097 746 in·

46 775 191 824 vocantes
208 763 354 820 deserere
367 761 431 818 ullo
451 760 537 818 modo
557 766 703 837 potuerit,
729 775 932 844 quantumque
945 771 989 826 illi
1008 775 1098 828 carti-

46 861 87 907 tss
107 853 237 924 placeat
255 845 395 903 dubitare
415 861 476 900 non
501 857 651 920 possunt,
677 848 782 907 rident
798 869 864 906 esse
897 870 1097 928 consequens,

46 929 244 1009 nequaquam
269 931 356 986 illum
383 927 479 984 fuisse
501 931 731 1004 permissurum,
763 943 797 989 ut
825 932 898 990 baec
926 937 1098 996 acciderent

47 1019 158 1074 sanetis
174 1016 258 1085 suis,
286 1014 315 1068 si
328 1030 363 1068 eo
376 1010 465 1068 modo
478 1013 576 1086 perire
588 1024 689 1089 posset
702 1018 862 1089 sanctitas,
889 1036 977 1092 quam
989 1030 1095 1078 contu-

47 1103 78 1156 lit
92 1102 136 1156 eis
152 1108 185 1155 et
208 1097 316 1175 diligit
335 1095 436 1152 ineis.

414 1211 481 1271 CA
503 1213 536 1271 P.
584 1213 688 1273 XXI
700 1215 741 1273 X.

48 1291 243 1370 Quidfamils'a
255 1291 368 1346 Christi·
381 1294 540 1377 respondere
555 1295 649 1348 debeat
663 1297 825 1416 iqsdelibna
845 1311 908 1376 οιιιιιΙ
921 1299 1097 1364 exprobrant,

164 1365 244 1435 qnod
252 1379 316 1417 cem
325 1380 343 1416 ιι
349 1363 452 1435 furore
464 1363 582 1416 lechum
597 1381 651 1418 noa
665 1367 686 1416 ls
704 1366 824 1418 eraserit
840 1363 976 1417 cerutus.

109 1455 209 1512 Habet
227 1455 338 1529 itaque
357 1455 453 1509 omnis
470 1453 584 1511 familia
597 1455 704 1512 summi
718 1463 749 1511 et
761 1457 825 1512 veri
840 1453 899 1512 Dei
914 1458 1095 1513 consolatio-

54 1557 121 1596 nem
138 1557 231 1611 suam,
259 1555 327 1594 non
354 1536 499 1610 fallacem,
524 1557 581 1595 nee
606 1539 639 1595 in
665 1556 716 1612 spe
742 1557 842 1596 rerum
860 1541 1030 1596 nutantium
1048 1543 1096 1598 vel

53 1624 210 1680 labentium
239 1622 455 1693 constitutom3
487 1623 640 1698 vitamque
672 1624 760 1678 etiam
786 1623 880 1698 ipsam
905 1627 1095 1698 temporalem
1173 1675 1175 1679 .

49 1709 164 1764 minime
177 1703 416 1781 poenitendam,
436 1705 468 1761 in
482 1723 540 1779 qua
553 1705 690 1762 eruditur
702 1705 740 1762 sd
753 1716 923 1778 aeternam3
949 1707 1096 1782 bonisque

50 1792 172 1847 terrenis
186 1799 342 1864 tanquam
354 1789 514 1866 peregrine
533 1790 647 1861 utitur,
673 1807 729 1845 nec
743 1791 869 1866 capitur,
896 1791 982 1846 malis
996 1800 1094 1848 autem

47 1885 92 1932 aut
109 1874 284 1949 probatur,
313 1879 368 1927 eut
387 1870 568 1929 emendetur.
612 1871 660 1930 illi
676 1891 750 1930 vero
770 1875 821 1950 qui
840 1873 1012 1948 probationi
1030 1875 1096 1929 cius

47 1960 211 2029 insultant,
238 1955 331 2030 eique
344 1953 468 2026 dicunt,
495 1973 564 2012 cum
575 1955 655 2013 forte
667 1958 700 2014 in
714 1958 813 2034 aliqua
826 1958 1002 2031 temporalia
1020 1959 1097 2012 mals

47 2042 217 2112 devenerit,
251 2036 310 2095 Vbi
326 2048 374 2096 est
395 2036 480 2095 Deua
498 2037 587 2098 tueri
610 2037 671 2114 Ipsi
687 2039 802 2097 dicant:
827 2039 883 2096 Vbi
902 2042 964 2096 sint
984 2037 1026 2093 dii
1045 2057 1096 2093 cc·

48 2144 122 2197 rum,
151 2142 253 2200 quum
266 2123 344 2178 talis
358 2123 532 2195 patiuntur,
558 2139 612 2197 pro
633 2123 740 2200 quibus
755 2121 902 2180 evitandis
917 2139 968 2178 eos
982 2123 1030 2178 vel
1044 2139 1095 2176 co-

50 2211 118 2281 lunt,
144 2210 201 2266 vel
230 2205 377 2262 colendos
402 2221 469 2260 esse
495 2205 689 2264 contendunt.
732 2205 809 2264 Nam
834 2208 892 2263 ista
918 2203 1095 2280 respondet:

49 2291 123 2349 Deus
136 2309 231 2349 meus
253 2289 367 2363 ubique
384 2305 526 2362 praesens
541 2299 602 2361 est,
630 2291 740 2364 ubique
752 2297 852 2360 totus,
878 2307 1027 2363 nusquam
1046 2291 1095 2344 in-

50 2377 158 2448 clusus,
189 2374 248 2449 qui
268 2373 367 2447 possit
388 2369 494 2426 adesse
516 2381 678 2443 secretus,
692 2373 796 2428 abesse
819 2390 882 2428 non
905 2381 1020 2428 motus:
1046 2373 1096 2426 ille

50 2477 110 2515 cum
122 2478 171 2516 me
182 2454 422 2514 adversisrebua
436 2455 580 2532 exagitat,
593 2464 647 2511 aut
658 2457 764 2511 merita
782 2456 944 2525 examinat,
959 2463 1012 2510 out
1024 2473 1094 2528 pec-

49 2551 107 2598 cata
127 2543 283 2618 castigat,
309 2535 535 2613 mercedemque
553 2537 626 2594 mihi
645 2547 797 2594 aeternam
813 2556 868 2612 pro
891 2538 1027 2592 toleratis
1048 2538 1096 2607 pie

51 2627 129 2681 malis
146 2621 371 2698 temporalibus
398 2629 510 2677 servat:
532 2639 588 2678 vos
602 2629 702 2676 autem
720 2622 772 2693 qui
792 2621 883 2689 estis,
909 2634 976 2671 eum
990 2616 1097 2689 quibua

49 2709 129 2781 loqui
140 2708 269 2784 dignum
284 2707 327 2761 sit
343 2705 446 2760 saltem
457 2702 495 2758 de
509 2702 566 2758 diis
579 2702 707 2773 vestris,
736 2709 847 2776 quanto
867 2699 967 2756 minus
981 2697 1018 2753 de
1032 2698 1097 2755 Deo

50 2807 127 2860 mee,
155 2791 208 2864 qui
220 2786 374 2846 terribilia
393 2797 439 2844 ert
457 2803 548 2864 cuper
566 2801 664 2843 omnes
678 2782 769 2843 decet
797 2781 944 2854 Quoniam
963 2781 1009 2840 dii
1020 2801 1094 2860 gen·

49 2873 120 2929 tium
142 2873 321 2942 άιιιιιιιιιιίιι,
349 2868 495 2928 Dominus
514 2879 616 2928 autem
642 2867 736 2927 coelos
749 2868 844 2941 feeit.

418 3020 540 3079 CAP.
596 3017 729 3077 XXX.

52 3119 136 3183 Quam
152 3120 291 3190 pudendis
298 3117 534 3188 prosperitatibus
553 3116 666 3186 affluere
685 3116 778 3181 velint,
801 3115 849 3185 qui
872 3115 904 3167 de
927 3113 1097 3168 Christianis

376 3187 540 3254 teropcrs'bus
560 3195 769 3256 conqueruntur.

109 3279 145 3338 Si
167 3280 284 3338 Nasica
307 3278 361 3333 ille
385 3274 487 3350 Scipio
509 3287 609 3335 vester
631 3276 780 3352 quondam
802 3275 941 3350 pontifex
963 3277 1093 3343 viveret,

54 3382 135 3439 quem
147 3365 204 3422 sub
218 3373 339 3420 terrore
352 3361 424 3417 belli
443 3359 551 3418 Punici
567 3363 600 3416 in
618 3357 816 3434 suscipiendis
834 3357 974 3437 Phrygiis
990 3358 1096 3424 sacris,

54 3465 118 3503 cum
128 3450 178 3505 vir
189 3447 324 3521 optimus
339 3451 545 3519 quaereretur,
571 3445 731 3501 universus
745 3451 867 3499 senatus
882 3443 991 3520 elegit,
1011 3437 1097 3493 cuius

54 3547 91 3584 os
103 3529 230 3587 fortasse
244 3545 309 3585 non
323 3526 474 3583 auderetis
488 3527 651 3602 adspicere,
677 3528 742 3600 ipse
755 3543 809 3582 vos
823 3526 858 3582 ab
871 3524 928 3580 bae
940 3518 1097 3592 impuden-

53 3613 96 3667 tia
108 3611 271 3670 cohiberet.
316 3609 378 3668 Cur
391 3609 471 3665 enim
484 3609 586 3667 afflicti
599 3611 687 3666 rebus
709 3607 842 3665 adversis
860 3607 896 3662 de
915 3603 1097 3677 temporibus

53 3697 213 3768 querimini
228 3691 427 3763 Christianis,
448 3693 513 3748 misi
529 3695 598 3768 quia
610 3701 740 3750 vestram
757 3691 907 3748 luxuriem
922 3687 1029 3762 cupitis
1044 3684 1097 3742 bs-

53 3777 121 3833 berc
135 3795 287 3846 securam,
306 3785 337 3832 et
349 3773 559 3849 perditissimis
573 3776 704 3832 moribus
718 3781 833 3829 remota
850 3770 932 3826 omui
947 3770 1097 3825 molestis-

55 3876 118 3918 rmn
138 3862 303 3937 asperitate
328 3853 484 3916 diffluerel
510 3857 615 3934 Neque
635 3859 714 3914 enim
736 3863 892 3992 proptqrea
914 3853 1023 3924 cupitis
1045 3850 1097 3906 bs·
