2586 4396
251 187 315 246 DE
338 185 555 248 civium
576 189 658 252 DEI
676 193 757 256 niu.
779 195 852 260 Vll.
1017 205 1078 264 tle

28 344 159 421 saepis,
175 341 250 402 sire
264 357 342 417 ques
353 339 416 416 ipse
428 341 570 417 eonieeit,
584 341 763 406 distribuere
774 349 925 410 lsoomvie
969 353 1079 418 ‘lieet

26 439 122 487 eutem
135 427 223 484 feeit
237 433 329 500 etque
341 426 405 504 egit
415 443 491 482 unus
503 445 591 484 verus
604 426 703 503 Densi
729 432 782 492 ssd
801 433 879 492 sieut
896 435 972 498 iden
984 437 1077 512 Deus,

24 513 49 568 id
63 521 130 585 est,
145 510 273 585 ubique
285 517 386 580 totus,
407 511 496 566 nullis
509 511 643 570 inelusus
655 515 749 589 loe'is,
767 517 859 574 nullis
871 519 1000 584 rimulis
1012 523 1077 578 slli-

22 607 130 677 gneus,
160 595 202 650 in
216 593 320 652 nullm
331 601 433 667 partes
446 595 575 669 sectilis,
602 613 640 653 ex
653 600 736 656 nulls
748 610 832 675 pene
844 603 1009 678 mutabilis,
1022 606 1078 662 irn-

21 684 106 756 plens
123 679 259 736 eoelum
272 686 303 733 et
315 686 425 732 terrum
436 687 591 752 praesente
604 684 755 755 potentis,
781 703 843 741 non
856 685 1011 766 indigente
1024 707 1077 746 uu·

21 777 98 822 ture.
122 761 183 822 Sin
200 763 310 836 itaque
321 759 507 824 administrat
521 765 619 821 omnis
636 781 712 840 quse
725 771 853 840 oreevit,
866 779 902 827 ut
914 774 1002 830 etism
1015 774 1077 848 lpse

20 849 164 924 proprios
181 863 334 904 exeruere
353 853 383 900 et
400 860 490 924 egere
507 857 606 907 motus
625 851 714 907 sinat.
757 853 897 920 Quemvis
911 857 990 912 euim
1003 855 1078 914 nibil

22 951 88 988 esse
99 931 236 1008 possint
251 930 319 985 sine
330 929 411 1004 ipso,
424 948 486 986 nou
499 941 570 987 sunt
582 931 661 1008 quod
673 935 746 1008 ipse.
789 935 861 1015 Agit
871 948 971 997 sutem
983 941 1077 997 multe

21 1019 110 1076 etism
123 1033 187 1089 per
200 1013 353 1091 Angelos:
379 1013 431 1070 sed
449 1017 571 1071 nonnisi
590 1035 628 1072 ex
647 1036 680 1073 se
696 1020 761 1093 ipso
775 1021 923 1081 beatificet
935 1025 1075 1106 Angelos.

21 1099 62 1156 lta
76 1099 230 1177 quemvis
243 1104 369 1171 propter
382 1099 495 1174 sliquss
509 1117 612 1158 eeusss
632 1099 799 1166 bominibus
812 1097 943 1184 Angelos
961 1112 1076 1166 mittet:

19 1204 80 1240 nou
93 1194 209 1239 temen
223 1199 266 1237 ex
277 1181 403 1259 Angelis
415 1180 566 1255 homiues,
586 1183 638 1240 sed
651 1203 689 1241 ex
702 1189 831 1261 seipso,
845 1191 923 1246 nont
934 1192 1073 1273 Angelos,

19 1267 190 1325 beatificet.
234 1265 280 1322 Ab
294 1263 351 1321 hoe
364 1283 424 1322 uno
438 1274 469 1322 et
481 1285 554 1324 vero
568 1266 634 1325 Deo
647 1271 739 1329 vitan
751 1287 902 1344 speramus
917 1285 1073 1332 aeternum.

662 1347 699 1426 (³
710 1354 749 1410 al.
766 1351 849 1413 OAP.
861 1352 993 1434 XXX.)

21 1599 135 1666 Quibus
141 1596 263 1668 prepete
273 1594 409 1666 beneficiis
418 1593 487 1680 Dei,
506 1605 620 1680 eecepsa
628 1601 755 1669 generali
764 1599 911 1671 largitate,
930 1613 1075 1660 sectatores

424 1677 551 1720 sentens
561 1677 685 1722 utantur.

82 1777 248 1835 Habemus
264 1776 344 1832 enim
357 1773 393 1830 sb
407 1775 458 1832 illo
472 1784 590 1848 praeter
601 1775 807 1838 huiuscemodi
819 1779 979 1852 beneflcio,
999 1799 1075 1856 quoe
1112 1825 1113 1830 ι

23 1883 58 1920 ex
73 1861 153 1933 bne,
168 1859 209 1916 de
223 1877 284 1935 qus
297 1861 442 1916 nonnulle
455 1859 600 1934 diximus,
614 1860 871 1920 administratione
884 1872 1008 1922 nuturee
1020 1866 1074 1922 bo·

21 1950 66 2004 uis
88 1947 249 2019 melisque
262 1944 407 2020 largitur,
433 1961 574 2020 magnum
586 1955 617 2001 et
625 1946 772 2003 bonorum
784 1949 936 2022 proprium
949 1967 1075 2025 magnes

20 2031 204 2090 dilectionis
217 2025 372 2084 indicium.
416 2027 591 2102 Quanquam
604 2030 699 2101 enim,
713 2030 792 2106 quod
805 2049 923 2101 sumus,
938 2031 1016 2106 quod
1028 2035 1075 2088 vi·

20 2118 141 2185 rimus,
170 2111 256 2188 quod
274 2111 394 2168 eoelum
411 2118 579 2186 terramque
600 2114 816 2188 conspicimus,
844 2113 922 2190 quod
935 2113 1075 2171 hebemus

21 2210 157 2256 mentem
170 2206 266 2272 utque
278 2196 440 2264 rationem,
458 2211 517 2270 qus
529 2213 596 2252 eum
608 2197 716 2270 ipsum,
742 2199 795 2273 qui
806 2195 878 2254 heoo
889 2200 988 2254 omnis
1001 2217 1074 2256 oon·

21 2284 115 2355 didit,
143 2282 355 2356 inquiremus,
370 2295 556 2354 nequaquem
567 2281 717 2338 veleamus
731 2283 844 2340 nedoni
857 2281 991 2338 sullieere
1004 2301 1074 2361 grs-

19 2371 150 2424 tisrum:
179 2374 284 2422 tumen
303 2360 384 2438 quod
401 2381 456 2418 uos
474 2373 613 2421 ouerstos
635 2365 816 2444 obrutosque
838 2369 982 2442 peccetis,
1009 2377 1074 2423 ets

21 2449 285 2525 contemplatione
298 2465 371 2504 sune
383 2447 459 2503 lueis
472 2465 610 2520 eversos,
629 2465 664 2504 uo
677 2450 882 2520 tenebrarum,
896 2449 926 2506 id
940 2460 999 2521 est,
1014 2452 1073 2506 ini·

19 2536 148 2608 quitatis
162 2534 330 2590 dileetione
342 2540 487 2602 ementes,
501 2549 564 2588 uon
577 2533 696 2588 omuino
711 2531 853 2602 deseruit,
866 2534 1005 2606 misitque
1018 2551 1073 2587 no-

18 2619 70 2674 bis
83 2617 220 2674 Verbum
233 2633 339 2686 suum,
358 2617 410 2689 qui
421 2623 469 2670 est
481 2615 546 2670 eius
559 2616 668 2670 uniens
681 2613 791 2686 Filius,
805 2633 864 2690 quo
876 2632 929 2688 pro
943 2615 1027 2670 nobie
1042 2616 1074 2671 iu

18 2709 163 2756 assumts
176 2717 270 2758 eerne
283 2708 355 2756 usto
368 2707 457 2774 etque
469 2715 574 2773 passo,
589 2698 694 2772 quenti
705 2695 789 2754 Deus
801 2696 949 2754 hominem
962 2696 1073 2770 pende·

19 2795 74 2840 ret
89 2801 300 2855 nosceremus,
313 2791 403 2858 etque
416 2784 467 2838 illo
482 2781 629 2838 sacrifieio
642 2781 790 2860 singulari
803 2799 821 2838 o
833 2783 964 2856 peccetis
978 2783 1072 2838 omni-

18 2870 84 2924 bus
96 2867 319 2940 munduemur,
333 2865 580 2941 eiusqueSpiritu
591 2868 623 2924 in
638 2865 776 2924 cordibus
790 2867 901 2923 nostris
914 2865 1072 2924 dileetione

19 2949 152 3023 diffuse,
171 2953 312 3008 omnibus
326 2949 547 3010 ‹ufficuleetibus
560 2951 706 3026 superetis
719 2952 752 3008 in
765 2960 916 3008 ueternum
929 2952 1071 3026 requiem,

16 3047 51 3092 et
80 3037 349 3110 eontempletionis
378 3035 442 3090 eius
469 3031 647 3092 ineffabilem
676 3034 862 3092 dulcedinem
891 3037 1071 3092 veniremus.

17 3121 108 3187 Quae
122 3119 233 3192 eorde,
254 3130 325 3197 quot
337 3119 459 3196 linguae
472 3119 509 3178 sd
522 3119 653 3197 agendos
667 3120 695 3178 ei
708 3121 821 3200 gratioe
834 3120 906 3177 sutis
920 3137 986 3176 esse
1000 3137 1070 3176 oon-

16 3198 200 3266 tenderinti

379 3284 402 3343 C
423 3285 447 3342 A
468 3283 502 3341 P.
543 3282 666 3342 XXX
679 3285 693 3342 1
705 3285 728 3344 Ι.

18 3385 106 3450 Quot
113 3391 320 3438 aeramentum
329 3381 503 3434 redemtionis
515 3379 619 3436 clienti
629 3383 795 3435 nullieretro
804 3383 969 3450 temporibus
983 3383 1074 3453 defue-

121 3455 179 3519 rit,
194 3469 349 3524 seroperque
358 3452 396 3506 sit
406 3451 517 3506 ἀιῗιιιιὲι
527 3451 774 3523 significationibus
780 3453 980 3520 praedicatum.

84 3545 159 3604 Hoe
171 3545 349 3620 mysterium
360 3545 441 3599 vitoe
453 3552 594 3600 aeternus
603 3543 661 3600 ium
675 3541 744 3599 inde
757 3543 793 3598 ub
813 3542 936 3598 exordio
955 3542 1074 3616 generis
1125 3555 1129 3566 ’

17 3632 153 3690 Ιιιιιιιιιιιί
166 3643 221 3703 per
235 3627 380 3703 quondum
391 3629 479 3705 signu
492 3636 522 3683 et
538 3636 722 3683 sumomonte
735 3625 915 3698 temporibus
930 3639 1074 3700 congrue,

18 3717 139 3794 quibus
153 3713 302 3786 oportuit,
315 3729 369 3786 per
381 3712 510 3790 Angelos
522 3709 723 3786 praedicatum
738 3718 792 3766 est.
819 3706 935 3764 Deinde
948 3709 1074 3782 populus

17 3800 189 3858 Hebrseus
201 3798 235 3852 in
248 3812 338 3853 unum
351 3793 497 3871 quendem
508 3793 732 3868 rempublicam,
753 3809 828 3869 quse
841 3790 896 3848 hoo
907 3809 1073 3848 sentemen-

18 3897 93 3942 tum
110 3889 234 3960 egeret,
261 3888 460 3958 tongregetus
473 3889 531 3951 est;
559 3878 607 3936 ubi
624 3895 677 3954 per
690 3875 833 3956 quosdam
851 3878 996 3949 seientes,
1021 3889 1074 3952 pes
