2586 4396
254 168 319 228 DE
343 168 567 230 ClVl'l'ATE
589 171 668 232 DEl
688 175 767 234 LlB.
792 177 852 236 v11
1020 185 1075 242 191

50 323 108 400 quid
123 325 225 380 maius
239 332 330 397 atque
351 326 563 398 praestantius:
592 329 668 384 sicut
684 329 719 386 in
738 331 859 402 militia,
882 351 947 390 cum
965 336 1076 392 tirones

49 411 124 464 electi
136 409 272 478 fuerint,
301 425 340 462 ex
352 405 398 461 bis
417 426 531 483 quoquc
550 411 700 488 eliguntur
717 413 753 468 ad
766 433 838 487 opus
852 416 971 490 aliquod
983 420 1077 474 maius

47 511 199 548 armorum.
236 489 277 545 Et
290 509 358 546 cum
371 491 520 568 eliguntur
533 494 565 550 in
578 493 726 566 Ecclesia,
753 499 804 572 qui
823 497 895 554 fiant
906 503 1076 574 praepositi,

47 593 97 630 non
111 576 220 648 utique
234 576 346 630 caeteri
358 573 567 650 reprobantur,
595 595 659 634 cum
680 598 780 636 omues
799 580 868 637 boni
878 581 978 639 fideles
992 584 1078 640 electi

45 661 141 714 merito
156 667 382 731 nuncupentur.
404 657 566 736 Eligantur
584 663 617 718 in
633 662 766 719 aedificio
784 663 894 740 lapides
908 667 1077 743 angulares,

45 761 98 798 non
109 741 281 816 reprobatis
297 742 422 796 cacteris
435 743 485 817 qui
498 752 664 802 struemrac
674 747 805 821 partibus
815 750 881 804 aliis
891 749 1077 823 deputantur.

45 825 200 903 illigantur
215 843 290 882 urae
304 824 342 881 ad
352 825 539 899 vescendum,
563 847 618 886 nec
632 831 826 905 reprobantur
838 833 924 903 aliae,
944 851 1016 909 quas
1029 851 1077 888 re-

45 911 199 985 linquimus
214 907 253 964 ad
266 909 431 966 bibendum.
466 909 535 968 Non
548 931 620 988 opus
635 923 681 969 eet
693 916 783 970 multa
796 934 985 990 percurrere,
1012 933 1078 972 curn

46 1013 84 1048 res
97 996 128 1050 in
142 1002 249 1068 aperto
263 994 311 1048 sit.
347 994 539 1061 Quamobrem
556 1014 617 1054 non
637 1016 675 1053 ex
687 997 759 1070 boc,
783 999 861 1076 quod
873 999 915 1056 dii
928 1017 966 1056 ex
979 999 1077 1056 multis

44 1077 154 1150 quidam
168 1078 278 1133 selecti
290 1087 375 1149 sunt,
393 1079 441 1134 rel
454 1079 479 1134 ia
496 1081 547 1156 qui
560 1083 687 1156 scripsit,
701 1084 749 1140 rel
761 1101 863 1139 eorum
877 1086 1016 1156 cultores,
1029 1083 1078 1140 vel

44 1161 79 1216 dii
91 1163 147 1236 ipsi
159 1161 353 1235 vituperandi
367 1171 450 1219 aunt:
480 1162 531 1220 aed
549 1164 761 1224 advertemlum
777 1168 875 1241 potius
890 1168 1009 1242 quinam
1027 1167 1079 1224 isti

44 1247 106 1316 sint,
120 1255 151 1301 et
164 1245 203 1302 ad
217 1262 307 1321 quam
319 1264 382 1302 rem
394 1248 496 1304 selecti
508 1248 673 1306 rideantur.

457 1414 581 1472 CAP.
616 1415 664 1472 ll.

45 1509 96 1574 Qui
114 1511 168 1564 siat
188 1509 231 1562 dit
250 1510 362 1575 aelecti,
383 1520 410 1564 et
427 1527 464 1564 on
482 1511 516 1564 ab
536 1511 636 1595 officiis
655 1511 781 1566 ciliorum
802 1515 909 1567 deorum
928 1513 1080 1567 babeauter

501 1593 615 1652 excepte.

101 1669 162 1728 Hos
177 1680 263 1728 certe
278 1668 349 1726 deos
363 1669 489 1728 selectos
501 1671 595 1730 Varro
610 1675 698 1729 unius
712 1673 780 1730 libri
794 1677 986 1732 contextione
1000 1692 1079 1731 com-

45 1756 165 1827 mendat,
185 1754 307 1825 Ianum,
324 1751 434 1827 larem,
448 1755 620 1828 Saturnum,
635 1757 774 1830 Genium,
787 1757 975 1830 Mercurium,
992 1758 1079 1834 Apol·

45 1843 136 1911 linem,
150 1839 292 1909 Martem,
306 1836 482 1912 Vulcanum,
496 1839 677 1916 Neptunum,
692 1841 802 1915 Solem,
812 1843 934 1914 Orcum,
944 1842 1079 1899 Liberum

43 1935 159 1998 patrem,
174 1923 339 1990 Tellurem,
354 1920 502 1996 Cererem,
517 1925 671 1998 lunone'm,
682 1926 807 1999 Lunam,
819 1927 957 1997 Dianam,
968 1925 1079 1982 Miner-

43 2027 112 2077 vam,
126 2007 290 2080 Venerem,
304 2006 437 2064 Vestam:
451 2009 485 2064 in
499 2009 603 2084 quibua
617 2011 754 2067 omnibus
768 2012 860 2068 ferme
873 2011 992 2088 viginti,
1007 2008 1079 2065 duo-

43 2092 131 2148 decim
146 2111 265 2163 mares,
293 2100 361 2147 octo
376 2102 447 2148 sunt
459 2091 594 2150 feminac.
620 2093 702 2150 Haec
717 2096 840 2151 numina
852 2105 950 2150 utrum
963 2101 1080 2167 propter

42 2180 160 2235 naiores
176 2179 212 2234 in
226 2175 338 2232 mundo
351 2174 621 2236 administrationes
641 2178 753 2236 selecta
766 2178 923 2248 dicuntur,
950 2195 988 2232 an
1004 2175 1080 2250 quod

42 2264 146 2337 populis
161 2262 263 2339 magis
276 2261 489 2333 innotuerunt,
507 2264 656 2339 maiorque
674 2273 720 2319 est
738 2264 781 2319 eis
800 2265 896 2318 cultus
912 2256 1080 2317 exhibitusi

42 2347 71 2400 si
83 2355 242 2422 propterea
257 2345 327 2420 quia
341 2361 430 2418 opera
446 2346 559 2403 maiora
572 2347 607 2404 ab
620 2345 666 2402 bis
686 2345 931 2403 administrantur
947 2347 979 2400 in
997 2363 1080 2400 mun-

42 2428 83 2500 do,
96 2449 157 2486 non
173 2449 228 2485 eos
243 2429 380 2488 invenire
401 2428 551 2486 debuimus
569 2433 650 2486 inter
662 2429 743 2485 illam
763 2433 847 2504 quasi
863 2430 1006 2504 plebeiam
1025 2447 1081 2484 nu·

42 2515 147 2570 minum
166 2511 394 2570 multitudinem
412 2513 534 2568 minutis
553 2515 702 2587 opusculis
721 2513 897 2586 deputatam.
929 2511 1005 2566 Nam
1019 2512 1083 2583 ipse

42 2600 162 2671 primum
175 2595 282 2667 Ianus,
304 2613 370 2650 eum
382 2596 570 2670 puerperium
585 2597 764 2669 concipitur,
784 2594 863 2649 unde
876 2602 982 2650 cuncta
996 2609 1082 2665 opera

41 2682 88 2736 illa
99 2689 220 2738 sumunt
235 2677 400 2751 exordium,
414 2679 581 2736 minutatim
593 2679 715 2734 minutis
729 2675 885 2733 distributa
898 2675 1081 2747 numinibus,

41 2765 152 2820 aditum
173 2765 273 2840 aperit
300 2763 467 2838 recipiendo
496 2764 611 2820 semini.
639 2760 683 2818 lbi
696 2770 743 2818 est
756 2759 946 2818 etSoturnus
961 2769 1082 2834 propter

41 2849 135 2922 ipsum
147 2867 261 2906 semen.
296 2845 342 2902 lbi
354 2847 452 2920 Liber,
476 2849 527 2922 qui
540 2865 652 2904 marem
666 2844 756 2903 efflrso
770 2847 883 2901 semine
896 2846 1011 2901 liberat.
1037 2842 1082 2900 lbi

40 2931 162 3006 libera,
179 2951 275 3007 quam
289 2940 320 2988 et
331 2930 477 2988 Venerem
488 2934 608 3003 volunt,
634 2949 709 3006 quae
731 2929 787 2987 boe
809 2930 887 2986 idem
905 2928 1081 2988 beneficium

40 3018 170 3074 conferat
186 3017 330 3087 feminae,
344 3025 378 3072 ut
389 3015 476 3072 ctiam
485 3018 548 3090 ipsa
560 3017 667 3072 emisso
678 3017 790 3071 semine
800 3016 953 3072 liberetur.
969 3011 1080 3070 Omnes

39 3097 63 3156 bi
77 3121 115 3156 ex
130 3103 194 3158 illis
209 3109 298 3168 sunt,
326 3101 376 3174 qui
390 3101 491 3155 selecti
504 3100 696 3176 appellantur.
719 3098 779 3156 Sed
791 3099 833 3156 ibi
847 3109 893 3157 est
906 3107 936 3155 et
950 3097 1004 3154 dea
1017 3095 1080 3154 Me-

40 3203 82 3256 ua,
97 3203 175 3260 quae
189 3185 352 3240 menstruis
365 3181 507 3240 fluoribus
520 3193 646 3258 praeest,
660 3185 792 3259 quamvis
805 3181 882 3240 lovis
897 3183 968 3256 filia,
982 3191 1081 3238 tamen

40 3269 187 3345 ignobilis.
215 3267 258 3324 Et
275 3267 353 3324 hanc
372 3269 553 3342 provinciam
573 3266 699 3324 fluorum
716 3277 934 3342 menstruorum
955 3268 987 3322 in
1005 3265 1080 3320 libro

39 3355 217 3410 selectorum
231 3351 354 3408 deorum
367 3352 425 3425 ipsi
438 3349 544 3408 lunoni
561 3352 639 3408 idem
652 3361 754 3408 auctor
774 3353 924 3428 assignat,
952 3365 1027 3424 quae
1048 3347 1080 3400 in

39 3433 90 3492 diis
104 3439 230 3493 selectis
246 3438 336 3491 ctiam
348 3436 454 3512 regina
468 3447 527 3492 cst:
548 3445 577 3492 ct
589 3434 638 3492 bic
649 3445 787 3510 tanquam
800 3432 874 3488 luno
888 3433 1002 3489 Lucina
1016 3445 1081 3484 cum

39 3521 137 3577 eadem
150 3520 244 3578 Mena
252 3519 397 3606 privigna
410 3537 464 3574 sua
478 3519 571 3576 cidem
585 3521 685 3576 cruori
701 3516 857 3593 praesidet.
892 3513 936 3571 lbi
958 3520 1029 3569 ιιιιιι
1052 3519 1082 3566 et

39 3601 102 3676 duo,
123 3606 230 3662 nescio
251 3604 303 3679 qui
329 3604 540 3675 obscurissimi,
558 3599 716 3660 Vitumnus
730 3610 760 3656 et
774 3598 930 3668 Sentinum
957 3611 1082 3669 quorum

39 3689 109 3744 alter
132 3691 241 3760 vitam,
267 3688 345 3743 alter
367 3703 472 3743 sensus
493 3689 649 3763 puerperio
673 3685 850 3760 largiuntur.
882 3679 922 3736 Et
943 3679 1082 3735 nimirum

39 3774 127 3828 multo
142 3776 210 3850 plus
224 3781 390 3848 praestant,
414 3787 479 3828 curn
492 3773 552 3828 sint
565 3769 785 3849 ignobilissimi,
799 3767 886 3841 quam
899 3771 944 3820 tot
955 3763 1001 3819 illi
1013 3781 1080 3838 pro·

42 3873 120 3912 ceres
136 3867 169 3913 et
182 3858 298 3914 selecti.
326 3853 401 3912 Nam
414 3856 544 3930 proiecto
558 3858 622 3911 sine
636 3857 697 3912 rita
711 3859 740 3908 ct
753 3869 852 3921 sensu,
867 3848 937 3924 quid
952 3857 996 3904 est
1010 3844 1080 3903 illud
