2510 4404
208 144 267 204 DE
293 145 515 208 ClVlTATE
538 147 617 204 DEI
639 147 718 204 ΗΒ.
742 147 857 208 xxti
991 155 1047 214 391

33 317 78 356 roa
93 298 166 372 ipsis
181 297 339 370 sacrificat,
355 301 485 374 quamvis
501 301 532 356 in
547 298 689 356 Memoria
702 299 846 358 sacrificet
856 319 969 362 coriam.
984 307 1051 381 quia

33 379 76 436 >ei
91 378 227 436 sacerdos
242 391 301 450 est,
325 401 382 438 non
397 383 521 438 illorum.
565 380 662 458 lpsum
675 401 745 440 vcro
760 383 935 444 sacrificium
948 407 1051 464 eorpus

33 475 64 520 st
79 463 205 534 Christi,
219 466 296 540 quod
309 484 369 522 non
384 464 505 522 offertur
518 468 600 542 ipsis,
616 468 683 542 quia
700 486 756 522 non
771 477 841 524 suut
853 479 882 526 et
894 470 959 544 ipsi.
982 473 1052 538 Qui-

36 567 71 603 us
87 549 181 626 igitur
197 551 294 624 potius
315 549 491 606 credendum
513 560 558 606 est
577 551 716 608 miracula
735 549 930 610 facientibus?
964 551 1053 612 Eisne

33 633 66 706 ui
80 650 112 687 se
126 633 203 706 ipsos
217 635 320 690 volunt
333 632 433 692 haberi
447 635 516 691 deos
531 635 567 690 ab
580 633 625 689 his
639 635 743 709 quibus
759 654 793 690 ea
806 636 933 692 faciunt·
960 655 999 694 an
1013 640 1053 694 eis

35 718 77 786 ui,
89 725 122 771 ut
135 719 166 771 in
174 715 269 771 Deum
284 717 436 789 credatur,
447 717 522 794 quod
535 717 704 778 etChristus
719 728 779 791 est,
791 719 904 776 faciunt
917 722 1052 796 quiequid
1117 727 1123 745 ¹

35 799 150 855 rirabile
169 797 300 856 iaciuntl
325 801 417 858 Eisne
438 805 487 877 qui
507 821 590 858 saera
609 820 662 858 sua
681 804 768 858 etiam
786 805 910 860 crimina
923 823 977 861 sua
990 823 1052 860 esse

33 887 189 955 oluerunt;
203 903 242 940 an
255 886 297 940 eis
311 887 362 961 qui
372 905 427 942 nec
440 887 541 941 laudes
552 905 620 943 suas
634 888 737 942 volunt
751 905 815 942 esse
828 906 912 946 saera
926 907 988 962 sua,
1003 889 1051 944 sed

33 978 111 1024 otum
124 968 203 1042 quod
215 971 362 1024 veraciter
374 969 548 1039 laudantur,
574 972 610 1026 ad
631 971 693 1024 eius
712 973 837 1048 gloriam
858 971 1000 1046 proficere
1021 975 1051 1028 in

33 1071 71 1107 uo
94 1048 273 1108 laudantur?
303 1051 337 1109 In
351 1052 479 1110 Domino
504 1055 608 1130 quippe
632 1054 789 1112 laudantur
809 1057 923 1112 animae
943 1075 1051 1114 eorum.

33 1136 174 1192 ‘redamus
189 1154 259 1214 ergo
274 1138 316 1192 eis
332 1146 362 1192 et
373 1157 445 1194 vara
459 1137 639 1207 dicentibus,
660 1147 689 1192 at
703 1141 777 1194 mira
790 1137 973 1198 iacientibus.
997 1139 1050 1198 Di-

33 1220 107 1274 endo
121 1221 199 1274 enim
212 1238 299 1291 vera,
311 1223 392 1296 passi
404 1231 488 1292 sunt,
503 1230 535 1276 ut
547 1231 668 1295 possent
680 1220 776 1277 facere
789 1224 872 1278 mira.
894 1222 929 1280 ln
943 1225 986 1280 eis
999 1244 1050 1280 ve-

33 1306 54 1358 is
71 1313 116 1359 cst
129 1305 334 1378 praecipuum,
354 1305 429 1378 quod
442 1304 575 1362 Christus
589 1295 755 1362 resurrexit
767 1324 784 1362 a
797 1308 935 1378 mortuis,
956 1316 985 1364 ct
998 1309 1051 1364 im-

33 1389 221 1443 rortalitatem
233 1390 458 1444 resurrectionis
473 1391 504 1444 in
516 1407 569 1444 sua
583 1408 671 1445 carne
684 1391 793 1463 primus
807 1389 951 1462 ostendit,
965 1409 1051 1466 quam

35 1472 98 1527 obis
113 1470 294 1543 adfuturam,
321 1474 369 1528 vel
380 1474 525 1546 principio
540 1474 610 1530 novi
624 1475 750 1545 saeculi,
776 1475 823 1530 rol
841 1475 873 1530 in
890 1471 975 1530 huius
994 1474 1051 1532 lina

33 1557 158 1612 remisit.

413 1639 535 1697 cAP.
578 1641 646 1699 Xl.

33 1738 118 1806 butro
131 1736 302 1802 Platonicos,
317 1739 363 1807 qui
373 1740 404 1791 ds
415 1739 588 1792 naturalibus
600 1743 789 1794 elementorum
794 1739 956 1808 ponderibus
966 1756 1048 1810 argu.

143 1815 312 1873 meutaatur,
332 1818 469 1863 terrenum
479 1827 575 1878 corpus
585 1811 695 1863 incaelo
705 1827 760 1863 aue
769 1827 822 1864 aon
833 1825 920 1878 posse.

79 1896 187 1954 Contra
206 1898 284 1974 quod
302 1917 439 1976 magnum
453 1901 511 1957 Dei
525 1900 635 1960 donum
646 1903 872 1958 ratiocinatores
885 1902 951 1982 isti,
979 1919 1049 1974 quo-

33 2001 79 2038 um
93 1983 285 2058 cogitationes
300 1984 384 2038 novit
397 1983 542 2040 Dominus
557 1986 696 2059 quoniam
708 2001 804 2039 vanae
818 1993 903 2052 sunt,
927 1982 962 2037 do
974 2001 1048 2055 pon-

34 2065 131 2121 eribus
156 2067 366 2120 elementorum
390 2077 652 2142 argumentantur:
678 2067 814 2140 quoniam
828 2066 1048 2141 seilicetmagi-

33 2163 76 2205 tro
88 2147 210 2206 Platone
225 2147 405 2219 didicerunt,
431 2149 532 2206 nsandi
551 2149 606 2204 duo
621 2167 744 2223 corpora
756 2149 883 2204 maxima
898 2156 985 2222 atquc
1000 2166 1050 2221 po-

33 2244 122 2289 trcma
136 2232 246 2288 duobus
260 2231 374 2302 mediis,
388 2238 456 2288 aare
470 2234 583 2288 seilicet
596 2242 625 2288 et
637 2250 723 2308 aqua,
738 2249 802 2286 esse
817 2231 951 2304 copulata
963 2239 1050 2305 atque

33 2319 178 2374 oniuneta.
201 2316 243 2372 Ae
255 2334 308 2390 por
320 2313 387 2386 hoo,
401 2317 551 2390 inquiunt,
567 2318 704 2390 quoniam
718 2325 796 2370 tarra
806 2314 841 2370 ab
852 2312 921 2370 hinc
934 2332 1049 2370 sursum

33 2419 117 2458 orsus
129 2409 174 2456 est
186 2401 296 2474 prima,
310 2399 440 2455 secunda
454 2419 528 2474 aqua
542 2418 628 2474 super
640 2411 765 2469 terram,
778 2399 884 2453 tertius
899 2402 950 2454 abr
963 2417 1049 2472 super

33 2504 134 2561 quam,
149 2492 281 2559 quartum
299 2501 386 2556 super
399 2488 467 2538 abra
481 2485 611 2554 coelum3
639 2502 698 2538 non
711 2491 808 2556 potest
822 2499 885 2536 esse
898 2489 1049 2538 terrenum

33 2587 118 2644 orpus
132 2569 164 2622 in
178 2567 268 2622 coelo.
291 2565 445 2622 Momentis
460 2567 538 2621 enim
551 2568 692 2640 propriis,
715 2575 747 2620 ut
761 2564 893 2620 ordinem
905 2583 991 2622 suum
1003 2574 1047 2620 te-

34 2665 119 2721 cant,
143 2651 260 2727 singula
273 2646 418 2706 elementa
431 2649 586 2706 librantur.
629 2649 708 2706 Ecce
721 2647 853 2723 qualibus
867 2650 1048 2726 argumentis

33 2735 246 2808 mnipotentiac
258 2730 318 2790 Dei
330 2730 474 2790 humanae
488 2733 664 2790 contradicit
682 2732 837 2790 infirmitas
845 2771 855 2802 ,
881 2751 968 2808 quam
980 2750 1047 2807 pos-

33 2820 89 2875 idet
102 2818 226 2885 vanitas.
271 2813 347 2884 Quid
365 2836 435 2895 crgo
456 2815 567 2874 faciunt
583 2819 615 2874 in
635 2823 701 2875 abrs
719 2826 837 2872 terrena
857 2826 902 2874 tot
914 2835 1047 2891 corpora,

33 2921 79 2958 um
92 2919 109 2956 a
122 2909 201 2956 terra
215 2901 254 2956 sit
267 2905 317 2957 abr
330 2898 455 2958 tertiusl
482 2901 547 2958 Nisi
568 2902 659 2973 forte,
687 2901 738 2977 qui
759 2919 811 2976 per
833 2903 999 2975 plumarum
1019 2911 1048 2956 ct

33 3003 176 3042 annorum
189 2987 338 3042 levitatem
352 2985 471 3044 donavit
485 2987 583 3042 avium
597 2988 721 3042 terrenis
740 2985 909 3058 corporibus
929 2994 962 3041 ut
978 3003 1045 3060 per·

33 3080 114 3126 antur
132 3071 164 3126 in
184 3075 265 3141 abre,
291 3071 502 3128 immortalibus
522 3071 607 3126 factis
629 3069 796 3145 corporibus
815 3066 964 3126 hominum
987 3087 1046 3124 noa
1119 3139 1121 3144 Ι

33 3156 121 3210 oterit
144 3153 253 3211 donare
277 3156 430 3224 virtutem,
457 3169 513 3226 qua
533 3155 621 3208 etiam
637 3156 670 3209 in
688 3171 800 3208 summo
827 3154 909 3208 coelo
930 3154 1048 3208 valeant

33 3240 153 3296 abitare.
188 3236 333 3292 Animalia
347 3253 461 3310 quoquc
475 3235 538 3308 ipsa
550 3243 683 3306 terrena,
710 3251 785 3309 quae
796 3235 896 3290 volare
909 3252 969 3289 non
980 3252 1047 3308 pos-

33 3331 93 3390 unt,
107 3322 139 3375 in
150 3319 253 3394 quibus
262 3328 291 3373 et
304 3317 436 3374 hominos
448 3326 527 3386 sunt,
540 3318 615 3374 sieut
628 3317 680 3373 snb
692 3334 767 3390 aqua
779 3317 882 3390 pisces,
897 3325 1050 3390 quaesunt

33 3422 155 3478 quarum
172 3403 326 3472 animalia,
352 3403 394 3456 ita
409 3403 555 3458 subterra
568 3402 668 3458 vivere
682 3399 855 3455 debuerunt.
898 3397 959 3456 Cur
977 3417 1047 3476 ergo

33 3505 75 3541 ,on
89 3487 192 3540 saltem
205 3485 240 3542 dc
253 3484 395 3556 seeundo,
409 3486 512 3556 idest,
526 3483 561 3540 de
574 3485 675 3560 aquis,
689 3483 740 3540 sad
753 3482 789 3539 de
803 3485 945 3538 elemento
959 3483 1047 3538 tertio

33 3587 163 3625 erronum
182 3567 290 3627 annual
305 3570 397 3643 carpit
409 3568 484 3626 hane
498 3564 611 3626 vitani
637 3569 735 3636 Quare
758 3585 821 3623 cum
843 3567 989 3640 pertineat
1011 3565 1046 3620 ad

33 3671 139 3721 arram,
152 3653 184 3708 in
197 3653 341 3723 seeundo,
359 3652 435 3728 quod
447 3671 534 3727 super
547 3661 656 3708 terram
669 3662 730 3722 est,
752 3650 893 3706 elemento
907 3651 1006 3707 vivere
1020 3650 1047 3705 si

33 3745 153 3816 agatur,
182 3738 319 3792 continuo
333 3733 505 3806 suffocetur,
533 3745 563 3792 et
574 3746 607 3792 ut
620 3738 715 3806 vivat,
736 3737 810 3792 vivit
823 3736 855 3790 in
869 3727 974 3790 tertiol
999 3732 1046 3790 Aa

33 3830 96 3878 rrat
119 3819 166 3876 hie
190 3819 260 3878 ordo
285 3822 511 3891 elomentorum,
536 3822 582 3877 vel
594 3822 689 3895 potius
704 3839 763 3878 non
778 3823 808 3876 in
821 3829 925 3876 natura
938 3835 1048 3888 rarum,
