2538 4392
200 178 262 239 DE
287 173 509 238 erviro'ra
533 177 611 236 DEI
632 178 716 237 LIB.
737 179 862 238 xvllt.
987 183 1047 247 201

37 323 221 410 indecorant]
248 321 387 388 Teteodit
404 341 501 388 antem
517 329 700 405 prophetiam
711 349 792 388 raam
811 341 902 408 uapore
913 335 950 394 sd
962 336 1048 412 quin-

35 428 94 474 tam
106 432 224 470 nterrsem
235 415 426 490 ¹'tttsptirittitiet
454 415 531 470 siout
542 415 574 470 ia
589 417 652 470 eiua
664 417 759 472 litorio
772 417 948 484 inveniatur.
992 417 1048 482 sa
1074 414 1077 426 ’

31 499 146 577 phanias
158 508 251 554 autem
262 517 337 554 unas
351 498 386 554 de
403 497 565 555 miaaribus
585 498 754 577 adiungitur
772 501 808 556 ei.
851 498 926 558 Nam
942 509 971 558 et
987 503 1048 577 ipss

32 588 64 640 in
78 578 168 638 diebus
180 579 273 663 Iasiae
285 581 472 658 prophetasse
485 581 617 640 sedicit:
643 583 695 638 sed
708 602 764 658 qao
776 601 881 659 usqae,
894 603 956 642 aaa
969 584 1047 642 dicit.

29 665 206 740 Prophetavit
219 685 290 746 erga
298 665 446 737 ieremias,
460 683 520 726 non
533 667 625 720 solum
637 667 712 727 Anni
724 666 947 738 iteratarum
960 669 1049 727 etism

31 749 177 823 Tarquinii
189 747 283 807 Prisci
297 749 490 825 temporibus,
504 765 590 825 quom
601 747 727 806 Romani
739 747 902 808 hahuerunt
915 753 1048 829 quintam

29 851 134 912 regem.
172 831 235 907 lpse
255 835 348 904 enim,
376 831 490 908 quondo
509 841 556 888 ert
572 834 623 888 illa
636 835 898 908 captivitatem,
923 853 1049 914 regnare

30 921 87 973 iam
101 926 234 991 coeperat.
278 915 457 990 Prophetsnr
470 934 540 995 ergo
550 916 588 973 de
602 915 720 974 Christo
732 916 886 991 Ieremias,
905 917 1047 998 Spiritus,

29 1001 134 1076 inquit,
147 1003 204 1056 oris
217 1003 315 1058 nostri
323 999 465 1058 Dominus
481 999 617 1057 Christos
629 1013 735 1080 captus
749 1013 795 1059 est
807 1004 983 1082 impetentis
997 1021 1048 1058 aa·
1153 1059 1158 1071 ,

28 1086 119 1142 stris:
143 1085 182 1139 sie
195 1085 322 1142 breviter
336 1083 509 1154 ostendens,
529 1093 558 1139 et
571 1083 730 1140 Dominum
743 1094 875 1142 nostram
890 1083 1048 1154 Christum,

28 1178 181 1242 otpertum
194 1186 257 1224 esre
270 1187 322 1244 pra
337 1165 429 1224 nohis.
445 1191 448 1196 ·
473 1165 545 1223 Item
558 1169 616 1223 alio
633 1170 711 1225 loco:
725 1167 786 1228 Hie
800 1167 884 1226 Dens
897 1187 987 1238 meas,
1001 1171 1048 1226 ia-

28 1253 105 1328 quit,
129 1261 157 1309 et
177 1271 231 1308 non
256 1251 463 1308 aestimabitur
484 1245 564 1308 alter
578 1252 619 1308 ad
634 1247 714 1308 som:
741 1254 792 1330 qni
809 1253 921 1311 invenit
940 1271 1048 1310 omnem

27 1337 105 1392 viam
111 1336 300 1412 prudentiae,
320 1345 350 1391 et
363 1334 445 1392 dedit
459 1353 522 1392 eam
536 1330 623 1390 Iacob
631 1352 728 1413 puero
742 1353 807 1406 sno,
821 1346 851 1392 et
863 1331 963 1392 Isroe’l
977 1335 1049 1394 dile-

28 1429 76 1474 eto
90 1433 152 1474 sno:
169 1417 323 1495 posthaec
335 1419 366 1476 in
380 1426 466 1475 terra
480 1415 598 1494 [terris]
613 1420 694 1474 visas
708 1430 768 1489 ost,
793 1429 824 1477 at
843 1439 906 1476 aum
926 1417 1048 1476 homini-

27 1503 79 1560 bus
91 1511 273 1558 eameriatus
287 1511 339 1559 est.
382 1497 448 1557 Hae
467 1502 668 1558 mennonium
687 1503 805 1578 quidam
823 1521 884 1562 naa
897 1501 1047 1573 Ieremias,

27 1585 75 1640 sed
88 1583 195 1640 scribae
208 1583 461 1660 eiasvadtrihuana
475 1585 525 1660 qui
534 1585 694 1642 vacabatur
703 1585 832 1644 Berueh:
847 1585 897 1642 red
909 1585 1048 1648 Ieremias

27 1669 192 1726 celebrabas
204 1666 336 1731 hebetur.
379 1666 490 1725 Rursus
503 1667 581 1725 idem
593 1667 737 1744 Propheta
750 1670 785 1727 de
797 1672 874 1744 ipso:
899 1669 987 1742 ane,
1000 1671 1047 1734 in-

27 1754 100 1827 quit,
124 1752 336 1822 simeonium,
360 1754 408 1809 ait
419 1747 582 1823 Dominus,
605 1762 635 1810 et
646 1755 795 1812 suscitabo
807 1752 912 1814 David
928 1772 1047 1831 germen

27 1840 144 1905 iustam,
165 1845 194 1892 et
206 1835 343 1912 regnabit
356 1855 425 1907 rea,
445 1846 476 1894 et
488 1839 607 1914 sopiens
621 1840 695 1907 erit,
712 1837 852 1909 etsaeiet
864 1838 1005 1896 iudicium
1018 1846 1048 1894 st

27 1921 168 1976 Iustitiam
185 1921 216 1974 in
236 1930 329 1976 terra,
367 1917 403 1977 In
418 1921 518 1979 diebos
534 1919 595 1976 iilis
607 1920 773 1978 salvabitur
786 1917 879 1991 iada,
906 1931 935 1978 st
949 1914 1050 1978 [aasz

27 2002 167 2059 habitabit
192 2001 384 2073 confitenter:
411 2013 440 2060 et
459 2001 511 2060 hoe
529 2014 574 2059 est
593 2003 694 2060 nomen
714 2005 791 2080 qood
806 2004 950 2062 vocabant
974 2023 1047 2072 snm,

27 2085 170 2142 Dominus
184 2087 279 2142 iustus
302 2097 411 2144 noster.
459 2085 505 2141 De
517 2087 671 2142 vacatione
695 2088 784 2142 etiam
799 2088 948 2163 gentium,
973 2104 1048 2161 quae

27 2171 119 2224 r'utura
133 2168 242 2239 fuerat,
257 2178 287 2224 et
300 2188 363 2225 earn
376 2187 454 2225 nune
466 2169 613 2243 impletam
628 2169 789 2239 cernimus,
802 2170 845 2224 sie
858 2170 972 2226 loeutus
986 2177 1046 2225 est:

27 2252 143 2308 Domine
156 2251 238 2308 Deus
248 2269 329 2308 meas
343 2262 373 2310 et
386 2253 540 2328 refugium
559 2269 651 2308 meam
671 2253 701 2308 in
716 2252 764 2310 die
777 2251 937 2328 maloram-ff
963 2252 1005 2310 ad
1018 2261 1048 2310 ta

27 2345 119 2406 ‚rentes
133 2337 251 2392 venient
263 2335 298 2392 ab
311 2345 442 2400 extremo
453 2346 567 2404 terrae,
581 2345 611 2393 et
624 2335 732 2405 dicent,
750 2333 824 2394 Vero
833 2335 987 2394 mendacia
1000 2355 1047 2394 aa·

27 2428 135 2488 aerrmt
150 2427 261 2496 patres
280 2421 378 2476 nostri
402 2418 579 2487 simulacra,
606 2429 637 2475 ot
653 2409 714 2475 non*
729 2430 775 2477 est
793 2421 823 2478 in
844 2419 907 2476 illis
919 2419 1045 2477 utilitas.

27 2504 90 2569 laia
103 2519 175 2560 vera
189 2520 249 2558 non
268 2511 352 2558 erant
363 2521 431 2558 eum
443 2501 574 2578 agnituri
587 2499 702 2573 Iudaei,
724 2521 742 2558 a
755 2503 860 2578 quihus
875 2521 940 2560 enm
953 2512 983 2558 et
996 2521 1045 2558 aa·

29 2586 70 2640 idi
83 2585 249 2660 oportebat,
263 2587 305 2641 rio
315 2585 392 2659 idem
404 2582 551 2659 Propheta
563 2584 728 2662 signifieat:
746 2583 847 2642 Grave
858 2605 908 2646 eor
914 2605 975 2664 per·
988 2604 1046 2642 om-

27 2671 79 2739 nia,
93 2679 125 2726 et
138 2667 222 2725 baim
237 2680 296 2740 est,
310 2680 340 2726 et
353 2670 417 2746 qais
430 2677 582 2744 cognoseat
596 2665 683 2725 eom?
708 2667 804 2725 Huius
818 2677 862 2724 est
875 2670 963 2724 etiam
975 2667 1047 2724 illati

30 2753 91 2808 aad
103 2754 138 2808 in
152 2751 227 2808 libro
240 2751 350 2808 decimo
364 2754 486 2828 septimo
500 2752 586 2826 posui
598 2750 634 2808 de
647 2749 833 2809 Testamenta
847 2771 941 2824 nova,
965 2753 1046 2808 ouius

29 2845 57 2891 st
71 2835 221 2892 mediator
234 2834 375 2892 Christus.
409 2835 473 2911 Ipse
487 2835 591 2910 quippe
603 2833 740 2894 Ieremias
753 2838 809 2894 ait:
834 2835 912 2894 ane
925 2837 987 2894 dies
997 2856 1046 2894 oe·

28 2923 114 2992 iant,
141 2920 219 2976 diait
231 2919 390 2998 Dominus,
404 2931 434 2978 et
447 2920 644 2978 consummabo
659 2937 748 2999 snper
762 2921 875 2980 domum
887 2916 975 2980 Iaeob
993 2919 1047 2980 Ts-

27 3012 195 3062 tannetum
214 3022 333 3060 omnm:
354 3013 384 3060 et
397 3013 510 3060 caetero
529 3021 602 3078 quaa
615 3003 657 3060 ibi
669 3006 818 3083 leguntur.

70 3085 246 3161 Sophoniae
260 3095 355 3143 antem
367 3087 545 3162 Prophetae,
571 3089 622 3162 qui
636 3107 701 3144 earn
712 3087 835 3146 Ieremia
847 3087 1046 3164 prophetabat,

27 3191 78 3228 aee
92 3169 249 3246 praedicta
262 3171 298 3225 da
311 3169 426 3226 Christo
440 3171 558 3226 interim
571 3189 695 3243 ponam:
723 3172 875 3250 Exspecta
887 3191 948 3242 ms,
973 3174 1047 3228 dicit

27 3255 175 3324 reminas,
202 3256 234 3310 in
247 3255 295 3311 die
306 3255 533 3309 resurrectionis
547 3271 643 3322 meae,
663 3255 861 3325 infuturum:
887 3257 957 3328 qaia
970 3255 1046 3310 isdi-

27 3343 80 3395 'om
95 3357 213 3408 meam,
232 3347 267 3392 st
280 3354 452 3411 congregem
464 3344 582 3411 gentes,
602 3335 781 3413 eteolh‘gom
792 3355 896 3412 regno.
939 3333 979 3390 Et
991 3337 1045 3390 ite·

27 3441 81 3480 nn:
111 3419 303 3489 Hor-tatto,
324 3419 436 3493 inquit,
450 3415 592 3475 morinus
606 3435 695 3495 snper
708 3437 770 3488 eos,
796 3427 826 3474 et
838 3417 1046 3474 exterminabit

27 3523 103 3562 anes
117 3505 327 3577 deos'tsrrae3
351 3513 381 3558 et
394 3501 533 3558 adorabit
546 3521 608 3558 enm
621 3503 669 3580 air
682 3503 721 3560 de
734 3501 796 3558 loeo
810 3516 877 3568 sno,
891 3517 986 3556 omnes
1001 3502 1045 3556 in-

27 3590 253 3666 tangentium.
285 3584 325 3642 Et
336 3587 420 3660 paula
433 3593 510 3659 post:
543 3583 638 3654 Ibat,
662 3586 775 3660 inquit,
801 3591 1001 3639 transvertam
1011 3585 1045 3660 ¹in

27 3673 131 3750 pulos
147 3671 299 3746 lingnam,
325 3680 355 3726 et
364 3669 524 3746 progenies
538 3670 617 3737 etos,
644 3678 677 3724 nt
690 3683 786 3724 omnes
800 3666 936 3725 invocent
946 3686 1045 3725 nomen

27 3757 150 3826 omini,
182 3764 212 3810 et
229 3753 362 3810 serviant
375 3753 404 3808 ei
418 3751 468 3807 sab
484 3769 538 3806 noo
557 3753 640 3826 iago;
665 3751 808 3824 afinibus
821 3747 976 3822 fluminum
988 3751 1045 3808 Ae»

27 3841 146 3918 inpiae
162 3839 296 3915 afferent
309 3833 380 3892 mibi
394 3833 515 3891 hostias.
562 3830 598 3891 In
612 3833 661 3891 iilo
675 3831 722 3894 die
734 3855 790 3894 non
804 3832 995 3906 aoffuodenis
1009 3854 1042 3894 ss
