2586 4396
259 226 324 286 DE
348 223 563 284 ClVleTE
585 224 667 287 DEI
688 229 769 289 L'lll.
790 227 860 293 vn.
1026 237 1086 300 211

55 382 122 464 qnod
134 390 244 439 autem
256 379 327 436 iude
339 382 510 456 permeatln
530 392 714 460 maneatque
738 379 892 459 oceanum,
917 380 1001 446 deum
1024 409 1089 448 ecee

51 468 230 545 Neptunum·

105 549 229 609 Redeat
243 567 315 626 ergo
329 547 364 603 ab
378 545 433 604 hac
445 567 531 624 quam
543 547 720 629 theologiam
733 556 896 610 naturalem
908 566 1006 631 putet,
1032 577 1088 617 ouo

49 639 125 694 velut
138 629 355 710 requiescendi
369 649 455 688 canta
468 634 503 688 ab
516 629 562 688 hir
576 633 743 713 ambagibus
754 646 841 712 atque
852 638 1030 698 anfractibus
1043 625 1088 698 ia-

49 723 155 799 tigatus
174 733 318 795 egressus
332 723 386 770 eat.
421 713 544 789 Redeat,
569 720 700 793 inquam,
724 719 826 778 redeat
838 720 876 780 ad
888 724 1017 781 ci'rilenla
1042 723 1089 782 hic

49 823 106 860 eum
119 801 224 859 adhuc
241 810 342 871 teneo,
368 801 510 874 tantisper
523 801 558 857 de
569 799 622 857 hac
635 819 700 881 ago.
731 802 868 862 Nondum
881 805 957 880 dico,
971 809 996 862 ei
1009 817 1090 866 terra

50 897 76 943 et
85 887 199 962 lapidea
214 885 328 940 nortris
341 891 410 938 eunt
423 883 535 940 ossibus
548 892 579 942 et
590 885 737 964 unguibus
753 890 873 962 similos,
889 892 1024 948 similitor
1038 911 1088 950 eoa

49 971 282 1049 intelligentiam·
295 983 356 1024 non
368 965 484 1040 habere,
499 971 575 1026 ricut
587 988 674 1026 senon
689 982 804 1044 carent3
819 983 870 1030 aut
879 975 905 1030 ai
914 973 1024 1033 ideirco
1035 975 1087 1034 ha-

48 1057 108 1112 ltere
120 1055 272 1110 dicuntur
285 1069 353 1107 oasa
366 1059 397 1106 et
408 1069 522 1130 unguet
535 1055 630 1110 nortui
643 1055 881 1133 intelligentiam,
908 1061 976 1133 quia
990 1063 1021 1116 ln
1034 1059 1087 1118 ho-

46 1143 118 1196 mine
130 1146 208 1194 eunt
221 1137 276 1211 qui
289 1133 379 1192 habet
390 1136 632 1215 intelligentiam,
656 1146 717 1194 tam
738 1142 859 1196 stultum
882 1159 947 1197 ereo
965 1146 1014 1218 qul
1034 1144 1087 1201 hoa

46 1223 108 1280 deos
121 1225 156 1280 in
169 1219 288 1278 mundo
304 1217 392 1290 dicit,
417 1237 504 1294 qnam
522 1223 628 1278 stultae
647 1231 692 1278 est
705 1224 800 1296 quiin
812 1223 896 1280 nobit
909 1243 976 1282 orta
990 1236 1020 1282 et
1032 1245 1088 1286 un·

46 1326 113 1386 gneo
125 1305 271 1379 homines
285 1303 368 1358 dicit.
402 1300 461 1360 Sed
473 1303 544 1360 haec
557 1323 624 1360 cum
635 1303 815 1380 philosophie
828 1307 963 1364 fortaatit
975 1310 1090 1388 agenda
1103 1375 1113 1388 ,

47 1401 127 1446 eunt:
151 1408 236 1446 nunc
252 1395 353 1444 autem
365 1387 454 1442 istum
467 1385 562 1444 adhue
574 1387 724 1462 politicum
736 1391 813 1446 volo.
839 1389 920 1446 Fieri
933 1393 1010 1447 enim
1022 1403 1088 1467 pot-

49 1483 103 1544 ent,
115 1483 148 1530 nt
158 1474 234 1529 licet
247 1473 281 1528 iu
295 1473 376 1526 illem
388 1473 531 1528 naturalia
544 1470 711 1548 theologiae
722 1473 814 1528 veluti
826 1473 990 1530 libertatem
1003 1485 1089 1552 caput

47 1559 160 1636 erigere
172 1557 329 1631 paululum
343 1555 472 1610 voluisse
484 1556 633 1626 videatur,
659 1553 754 1610 adhuc
771 1564 869 1612 tamen
888 1555 964 1614 huuc
981 1557 1089 1616 librum

45 1661 174 1711 vertant,
186 1649 222 1704 ¹et
237 1654 272 1694 ae
285 1639 319 1694 in
331 1639 383 1694 illo
395 1639 509 1694 versati
522 1639 667 1716 cogitant,
686 1657 752 1696 cum
766 1642 854 1696 eldam
866 1642 935 1697 inde
948 1659 1087 1720 respexe-

44 1729 93 1797 rit,
115 1735 146 1782 et
157 1724 218 1782 hoc
232 1731 394 1797 propterea
407 1720 526 1794 dixerit,
540 1741 579 1778 ne
591 1724 718 1779 maiores
733 1725 805 1796 eiua,
819 1726 883 1781 aire
896 1728 970 1782 aliae
983 1721 1087 1784 eivita-

45 1820 94 1882 tes,
107 1810 267 1867 Tellurem
281 1815 370 1881 atque
382 1803 552 1878 Neptunum
565 1807 688 1863 eoluiase
699 1809 830 1866 inaniter
842 1809 1009 1868 credantur.
1027 1805 1093 1869 Sed

43 1892 93 1951 hoc
107 1895 195 1964 dico,
212 1904 284 1966 pare
298 1889 391 1946 enimi
408 1887 548 1946 mundani
561 1908 634 1964 quae
653 1909 705 1964 per
717 1901 826 1948 terram
838 1904 992 1968 permeat,
1010 1899 1088 1952 elcut

43 1997 96 2034 una
109 1987 157 2034 cet
168 1985 268 2044 terra,
296 1991 349 2029 eur
362 1991 423 2028 uon
436 1973 524 2028 etiem
536 1991 625 2029 unam
637 1974 708 2030 fecit
720 1973 813 2047 deam,
840 1993 926 2051 quam
939 1979 1010 2033 dicit
1023 1994 1088 2036 etse

44 2055 215 2118 Tellurem'l
254 2056 341 2122 Quod
353 2057 381 2112 ei
393 2056 435 2111 ita
447 2057 532 2127 lecit,
557 2057 607 2113 ubi
621 2060 679 2114 erit
691 2057 787 2116 Oreus
805 2057 897 2114 frater
909 2059 987 2116 Iovio
1001 2071 1087 2136 atque

43 2145 193 2221 Neptuni,
221 2159 311 2217 quem
325 2139 428 2196 Ditem
445 2149 557 2214 patrem
574 2137 700 2197 vocanti
725 2141 781 2198 Vbi
797 2144 859 2198 eiua
883 2145 992 2200 coniux
1015 2144 1088 2202 Pro-

43 2233 178 2305 erpino,
207 2244 286 2300 quae
299 2222 460 2282 seeundum
473 2226 559 2280 aliam
571 2227 603 2280 in
618 2225 727 2282 eisdem
738 2226 822 2282 libris
834 2228 959 2301 positam
972 2231 1087 2304 opinio-

42 2331 118 2386 nem,
129 2331 200 2370 non
211 2319 312 2366 terroe
322 2306 519 2380 foecunditas,
533 2307 583 2363 sed
591 2327 659 2384 pare
667 2309 793 2366 ‘inferior
801 2308 989 2385 perhibetur?
1003 2311 1088 2381 Quod

42 2399 67 2452 ei
79 2398 205 2466 dicunt,
233 2393 327 2450 animi
339 2391 479 2448 mundani
492 2402 621 2466 partem,
642 2411 707 2449 cum
722 2404 853 2469 permeat
865 2404 962 2451 terrae
975 2407 1088 2471 partem

43 2483 242 2556 superiorem,
259 2475 360 2532 Ditem
372 2484 485 2550 patrem
498 2475 596 2534 facere
617 2477 715 2549 deum3
742 2495 808 2534 cum
821 2493 892 2534 vero
905 2478 1087 2550 inferiorem,

41 2563 256 2638 Proserpinam
269 2559 367 2631 deam3
394 2557 495 2616 Tellus
509 2561 559 2614 illa
573 2560 642 2634 quid
655 2557 730 2615 criti
754 2559 799 2616 Ita
812 2562 892 2614 euim·
903 2569 997 2616 totum
1010 2562 1088 2636 quod

45 2650 110 2721 ipra
124 2656 200 2718 erat,
220 2647 255 2702 in
267 2645 342 2700 duaa
354 2645 425 2700 istae
438 2646 536 2718 partes
551 2643 678 2716 deosque
691 2643 817 2699 divitum
831 2651 885 2715 eat,
906 2652 939 2698 ut
951 2645 1015 2716 ipso
1027 2655 1088 2701 ter-

43 2734 90 2786 tia
104 2749 177 2804 qnae
190 2730 237 2800 fit,
252 2736 304 2784 aut
315 2725 366 2783 ubi
378 2729 426 2801 eit,
453 2724 586 2782 inveniri
598 2743 657 2781 non
670 2728 779 2800 poenit:
803 2726 863 2781 niti
877 2727 941 2801 quit
955 2727 1033 2784 dicat
1046 2731 1086 2784 si-

43 2816 113 2871 mul
126 2815 194 2871 letos
207 2813 281 2869 deos
294 2810 403 2868 Oreum
415 2821 502 2888 atque
513 2809 731 2886 Proterpinnrn,
745 2827 833 2867 uuam
846 2810 929 2866 deam
943 2827 1006 2867 cuae
1017 2811 1086 2869 Tel-

43 2902 157 2970 lurem;
176 2907 207 2954 et
218 2915 282 2954 non
296 2913 362 2954 cete
375 2897 432 2951 iam
445 2905 518 2966 trce,
532 2893 583 2950 ted
596 2903 760 2968 autunum,
774 2903 826 2951 aut
839 2895 926 2953 duct:
948 2905 978 2953 et
988 2905 1087 2955 tamen

42 2995 106 3040 trea
122 2981 278 3051 dicantur,
300 2991 361 3036 tres
375 2977 534 3050 habentur,
556 2989 617 3036 tres
631 2980 768 3036 coluntur
781 2981 840 3036 arie
855 2981 931 3052 tuit,
958 2980 1086 3039 delubria

43 3071 119 3139 auis,
133 3067 242 3137 saeris,
256 3065 429 3134 uinrulacrie,
444 3063 644 3120 sacerdotibus
656 3067 726 3136 tuis,
742 3073 772 3120 ot
779 3083 832 3140 per
841 3063 914 3122 haec
927 3069 1017 3124 etiam
1030 3067 1086 3122 fal·

40 3153 156 3209 heilram
175 3151 367 3224 prostitutam
386 3149 513 3203 animam
531 3147 785 3224 constuprantibus
805 3145 995 3206 daemonibus
1014 3151 1086 3207 ιιιὶι.

38 3236 144 3294 ddlruo
157 3231 385 3308 respondeatur,
399 3249 484 3306 quam
493 3240 606 3305 partem
617 3239 713 3288 terrac
725 3243 932 3307 permeetpert
945 3235 1086 3290 mundani
1174 3259 1182 3274 x

38 3321 148 3391 animi,
161 3326 200 3374 ut
211 3317 299 3374 deum
312 3315 403 3371 faeiat
414 3311 634 3372 Tellumoueml
660 3315 738 3388 Non,
764 3319 877 3392 iuquit,
897 3311 948 3372 ted
962 3332 1022 3374 una
1036 3333 1085 3372 oa-

38 3404 171 3478 demque
187 3410 269 3460 terra
283 3398 371 3455 habet
383 3401 530 3477 geminam
539 3401 611 3470 viru,
624 3399 655 3455 et
664 3399 867 3471 masculinam,
882 3399 960 3474 quod
974 3399 1087 3454 semina

35 3489 203 3564 producat3
218 3495 249 3540 et
261 3485 445 3554 femininam,
460 3483 537 3557 quod
547 3483 681 3556 recipiat,
695 3492 782 3556 atque
796 3485 940 3538 enutriatt
954 3479 1088 3538 indeavi

36 3573 191 3630 feminina
204 3569 316 3624 dictam
330 3585 395 3622 ecee
408 3565 567 3637 Tellurem,
590 3585 608 3622 a
619 3567 784 3622 masculina*
794 3563 1005 3621 Tellumouem.
1027 3561 1088 3619 Car

35 3675 114 3738 ergo
131 3651 309 3730 pontifices,
336 3659 369 3706 ut
388 3653 450 3725 ipae
469 3649 596 3721 indicat,
621 3648 727 3724 additi!
747 3663 864 3724 quoque
881 3648 946 3703 aliie
965 3645 1087 3719 duobue,

35 3750 173 3817 quatuor
187 3737 247 3794 diis
261 3733 606 3804 faciunt-remdiriuam,
633 3731 756 3803 Telluri,
780 3729 958 3803 Tellumoni,
982 3731 1088 3804 dltori,
1186 3753 1187 3756 ¹

35 3818 177 3882 Ruaorii
207 3819 258 3901 De
270 3815 392 3876 Tellure
406 3828 436 3874 et
448 3815 623 3874 Telluruone
635 3813 693 3872 iam
707 3814 818 3958 diffim
832 3823 886 3870 eat.
908 3815 1003 3874 Alteri
1017 3825 1087 3892 qua-
