2576 4396
264 193 327 256 ns
352 199 568 264 crvrrsrs
590 207 669 268 nn}
691 211 769 270 nun
794 217 843 274 {x
1031 235 1092 291 aaa
1165 197 1167 208 ’

460 338 704 436 cunm

51 444 94 497 Dc
104 446 262 498 conditione
272 448 372 513 usundi,
383 452 454 518 qaod
461 469 510 504 nec
518 453 704 522 intcsnporsls's
712 457 758 523 sit,
769 477 818 513 nec
826 479 894 516 nouo
903 462 957 518 De·
967 471 1094 527 assisam

189 515 312 580 coasilio,
326 519 406 585 qussi
411 529 507 588 postea
517 523 643 588 solam,
658 529 730 593 qaod
738 539 821 583 antes
831 533 957 586 somna.

126 603 298 664 visibilium
323 611 454 667 omnium
479 614 625 669 maximus
651 625 698 670 est
721 617 864 692 mundus,
902 623 1094 684 invisibilium

50 689 185 745 omnium
205 692 353 747 maximus
377 702 422 748 est
443 694 535 750 Deus.
565 694 624 751 Sed
640 696 781 756 mundum
801 721 868 760 csse
887 708 1092 782 conspicimus,

51 771 149 828 Deum
163 789 229 828 esse
243 774 398 831 credimus.
422 777 506 844 Quod
520 788 617 835 autem
630 778 712 836 Deus
725 783 867 843 reundum
882 788 1004 861 lecerit,
1020 795 1093 848 nulli

49 857 141 910 tutius
155 855 313 929 credimus,
328 876 415 932 quam
428 861 484 934 ipsi
497 860 572 917 Deo.
595 856 651 919 Vbi
664 882 730 920 eum
743 867 926 928 audivimusi
940 871 1092 948 Nusquam

50 939 172 1014 interim
186 957 240 995 nos
256 941 359 995 melius
377 959 464 1015 quam
480 945 512 1000 in
526 943 689 1019 scripturis
707 952 833 1023 ametis,
860 955 910 1010 ubi
928 953 1007 1012 uisis
1022 975 1091 1030 pro·

49 1019 137 1095 pheta
150 1021 231 1092 eius,
257 1018 294 1078 Is
305 1025 459 1100 principio
465 1026 551 1097 fecit
564 1025 648 1084 Desa
662 1029 816 1089 reclamet
830 1045 952 1094 terram.
997 1037 1089 1096 llum·

50 1103 191 1177 quidnam
213 1105 255 1160 ibi
278 1105 335 1163 luit
358 1108 415 1162 iste
436 1108 593 1182 propheta,
617 1111 732 1185 quando
750 1114 821 1171 lecit
834 1116 916 1174 Dens
936 1123 1049 1178 eoelum
1062 1132 1092 1178 et

50 1183 180 1242 terram?
207 1186 291 1244 Non:
313 1189 364 1244 sed
377 1189 419 1246 ibi
431 1190 487 1251 fuit
500 1191 652 1268 Sapientia
665 1193 739 1268 Dei,
765 1213 818 1269 por
832 1217 918 1272 quam
931 1200 1009 1258 faeta
1022 1215 1092 1260 sunt

50 1271 163 1341 omnia,
191 1289 265 1345 quac
279 1272 311 1327 in
323 1274 434 1329 animas
449 1277 537 1332 etiam
551 1284 667 1332 sanatas
683 1295 714 1332 se
727 1279 885 1350 transfert,
909 1285 1019 1340 amicos
1033 1285 1091 1342 Dei

50 1362 79 1406 et
98 1352 261 1427 Prophetas
284 1357 448 1428 constituit,
474 1359 573 1432 eisquc
596 1376 684 1432 opera
708 1379 763 1417 sua
780 1364 847 1418 sinc
864 1366 990 1437 strepitu
1009 1367 1090 1422 intas

51 1445 178 1492 enarrat.
204 1435 379 1512 Loquuntur
392 1440 436 1494 eis
450 1458 567 1515 quoque
577 1441 685 1519 Angeli
698 1441 772 1515 Dei,
797 1447 847 1520 qui
861 1463 975 1522 semper
987 1449 1091 1506 vident

48 1519 155 1576 faciem
168 1517 283 1591 Patris,
308 1523 548 1598 voluntatemque
566 1526 628 1580 eins
648 1526 750 1600 quibus
771 1537 887 1602 oportet
900 1535 1088 1590 annuntiant.

47 1600 95 1656 Ex
106 1600 153 1658 bis
165 1621 244 1658 unus
258 1613 322 1660 erat
334 1605 391 1660 iste
403 1604 553 1680 propbeta,
572 1609 624 1683 qui
637 1608 714 1664 dixit
727 1619 757 1666 et
769 1613 901 1686 scripsit:
925 1611 963 1670 Ιιι
969 1617 1090 1692 prinoi-

41 1687 96 1761 ps'o
111 1683 200 1756 fecit
219 1684 304 1743 Deae
321 1687 431 1744 coelam
451 1699 481 1746 ct
498 1699 622 1746 terram.
657 1692 714 1758 Qui
732 1702 792 1749 tam
805 1693 930 1753 idonens
944 1699 1029 1754 testis
1043 1707 1090 1754 est

47 1786 200 1842 perquem
213 1768 281 1825 Deo
296 1769 473 1828 credendum
486 1774 540 1840 sit,
566 1783 600 1829 ut
612 1773 713 1832 eodem
727 1773 838 1850 Spiritu
852 1777 921 1851 Dei,
943 1798 1001 1855 quo
1014 1779 1088 1837 haee

48 1850 103 1905 sibi
125 1854 258 1908 revelata
284 1855 435 1930 cognovit,
462 1856 549 1912 etiam
571 1857 665 1930 ipsam
692 1867 824 1916 nostram
849 1860 979 1920 fisturam
1004 1873 1086 1920 tanto

46 1944 116 1989 ante
128 1935 319 2008 praedixerit.

110 2016 170 2073 Sed
183 2017 254 2093 quid
266 2020 377 2093 placuit
386 2017 451 2075 Deo
465 2030 586 2078 aeterno
600 2031 670 2078 tune
683 2023 781 2080 lacere
794 2027 909 2082 eoelum
921 2036 952 2083 et
965 2036 1085 2100 torrem,

45 2117 122 2174 quae
135 2111 224 2157 antea
237 2120 298 2157 non
311 2098 447 2157 fecissetl
471 2104 529 2169 Qui
546 2103 601 2160 hoe
614 2104 725 2176 dicunt,
740 2107 765 2161 si
778 2107 918 2164 mundum
931 2117 1086 2166 aeternum

46 2184 111 2237 sino
125 2184 186 2238 ullo
200 2185 305 2254 initio,
327 2193 357 2239 et
369 2184 436 2239 ideo
450 2204 505 2241 nec
517 2205 534 2242 a
547 2185 612 2242 Deo
626 2187 736 2243 facturn
749 2188 844 2244 videri
856 2191 976 2263 volunt,
997 2193 1085 2248 nimis

45 2267 144 2322 aversi
158 2274 228 2322 sunt
241 2284 258 2321 a
271 2267 407 2338 varitate,
423 2276 453 2322 et
465 2269 546 2323 letali
558 2269 661 2324 morbo
674 2271 833 2343 impietatis
847 2273 1008 2330 insaniunt.
1021 2273 1085 2330 Ex-

45 2350 139 2422 ceptis
154 2350 234 2405 enim
246 2346 423 2424 propheticis
436 2351 573 2423 vocibus,
586 2351 714 2408 mundus
727 2354 790 2427 ipse
804 2353 1020 2414 ordinatissima
1033 2375 1086 2414 sua

44 2431 243 2487 mutabilitate
269 2441 299 2487 et
322 2432 483 2488 mobilitate
502 2443 533 2489 et
550 2435 710 2490 visibilium
735 2437 865 2492 omnium
890 2438 1087 2510 pulcherrima

44 2516 142 2588 specie
161 2515 286 2589 quodam
305 2513 389 2571 modo
407 2516 516 2572 tacitus
538 2525 568 2570 et
590 2516 700 2572 facturn
714 2533 745 2572 se
760 2535 840 2586 esse,
867 2528 897 2573 et
914 2537 975 2576 non
993 2523 1053 2576 nisi
1069 2539 1087 2576 a

44 2596 109 2653 Deo
123 2594 315 2653 ineffabiliter
327 2607 414 2673 atque
433 2597 621 2654 invisibiliter
639 2615 747 2674 magno
773 2608 803 2654 et
831 2597 1020 2656 ineffabiliter
1039 2612 1085 2658 at-

44 2699 99 2754 que
124 2681 316 2736 invisibiliter
340 2679 462 2758 pulchro
476 2679 542 2736 fieri
555 2698 586 2734 se
604 2681 736 2754 potuisse
747 2681 915 2756 praelamat.
961 2682 1019 2748 Qui
1032 2701 1084 2739 au-

43 2773 103 2820 tem
116 2782 135 2819 a
152 2762 218 2819 Deo
244 2762 360 2838 quidem
384 2764 494 2819 lactum
519 2762 665 2833 fatentur,
690 2781 751 2820 non
774 2773 873 2820 tamen
891 2781 957 2822 eum
981 2767 1087 2823 volunt

43 2847 184 2922 temporis
203 2844 325 2917 habere,
351 2845 403 2901 sed
424 2865 495 2903 suae
517 2847 674 2902 creationis
691 2847 823 2918 initium,
851 2855 885 2904 ut
903 2846 988 2904 modo
1011 2866 1085 2924 quo·

45 2929 110 2986 dam
122 2931 177 2986 vix
190 2929 371 3006 intelligibili
384 2947 499 3004 semper
516 2930 555 2984 sit
567 2927 676 3000 lactus,
702 2929 804 2987 dieunt
822 2929 937 3005 quidem
957 2932 1083 3006 aliquid3
1113 2999 1116 3004 v

45 3014 122 3068 unde
137 3013 195 3068 sibi
208 3011 305 3068 Deum
316 3010 454 3070 videntur
470 3013 552 3069 velut
565 3030 583 3068 a
595 3011 717 3069 fortuita
732 3015 897 3070 tomeritate
916 3011 1083 3085 defendere,

46 3114 83 3150 ne
96 3097 197 3152 subito
210 3096 255 3150 illi
267 3095 386 3151 veniam
398 3095 533 3152 credatur
547 3097 578 3152 in
591 3105 735 3167 mentem,
762 3096 840 3172 quod
853 3115 1002 3173 nunquam
1015 3106 1084 3154 ante

45 3181 191 3248 venisset,
219 3177 317 3234 facere
335 3178 491 3249 mundum,
518 3188 548 3234 et
560 3178 702 3235 cecidisse
714 3181 758 3235 illi
771 3182 952 3237 voluntatem
965 3197 1083 3252 novam,

46 3280 108 3317 cum
122 3263 155 3317 in
169 3263 252 3317 nullo
266 3261 305 3315 sit
317 3262 437 3317 omnino
450 3261 610 3318 mutabilis:
637 3261 763 3318 sednon
780 3262 865 3318 video
883 3262 1027 3336 quomodo
1041 3263 1083 3318 eis

45 3347 136 3417 possit
148 3346 181 3400 in
197 3344 322 3400 caeteris
335 3344 424 3399 rebus
437 3343 514 3399 ratio
528 3346 585 3400 ista
598 3343 769 3414 subsistere,
784 3347 967 3419 mariumque
977 3347 1009 3400 in
1018 3345 1083 3400 ani-

45 3446 99 3498 ma,
114 3447 206 3504 quam
219 3427 246 3482 si
260 3425 324 3482 Deo
338 3436 523 3483 coaeternam
536 3444 601 3482 esse
613 3424 830 3495 contenderint,
855 3425 934 3482 unde
947 3427 992 3481 illi
1005 3427 1084 3481 acei-

46 3509 120 3567 derit
134 3529 215 3568 nova
228 3510 363 3580 miseria,
389 3527 463 3584 quac
477 3525 626 3584 nunqnam
643 3518 730 3566 antea
742 3525 795 3582 per
808 3517 976 3576 aeternum,
1003 3507 1084 3562 nullo

45 3595 128 3650 nodo
142 3600 287 3668 poterunt
299 3593 455 3666 explicare.
475 3591 510 3650 Si
523 3594 602 3649 enim
615 3595 778 3648 alternasse
792 3605 905 3662 esmper
919 3589 982 3642 eius
995 3587 1085 3642 nuise-

43 3677 113 3732 riam
128 3686 160 3732 et
175 3674 392 3732 beatitudinem
404 3675 552 3747 dixerint,
566 3693 687 3731 neeesse
701 3683 747 3730 est
759 3672 856 3727 dicant
870 3670 958 3725 etiam
971 3685 1085 3744 semper

43 3760 272 3830 alternaturam
299 3757 378 3814 unde
391 3759 442 3814 illa
455 3775 506 3814 cos
520 3767 658 3834 sequetur
671 3754 852 3824 absurditas,
873 3761 906 3808 ut
918 3752 1006 3808 etiam
1020 3771 1084 3808 cum

43 3839 124 3901 beata
141 3843 267 3914 dieitur,
291 3843 323 3898 in
336 3839 392 3897 hoc
404 3843 505 3920 utique
518 3859 578 3898 non
595 3841 741 3910 altheum,
756 3839 782 3893 si
795 3836 922 3892 futuram
936 3851 1017 3891 susm
1030 3837 1084 3890 mi-

750 3918 817 3979 X2
