2586 4396
256 195 314 251 ΒΕ
337 195 558 256 ClVlTATE
580 198 656 257 DEl
689 199 766 258 LlB.
788 201 859 263 XV.
1034 216 1072 268 tr

39 355 178 406 mortuas
191 356 258 403 eat:
281 347 421 424 numquid
434 351 502 424 quis
517 351 631 408 eosdem
644 351 719 410 libor
730 363 759 410 et
771 354 845 412 filias
860 377 918 415 uon
932 364 1073 434 nominet,

39 433 110 488 ideo
129 431 298 508 intelligere
320 450 379 489 non
404 433 537 490 debemus
556 455 607 511 per
629 446 688 494 tam
709 440 816 496 multos
832 459 944 516 annos,
970 446 1072 520 quibus

38 527 112 572 tunc
126 516 159 571 in
172 517 284 571 sacculi
296 515 380 572 buius
394 519 487 590 prima
500 528 593 576 aetate
608 521 761 594 vivebant,
774 525 855 580 nasci
868 527 998 599 potuisse
1008 531 1072 602 plu-

39 601 134 655 rimos
146 598 298 672 homines,
321 619 444 674 quorum
457 603 587 659 coetibus
601 603 688 662 condi
700 617 818 680 possent
831 611 919 666 etism
930 611 1073 686 plurimae

41 679 197 740 civitatesl
223 681 284 740 Sed
296 686 436 759 pertinuit
449 685 485 740 ad
497 685 606 760 Deum,
625 707 682 764 quo
696 691 752 746 ista
764 692 926 767 inspirante
940 697 1073 752 conscri-

39 777 95 845 pta
111 777 194 838 sunt,
220 765 274 823 bas
294 768 363 824 duca
382 770 537 826 societates
551 774 611 828 suis
625 772 748 830 diversis
761 778 999 852 generationibus
1012 781 1072 854 pri-

39 853 136 908 mitus
149 849 283 929 digerere
295 859 384 927 atque
399 852 596 932 distinguere:
622 866 655 913 ut
675 875 808 916 seorsum
830 857 993 933 bominum,
1017 862 1072 920 boc

42 946 105 1007 est,
132 935 291 992 secundum
312 934 459 993 bominem
479 941 657 1012 viventium,
683 960 815 998 seorsum
831 955 929 1002 autem
945 945 1072 1002 liliorum

40 1019 115 1091 Dei,
128 1019 160 1075 id
173 1030 234 1092 cst,
246 1018 396 1077 hominum
409 1022 570 1079 secundum
582 1023 677 1081 Deum
689 1027 852 1084 virentium
864 1033 1071 1106 generationes

41 1113 274 1160 contexerentur
294 1123 386 1180 usque
409 1105 446 1161 ad
471 1107 627 1180 diluvium,
654 1109 705 1165 ubi
730 1111 877 1167 ambarum
900 1115 1070 1171 societatum

13 1211 14 1226 ι
40 1187 181 1245 discretio
196 1191 403 1264 concretioque
416 1199 589 1248 narrantur:
615 1191 753 1250 discretio
766 1192 895 1269 quidem,
919 1197 997 1270 quod
1010 1216 1070 1254 am·

38 1271 144 1328 barum
156 1275 312 1349 seperatim
324 1276 530 1352 generationes
543 1287 822 1349 commemorentur,
843 1280 929 1334 unius
943 1280 1070 1336 fratrici-

41 1355 96 1410 dae
109 1356 198 1428 Cain,
211 1358 331 1412 alterius
343 1367 440 1414 autem
452 1359 502 1432 qui
514 1359 673 1416 vocabatur
685 1357 773 1433 Seth3
789 1370 875 1418 natum
888 1364 993 1438 quippe
1007 1362 1070 1420 lue-

38 1449 88 1495 ιιι
101 1443 207 1516 etipse
219 1441 254 1496 de
267 1441 373 1514 Adam,
386 1459 438 1516 pro
449 1443 499 1498 illo
512 1461 598 1518 quens
609 1442 700 1500 frater
712 1445 832 1502 occidit:
856 1447 1003 1503 concretio
1017 1464 1069 1503 au·

37 1533 113 1598 tem,
141 1527 209 1600 quia
222 1525 307 1581 bonis
320 1527 352 1581 in
367 1525 495 1582 deterius
514 1527 746 1600 declinantibus,
770 1531 842 1586 tales
854 1531 986 1586 universi
999 1530 1069 1586 lacti

36 1608 170 1680 fuerant,
196 1619 231 1666 ut
242 1608 352 1666 diluvio
366 1609 548 1683 delerentur,
574 1621 697 1685 excepta
710 1632 768 1670 uno
782 1615 877 1686 iusto,
902 1615 949 1670 cui
961 1631 1067 1670 nomen

37 1703 105 1749 erat
117 1692 197 1764 Noe,
218 1695 322 1749 eteius
336 1695 477 1772 coniuge,
497 1704 527 1750 et
538 1695 632 1752 tribua
646 1696 730 1759 filiis,
745 1697 923 1772 totidemque
936 1697 1068 1770 nuribus,

37 1779 87 1852 qui
101 1775 249 1849 homines,
269 1786 334 1832 octo
349 1795 387 1832 ex
398 1779 449 1834 illa
462 1781 589 1835 omnium
602 1782 766 1836 vastatione
778 1783 943 1838 mortalium
955 1801 1008 1856 per
1021 1800 1067 1838 ar-

36 1879 97 1916 cam
112 1860 236 1918 evadere
247 1871 425 1918 meruerunt.
794 1929 799 1942 ι

92 1943 180 2013 Quod
193 1945 286 2022 igitur
304 1946 442 2021 scriptum
460 1956 520 2018 ιιι,
546 1945 588 2004 Et
600 1941 736 2024 coguovit
752 1947 827 2004 Gaia
840 1964 960 2006 sacrem
974 1967 1067 2018 suam,

35 2039 63 2084 et
84 2029 255 2107 coacqrieua
272 2030 397 2106 peperit
416 2027 533 2105 Enosis,
557 2039 588 2086 et
603 2039 672 2086 erat
690 2030 854 2102 aedificans
872 2033 1067 2089 civitatensis

35 2115 149 2170 nomine
166 2111 234 2183 filii
245 2114 294 2168 sui
305 2110 422 2168 Enoch:
448 2131 510 2168 non
523 2121 569 2168 est
580 2113 697 2188 quidem
710 2131 908 2188 consequens,
933 2123 966 2170 ut
978 2116 1067 2170 istum

33 2198 162 2271 primum
174 2195 266 2252 filium
278 2196 416 2274 genuisse
428 2195 573 2252 credatur.
588 2195 692 2272 Neque
705 2198 784 2253 enim
796 2195 850 2253 hoc
862 2215 899 2252 ex
914 2216 949 2254 eo
962 2206 1066 2272 putan-

35 2281 105 2336 dum
118 2289 176 2350 est,
201 2281 270 2356 quia
284 2279 378 2335 dictus
392 2287 437 2336 ιιι
450 2281 622 2360 cognovitne
641 2297 762 2338 uxorem
777 2279 873 2351 suam,
898 2283 983 2357 quasi
996 2290 1066 2338 tunc

35 2385 67 2421 ιι
79 2366 125 2420 illi
136 2365 272 2440 primitus
286 2363 502 2420 concumbendo
513 2364 686 2420 miscuisset.
730 2364 804 2422 Nam
818 2364 895 2422 etde
908 2366 970 2440 ipso
982 2374 1065 2440 patre

35 2451 166 2506 omnium
178 2447 271 2505 Adara
283 2465 342 2504 non
355 2456 426 2503 tunc
439 2449 532 2504 solum
544 2446 598 2504 hoe
612 2446 724 2504 dictum
741 2457 801 2518 ιιι,
827 2448 941 2522 quando
960 2467 1064 2504 conca·

35 2543 100 2607 ptus
118 2541 165 2589 est
178 2530 267 2603 Cain,
292 2549 377 2607 quem
398 2531 624 2608 primogenitum
646 2529 763 2587 ridetur
785 2529 936 2586 habuisse:
963 2549 1065 2586 verum

35 2619 126 2672 ctiam
136 2617 280 2690 posterius
294 2613 393 2672 eadem
404 2611 573 2691 Scriptura,
589 2611 746 2689 Cognovit,
760 2613 873 2688 inquit,
886 2611 980 2669 Adam
992 2631 1065 2670 uco-

34 2719 99 2757 rem
112 2715 208 2770 ιιιιιιι,
232 2709 262 2757 ιι
274 2699 424 2776 coacepit,
442 2707 473 2756 et
479 2697 602 2775 peperit
611 2695 728 2768 filium,
749 2706 779 2754 ιι
790 2697 952 2753 nominavit
965 2714 1065 2753 nomen

35 2784 121 2840 illius
135 2781 212 2841 Setb.
255 2781 338 2840 Vnde
356 2781 533 2860 intelligitur
549 2781 591 2836 ita
609 2781 703 2836 solere
723 2780 805 2836 illam
822 2777 1005 2853 Scriptursm
1022 2781 1064 2834 lo-

35 2869 102 2942 qui,
129 2870 259 2943 quamvis
279 2885 338 2924 uon
357 2884 471 2941 semper
489 2884 554 2922 cum
572 2865 604 2921 in
624 2882 660 2920 ea
676 2865 785 2944 legitur
802 2863 896 2922 factos
916 2861 1065 2920 bominum

34 2952 126 3008 luisse
140 2961 307 3026 conceptus,
319 2968 379 3006 non
390 2959 488 3006 tamen
497 2951 591 3006 solum
601 2967 667 3006 oum
679 2950 804 3023 primum
817 2947 874 3006 sibi
887 2966 974 3005 sarus
983 2957 1062 3004 uter-

35 3055 88 3112 que
107 3037 255 3092 miscetur.
298 3033 360 3090 Nec
375 3034 447 3090 illud
459 3035 625 3091 necessario
638 3041 684 3088 ιιι
696 3043 886 3112 argumento,
911 3042 946 3090 ut
956 3033 1063 3108 primo·

34 3123 167 3198 genitum
179 3120 256 3193 patri
269 3119 469 3174 existimemus
482 3115 602 3190 Enoch,
630 3115 708 3193 quod
732 3119 795 3174 eius
818 3119 937 3176 nomine
959 3117 1063 3173 civitas

34 3207 83 3259 illa
104 3212 276 3276 nuncupata
298 3211 352 3257 est.
386 3200 453 3258 Non
470 3201 600 3257 animab
620 3219 653 3256 ιι
671 3211 732 3272 ιιι,
757 3211 791 3258 ιιι
807 3211 926 3275 propter
938 3202 1062 3273 aliquam

35 3305 166 3360 causam,
181 3305 248 3342 cum
261 3296 291 3343 et
303 3287 377 3341 alios
390 3283 525 3355 baberet,
543 3283 679 3363 diligeret
691 3303 759 3340 eum
771 3293 853 3357 pater
866 3285 989 3339 caeteris
1002 3301 1063 3338 am-

34 3374 119 3446 plius.
163 3369 268 3446 Neque
287 3370 366 3426 enim
385 3378 414 3424 ιι
427 3366 511 3424 ludas
528 3368 741 3446 primogenitus
760 3365 832 3438 fuit,
858 3385 876 3422 a
888 3385 946 3440 quo
959 3363 1064 3420 iudaea

34 3457 244 3533 cognominata
257 3464 315 3524 est,
334 3461 364 3510 et
376 3451 482 3508 ludaei.
526 3450 584 3508 sea
600 3449 714 3508 etiamsi
728 3447 873 3506 conditori
887 3448 1013 3504 civitatis
1027 3447 1062 3499 il-

34 3540 92 3596 lius
105 3541 160 3596 iste
168 3539 253 3596 filius
266 3540 377 3614 primus
391 3545 436 3592 ιιι
449 3543 551 3606 natus,
577 3553 638 3593 non
649 3533 715 3589 ideo
727 3531 889 3608 putandum
901 3539 947 3585 est
963 3538 1033 3588 tuuc
1047 3546 1065 3582 a

32 3633 115 3698 patre
139 3623 276 3681 conditae
297 3622 411 3678 civitati
429 3637 535 3676 nomen
553 3620 615 3675 eius
633 3618 817 3692 impositum,
844 3612 957 3689 quando
978 3619 1062 3668 natus

33 3719 92 3781 est3
120 3711 193 3783 quis
205 3726 260 3764 ιιιι
274 3705 412 3764 constitui
424 3713 495 3760 tunc
510 3703 544 3758 ab
558 3721 618 3759 uno
631 3705 748 3777 poterat
761 3700 882 3769 civitas,
908 3713 980 3773 quae
993 3693 1063 3752 nibil

32 3793 114 3848 aliud
128 3803 173 3848 est
185 3809 272 3865 quarn
283 3789 434 3846 bominum
441 3785 593 3842 multitudo
607 3788 704 3860 aliquo
714 3783 861 3840 societatis
874 3782 991 3838 vinculo
1005 3781 1063 3837 col-

31 3878 142 3956 ligata:
170 3876 222 3932 aad
238 3893 303 3932 cum
319 3874 399 3930 illius
417 3869 543 3928 bominis
555 3869 667 3928 sensilia
679 3877 761 3924 tanta
780 3865 987 3924 numerositate
1001 3883 1062 3922 crc-
