2510 4404
191 171 252 226 424
421 161 519 220 l)lVl
539 160 730 219 Al'RELll
753 157 1015 246 svevsrtrtl

190 319 415 397 praeteritorum
433 317 522 373 etiem
540 315 683 372 melorum
699 328 831 386 suorum;
843 306 846 312 ’
858 321 1002 388 quantum
1021 322 1141 369 autem
1156 313 1231 368 alu-⁴

190 403 332 480 perientis
346 419 478 472 sensum,
502 417 621 475 prorsus
635 400 793 454 ἰιιιιιιιιιιοι.
828 396 904 454 Nam
918 405 948 452 et
959 398 1214 472 peritissimus*

191 485 288 558 dicus,
314 487 390 542 sicut
408 493 472 541 erte
494 485 646 554 sciuntur,
667 500 767 538 omnes
781 479 841 537 fere
854 480 974 537 morbos
989 484 1147 556 eorporis
1164 502 1217 538 ner

192 571 272 628 sieut
285 578 382 626 autem
396 586 517 644 corpore
530 569 708 638 sentiuntur,
728 567 867 640 plurimos
881 567 991 634 nescit,
1006 583 1086 640 quos
1106 569 1187 642 ipse
1199 587 1227 622 m

190 672 294 731 passus
315 662 368 710 est.
405 651 445 709 Vt
464 670 535 730 ergo
555 651 696 708 scientiae
715 651 854 706 melorum
873 648 948 704 duae
967 659 1059 720 sunt3
1087 670 1178 721 una,
1201 671 1233 725 qr

190 739 353 815 potentiam
364 737 471 794 mentis
484 754 544 792 non
558 736 669 807 latent3
694 735 802 805 altera,
822 751 879 808 qua
897 734 1088 808 experientis
1108 735 1235 790 sensili

190 821 363 879 inhaerent:
390 821 497 890 (Aliter
518 819 622 893 quippe
642 819 777 875 sciuntur
795 817 892 873 omnia
911 817 986 874 vitia
1000 836 1058 892 per
1076 821 1235 894 sapientie·

192 905 374 976 doctrinam,
393 906 479 960 aliter
491 921 544 977 per
557 903 724 976 insipientis
737 901 893 976 pessimam
907 901 1035 979 vitrum)
1066 905 1115 958 ita
1133 915 1170 960 et
1185 905 1239 958 ohl-

192 991 294 1048 viones
307 979 452 1044 malorum
464 985 538 1042 duae
551 995 628 1042 usnt.
661 986 755 1042 Aliter
769 1003 803 1040 ea
816 1002 941 1059 namque
961 986 1177 1044 obliviscitur
1189 1006 1238 1042 ere

192 1073 269 1130 ditus
284 1082 314 1129 et
326 1071 447 1144 doetus,
461 1071 546 1127 aliter
560 1077 697 1145 expertus
712 1078 742 1124 et
754 1087 871 1144 pessus:
896 1069 963 1140 ille,
989 1071 1018 1124 si
1029 1073 1190 1146 peritiam
1203 1090 1237 1125 ιιι

192 1159 302 1236 gligat3
328 1157 396 1228 iste,
420 1157 447 1212 si
469 1155 589 1212 miserie
610 1163 717 1210 careat.
752 1151 918 1210 Secundum
942 1150 1024 1210 hanc
1046 1154 1238 1212 oblivionem

192 1259 279 1317 quem
295 1241 456 1317 posteriore
469 1240 533 1296 loeo
545 1237 647 1312 posui,
671 1255 731 1303 non
745 1245 833 1293 crunt
849 1255 997 1312 memores
1012 1242 1117 1295 sancti
1131 1251 1237 1314 praete·

192 1327 316 1382 ritorum
328 1325 486 1380 malorum:
514 1323 654 1380 carebunt
672 1323 751 1378 enim
770 1320 920 1392 omuibus,
946 1322 991 1378 ita
1004 1332 1042 1380 ut
1054 1326 1190 1398 penitus
1202 1323 1249 1391 dc,

192 1410 309 1466 leantur
323 1407 358 1463 de
371 1407 505 1465 sensibus
519 1425 628 1463 eorum.
660 1403 705 1462 Ec
718 1415 815 1462 tanuen
829 1405 961 1480 potentia
975 1407 1149 1478 scientiae,
1174 1425 1233 1484 qnae

192 1511 302 1572 magna
314 1493 347 1549 in
359 1493 401 1548 eis
416 1493 483 1564 erit,
497 1509 557 1548 non
571 1492 663 1548 solum
676 1507 730 1546 sua
743 1490 916 1564 praeterita,
941 1489 995 1545 sed
1010 1493 1106 1548 etism
1121 1491 1233 1548 damne-
1248 1546 1249 1587 p

192 1587 290 1633 torum
303 1595 354 1632 eos
370 1578 546 1652 sempiterna
559 1576 677 1631 miseria
689 1592 749 1630 non
761 1573 871 1630 latebit.
900 1573 1046 1649 Alioquin
1061 1577 1090 1631 si
1103 1595 1139 1632 se
1151 1577 1232 1632 fur'sse

184 1661 315 1736 'miseros
329 1661 472 1716 nescituri
484 1669 563 1730 sunt,
588 1657 743 1734 quomodo,
759 1659 834 1714 sicut
847 1657 889 1712 eit
900 1655 1056 1730 Pselmus,
1069 1663 1228 1718 misericor·

192 1741 254 1797 dias
267 1741 389 1798 Domini
402 1744 434 1798 in
451 1751 603 1798 aeternum
622 1737 802 1798 cantabunt?
832 1741 896 1809 Quo
920 1743 1043 1798 cantico
1062 1745 1098 1801 in
1117 1746 1226 1824 glorian
1248 1749 1249 1760 *

192 1826 306 1904 gratiae
320 1823 446 1896 Christi,
471 1826 552 1880 cuius
567 1826 711 1903 sanguine
726 1825 843 1882 liberati
857 1843 976 1896 sumus,
1004 1825 1088 1884 nihil
1104 1831 1218 1902 eritpro-

192 1909 269 1966 fecto
282 1909 326 1965 illi
338 1907 495 1966 iucundius
511 1906 641 1966 Civitati.
676 1907 720 1964 lbi
738 1908 920 1984 perficietur,
947 1907 1081 1985 Vacate,
1097 1924 1129 1970 et
1142 1911 1215 1970 vidue

192 1994 328 2072 quoniam
342 2013 394 2070 ego
408 2011 472 2050 sum
484 1991 577 2051 Deus.
613 1991 697 2062 Quod
711 1994 769 2048 erit
782 1989 857 2070 [ibi]
872 2011 942 2050 vere
954 1997 1127 2056 maximum
1138 1994 1214 2052 sulbe-

192 2088 255 2134 tum
268 2095 328 2134 nou
340 2075 450 2134 hebens
464 2095 624 2152 vesperam,
647 2076 727 2153 quod
738 2075 952 2134 commendavit
964 2075 1120 2137 Dominus
1134 2084 1163 2136 in
1174 2078 1219 2153 pri·

192 2163 248 2217 mis
261 2161 396 2235 operibus
409 2161 522 2232 mundi,
536 2161 585 2216 ubi
598 2163 721 2240 legitur:
734 2161 776 2218 Et
789 2163 933 2238 requievit
946 2159 1034 2219 Deus
1050 2165 1101 2222 die
1114 2165 1219 2240 septim

192 2245 229 2303 all
243 2244 373 2304 omnibus
387 2246 522 2324 operibus
536 2247 614 2315 suis,
635 2264 709 2323 quae
721 2244 823 2317 fecit:
847 2254 876 2301 et
893 2244 1049 2304 benedixit
1064 2247 1146 2306 Dese
1156 2247 1217 2303 des

192 2330 358 2407 septimum,
372 2339 402 2386 et
414 2327 617 2400 sanctificavit
631 2347 705 2399 eum,
720 2329 789 2405 quie
803 2330 833 2384 ιἰι
847 2346 879 2384 eo
892 2330 1042 2405 requievit
1056 2332 1094 2389 ab
1106 2328 1217 2388 meist

192 2411 327 2491 operibus
340 2413 413 2482 suis,
427 2431 502 2490 quae
515 2410 664 2470 inchoavit
676 2409 886 2484 Decefccerc.
908 2410 981 2468 Dies
996 2417 1084 2470 enim
1096 2414 1210 2489 septimus

193 2498 282 2552 etiam
301 2497 429 2572 nosipsi
448 2497 572 2566 erimus,
597 2495 712 2571 quando
733 2497 796 2550 eius
814 2495 955 2552 fuerimus
974 2497 1175 2556 benedictione
1190 2503 1214 2548 et
1248 2546 1249 2556 ,

193 2579 426 2637 sanctificatione
438 2581 518 2656 pleni
532 2589 618 2654 atque
631 2579 747 2655 refecti,
766 2577 810 2635 lbi
823 2589 960 2636 vocantes
974 2580 1142 2640 videbimus
1153 2597 1209 2656 quo-

193 2665 273 2722 niam
287 2665 349 2740 ipse
363 2673 408 2722 est
421 2663 517 2722 Deus:
540 2663 616 2740 quod
629 2663 712 2719 nobis
726 2664 783 2738 ipsi
796 2682 860 2720 esse
873 2665 1037 2738 voluimus,
1065 2665 1172 2744 quando
1184 2661 1210 2716 sb
1248 2722 1249 2759 1

192 2749 244 2805 illo
258 2747 427 2821 cecidimus,
440 2747 593 2806 audientes
606 2766 624 2804 a
637 2747 800 2819 seductore,
814 2745 913 2804 Eritis
926 2751 1006 2805 sicat
1019 2751 1067 2807 dii
1072 2771 1084 2824 ,·
1109 2760 1137 2807 et
1147 2765 1208 2806 rece·

192 2831 294 2889 dentes
308 2851 325 2889 a
337 2851 408 2890 vero
422 2831 498 2905 Deo,
512 2851 570 2908 quo
583 2831 710 2888 faciente
723 2831 764 2887 dii
776 2850 902 2888 essemus
916 2833 978 2888 eius
992 2837 1207 2910 participatione,

191 2935 253 2973 non
267 2915 453 2972 desertione·
467 2914 556 2983 vQuid
571 2917 649 2971 enim
663 2918 728 2972 sine
741 2917 792 2971 illo
805 2915 940 2988 secunus,
967 2918 1029 2972 nisi
1050 2919 1128 2994 quod
1138 2921 1164 2974 in
1174 2917 1206 2969 in
1248 2896 1249 2956 l

192 3000 255 3054 eius
269 2993 443 3054 defecimusl
472 2998 497 3054 A
511 3016 567 3072 quo
580 2997 696 3071 refecti,
709 3009 739 3056 et
750 3001 845 3078 gratia
859 3001 975 3066 maiore
980 3001 1119 3076 perfecti,
1138 3015 1200 3058 reta·

191 3081 284 3138 bimus
299 3083 330 3136 in
343 3089 504 3153 aeternum,
522 3081 656 3138 videntes
670 3085 740 3159 quia
751 3087 813 3159 ipse
827 3092 871 3140 cst
884 3083 980 3155 Deus,
1004 3102 1064 3160 quo
1079 3079 1202 3162 pleniori·
1248 3074 1249 3155 l

191 3184 270 3238 mus,
298 3164 412 3242 quando
432 3166 495 3242 ipsc
515 3167 572 3222 erit
590 3169 687 3223 omnia
706 3169 738 3224 in
757 3168 897 3225 omnibus.
932 3167 1008 3225 Nam
1027 3179 1059 3226 et
1076 3169 1203 3245 ipsalona

191 3269 280 3327 opera
293 3259 404 3320 nostra,
429 3250 543 3326 quando
556 3252 646 3326 ipsius
659 3254 755 3326 potius
769 3253 978 3331 intelliguntur
992 3272 1059 3310 esse
1072 3273 1157 3330 quam
1166 3267 1204 3307 uo
1248 3310 1249 3341 1

191 3347 269 3407 ιιιι,
293 3345 364 3392 tunc
377 3335 461 3392 nobis
482 3335 519 3391 ad
540 3332 596 3392 hoc
620 3335 769 3393 sabbatum
793 3336 1011 3412 adipiscendum
1035 3339 1203 3414 imputentur-

191 3421 268 3489 Quia
281 3421 307 3475 si
320 3419 403 3475 nobis
421 3437 455 3475 ea
467 3419 667 3491 tribuerimus,
688 3421 807 3477 servilia
820 3431 924 3493 erunt3
950 3440 1039 3497 quum
1052 3421 1088 3478 de
1108 3421 1204 3479 sabbato

192 3503 317 3576 dicatur,
334 3499 426 3561 Omne
439 3520 511 3582 opus
525 3503 632 3561 servile
646 3505 676 3560 in
691 3523 723 3562 eo
736 3504 942 3577 consecretis.
968 3503 1093 3579 Propter
1107 3502 1176 3581 quod
1185 3511 1205 3556 et
1248 3506 1249 3526 ¹

191 3606 244 3662 per
258 3584 443 3644 Ezechielem
456 3585 631 3662 Prophetam
644 3586 762 3646 dicitur:
789 3587 831 3646 Et
843 3589 968 3646 sabbate
978 3608 1043 3646 ntea
1057 3589 1127 3647 decli
1138 3585 1202 3646 eisin

192 3671 309 3746 signum
323 3671 402 3726 inter
415 3681 502 3728 meet
516 3673 595 3728 inter
609 3689 674 3744 eos,
697 3681 731 3729 ιιι
743 3675 856 3730 scirent
868 3675 937 3750 quie
951 3693 1003 3750 ego
1020 3671 1159 3730 Dominae
1169 3686 1202 3748 qu

192 3751 348 3822 sanctifico
363 3771 420 3811 eos.
448 3751 513 3810 Hoc
525 3753 655 3829 perfecte
668 3765 739 3813 tune
754 3757 889 3826 sciemus,
902 3755 1016 3832 quando
1028 3757 1155 3832 perfecte
1165 3770 1199 3812 rt·

192 3833 329 3905 cabimus,
354 3843 383 3891 et
395 3836 525 3922 perfecte
538 3837 697 3898 videbnuus
712 3841 779 3918 quio
793 3843 855 3917 ipse
869 3851 913 3898 est
925 3841 1015 3900 Deus.
