2538 4392
203 215 264 273 rea
435 201 744 266 o1v1avauu11
765 199 1025 260 aversatur

207 367 271 424 dari
283 372 350 442 post
359 361 608 420 resurrectionem
618 356 728 416 Christi
739 356 891 432 oportebat
903 357 935 412 in
947 374 981 412 ea
993 356 1128 429 civitate,
1142 376 1184 414 ex
1195 377 1246 436 qus
1260 335 1261 382 l

208 451 309 508 debuit
327 448 458 522 incipere
475 446 523 500 lex
547 442 690 514 secunda,
715 440 772 497 hoc
792 451 851 512 est,
877 439 1103 498 Testamentum
1128 459 1244 500 norum

205 533 302 590 Prima
316 532 395 588 enim
408 529 466 586 fuit
483 547 521 584 ex
538 535 638 584 monte
651 523 724 583 Sina
748 543 799 599 per
812 522 953 601 Moysen,
980 523 1057 600 quod
1070 523 1244 584 'l'estamen-

206 628 267 674 tum
286 622 408 672 vocatur
426 621 520 669 retus.
558 609 676 667 Dahae
696 618 792 666 autem
809 626 882 682 quae
904 625 958 682 por
977 606 1131 664 Christum
1155 610 1244 666 danda

207 709 286 771 erat,
308 697 489 774 praedictum
509 703 568 750 est:
590 693 638 750 Ee
650 691 722 750 Sion
728 692 853 770 prodiet
866 692 929 762 lec,
952 703 982 750 et
994 691 1115 748 verbum
1128 691 1242 750 Domino

207 803 244 842 es
256 780 457 840 Hierusalem.
479 777 563 834 Vnde
577 777 680 851 etipse
693 795 746 850 per
759 793 860 831 omnes
874 785 978 853 gentes
993 773 1071 831 dixit
1083 775 1242 850 praedicari

207 875 341 943 oportere
354 865 386 920 in
400 864 520 919 nomine
534 879 586 916 suo
603 861 832 934 poenitentiam,
859 859 909 914 sed
923 869 1021 915 tamen
1035 860 1240 934 incipientibus

207 951 242 1007 ab
256 947 449 1004 Hierusalem.
471 945 516 1002 lbi
526 961 597 1022 ergo
612 960 733 999 exorsus
748 951 793 997 est
804 941 889 998 huius
903 944 1030 999 nominis
1046 944 1155 1014 cultus,
1170 953 1201 999 ut
1212 945 1240 1000 in

208 1031 356 1090 Christum
370 1028 475 1102 lesum,
489 1029 539 1104 qui
554 1025 713 1084 crucifixus
726 1026 825 1082 fu'erat
839 1035 869 1082 et
880 1034 1097 1098 resurrexerat,
1111 1026 1241 1082 credere-

207 1127 265 1173 tur.
287 1113 331 1171 lbi
343 1112 416 1170 haee
429 1112 500 1170 tides
513 1103 573 1168 tam
590 1109 757 1189 insignibus
775 1111 868 1166 initiis
886 1109 1056 1179 incanduit,
1083 1119 1117 1165 ut
1136 1112 1243 1185 aliquot

207 1199 355 1256 hominum
374 1197 467 1254 millia
483 1198 516 1252 in
530 1194 640 1253 Christi
660 1212 767 1251 nonren
783 1194 909 1250 mirabili
922 1194 1076 1249 alacritate
1090 1212 1243 1262 conversa,

208 1281 336 1340 venditis
350 1283 410 1338 suis
423 1280 510 1338 rebus
524 1289 558 1336 ut
570 1281 672 1358 egenis
691 1277 955 1348 distribuerentur,
978 1277 1131 1352 proposito
1145 1289 1243 1334 sancto
1260 1295 1261 1308 ¹

209 1377 239 1424 et
256 1365 462 1424 ardentissima
482 1365 605 1420 caritate
626 1363 661 1418 ad
680 1369 880 1436 paupertatem
897 1362 1095 1416 voluntariam
1107 1363 1243 1434 perveni·

207 1460 286 1522 rent,
308 1460 395 1525 atque
406 1450 485 1504 inter
499 1447 658 1504 frementes
673 1454 703 1501 et
713 1445 889 1522 sanguinem
903 1445 1036 1499 sitientes
1050 1441 1192 1516 ludaeos,
1217 1464 1244 1500 se

208 1552 302 1608 usque
316 1533 353 1588 ad
365 1541 487 1588 mortem
500 1549 553 1604 pro
566 1532 690 1587 veritate
704 1537 828 1600 certare,
841 1546 900 1584 non
915 1535 1027 1582 arrhata
1038 1529 1184 1600 potentia,
1199 1527 1243 1583 sed

207 1617 372 1691 potentiore
386 1615 529 1687 patientia
540 1621 759 1687 praepararent.
779 1609 843 1666 Hoc
857 1613 882 1666 si
896 1612 984 1666 nullis
998 1611 1123 1688 magicis
1138 1612 1244 1667 artibus

208 1699 319 1754 l'actum
332 1705 393 1767 est,
408 1714 460 1751 cur
474 1695 592 1752 credere
607 1696 759 1766 dubitant,
785 1693 886 1750 eadem
899 1695 1006 1750 virtute
1020 1693 1123 1750 divina
1137 1713 1191 1768 per
1204 1705 1244 1750 to-

209 1791 270 1837 tum
291 1779 431 1838 mundum
448 1777 479 1834 id
497 1778 561 1834 lieri
577 1781 707 1852 potuisse
725 1796 783 1852 qua
801 1776 856 1834 hoc
873 1777 983 1833 factum
1006 1773 1066 1832 esti
1100 1775 1137 1834 Si
1152 1789 1243 1834 auten

210 1873 242 1920 ut
258 1861 473 1938 Hierosolymis
496 1861 537 1916 sic
558 1860 595 1916 ad
617 1863 725 1916 cultum
751 1863 877 1918 nominis
904 1859 1012 1917 Christi
1037 1861 1244 1917 accenderetur

210 1955 293 2004 tanta
309 1945 460 2002 hominum
479 1943 650 2015 multitudo,
677 1962 752 2018 quae
776 1945 858 2000 illum
882 1945 913 2000 in
938 1963 1040 2014 cruce,
1068 1946 1118 2000 vel
1142 1945 1244 2000 fixerat

209 2049 360 2107 prensum,
373 2030 421 2086 vel
435 2030 542 2084 riserat
555 2026 656 2099 lixum,
670 2028 729 2082 iam
741 2028 914 2084 maleficium
927 2026 998 2083 illud
1009 2027 1122 2084 lecerat
1131 2027 1243 2094 Petrus,

211 2133 248 2172 ex
261 2115 324 2190 ipso
339 2131 417 2169 anno
431 2111 630 2188 quaerendum
646 2119 701 2182 est,
717 2109 834 2185 quando
847 2113 973 2168 trecenti
986 2113 1148 2190 sexaginta
1161 2113 1241 2187 quin-

210 2217 266 2274 que
280 2197 417 2272 campleti
430 2198 499 2254 sint.
534 2193 666 2252 Mortuus
687 2203 734 2250 est
752 2213 823 2271 ergo
838 2193 970 2252 Christus
985 2194 1097 2250 duobus
1112 2195 1242 2252 Geminis

210 2281 403 2350 Consulibus,
429 2289 531 2335 octavo
554 2277 702 2334 Kalendas
725 2275 843 2350 Aprilis.
878 2277 1052 2334 Resurrexit
1075 2280 1167 2336 tertia
1192 2278 1244 2346 dir,

209 2366 286 2420 sicut
303 2363 434 2437 Apostoli
458 2363 519 2418 suis
544 2362 632 2416 ctiam
654 2360 789 2417 sensibus
809 2361 1015 2436 probaverunt.
1050 2361 1171 2418 Deinde
1183 2371 1245 2437 post

210 2444 407 2524 quadraginta
420 2444 482 2502 dics
496 2444 648 2502 adscendit
661 2446 834 2502 incoelum:
861 2455 928 2520 post
941 2445 1038 2502 decem
1050 2445 1133 2517 dies,
1148 2445 1179 2502 id
1193 2457 1244 2512 est,

210 2530 453 2608 quinquagesimo
476 2537 649 2603 postauam
672 2531 917 2586 resurrectionem
940 2529 986 2585 die
1003 2530 1084 2585 misit
1104 2527 1246 2604 Spiritum

209 2623 356 2672 sanctum:
371 2611 458 2670 Tune
472 2615 529 2669 tria
541 2613 634 2669 millia
646 2610 797 2668 hominum
809 2612 956 2688 Apostolis
970 2631 1035 2668 eum
1047 2613 1246 2687 praedicenti·

209 2699 263 2756 bus
277 2695 472 2754 erediderunt.
496 2695 581 2754 Tune
595 2697 694 2771 itaque
707 2697 835 2752 nominis
849 2697 927 2753 illius
942 2698 1037 2754 cultus
1050 2713 1179 2754 exorsus
1194 2707 1246 2754 est.

211 2783 287 2838 sicut
299 2800 353 2838 nos
368 2780 528 2852 credimus,
552 2789 581 2836 et
594 2781 704 2836 veritas
717 2777 821 2850 habet,
848 2779 976 2836 efficacia
989 2778 1118 2854 Spiritus
1135 2783 1245 2836 sancti:

210 2867 286 2921 sicut
299 2873 396 2920 autem
409 2863 496 2919 finxit
509 2864 624 2920 vanitas
637 2864 725 2937 impia
735 2865 783 2920 vel
793 2865 919 2936 putarit,
932 2865 1055 2942 magicis
1069 2863 1185 2920 artibus
1194 2863 1246 2919 Pe-

210 2949 259 3003 tri.
285 2945 376 3002 Paulo
389 2954 456 3020 post
469 2947 558 3001 etiam
571 2947 658 3024 signo
672 2946 799 3003 mirabili
812 2947 907 3018 facto,
935 2946 1050 3022 quando
1072 2947 1108 3003 ad
1128 2949 1246 3005 verbum

209 3030 303 3104 ipsius
316 3028 398 3084 Petri
411 3027 529 3103 quidam
540 3027 693 3086 mendicus
711 3029 747 3086 ab
766 3039 850 3086 utero
871 3032 972 3087 matris
991 3033 1034 3087 ita
1052 3032 1195 3103 claudus,
1219 3041 1247 3085 ut

210 3111 245 3168 ab
260 3112 325 3167 eliis
338 3119 517 3186 portaretur,
532 3121 562 3168 et
575 3111 611 3168 ad
623 3121 737 3188 portam
751 3115 862 3190 templi,
875 3115 926 3171 ubi
940 3115 1044 3189 stipem
1055 3124 1184 3188 peteret,
1197 3134 1246 3190 po·

210 3203 341 3268 neretur,
365 3196 397 3251 in
410 3196 529 3252 nomine
542 3195 607 3254 lesu
623 3195 732 3265 Christi
746 3200 843 3254 salvus
858 3199 998 3269 exsilivit,
1011 3200 1147 3274 quinque
1160 3199 1247 3254 millia

209 3277 359 3338 hominum
377 3278 580 3337 crediderunt:
606 3298 640 3336 ae
660 3280 765 3338 deinde
789 3283 855 3338 aliis
878 3291 966 3358 atque
990 3282 1057 3337 aliis
1080 3283 1246 3338 accessibus

211 3363 393 3420 credentium
407 3365 500 3421 crevit
509 3363 653 3420 Ecclesia.
668 3363 708 3420 Ac
720 3383 774 3438 per
786 3363 842 3421 hoc
856 3367 1006 3443 colligitur
1020 3367 1108 3422 ctiam
1123 3365 1201 3436 dies,
1215 3381 1247 3420 er

211 3465 269 3524 quo
283 3465 378 3504 annus
392 3448 455 3522 ipse
468 3449 573 3504 sumsit
585 3449 719 3519 initium,
740 3449 855 3504 scilicet
868 3448 982 3524 quando
995 3449 1104 3506 missus
1119 3459 1170 3506 est
1184 3447 1247 3526 Spi-

209 3532 284 3600 ritus
298 3541 429 3602 sanctus,
443 3530 544 3602 idest,
568 3548 621 3604 per
634 3529 702 3588 ldus
716 3531 818 3588 Maias.
853 3531 1020 3588 Numeratis
1033 3533 1161 3606 proinde
1176 3531 1261 3606 Con·¹

210 3614 320 3670 nulibus
335 3615 461 3670 trecenti
475 3615 631 3692 sexaginta
641 3616 771 3692 quinque
785 3617 855 3670 anni
868 3617 1058 3689 reperiuntur
1070 3617 1189 3691 impleti
1201 3631 1248 3689 per

210 3694 327 3752 easdem
341 3695 408 3752 idus
430 3699 585 3754 consulatu
599 3695 727 3754 Honorii
741 3708 771 3754 et
783 3697 986 3774 Eutychiani*
1005 3696 1100 3755 Porro
1112 3697 1261 3775 sequenti,

208 3793 306 3846 anno,
333 3776 460 3835 Consule
473 3779 583 3836 Manlio
597 3778 770 3854 Theodoro,
797 3781 914 3856 quando
932 3784 991 3837 iam
1003 3781 1168 3838 secundum
1181 3777 1261 3837 tund}

209 3859 362 3914 oraculum
377 3859 550 3920 daemonum
568 3873 620 3920 aut
632 3863 804 3941 figmentum
817 3862 966 3922 homiuum
979 3868 1059 3923 nulls
1072 3883 1139 3922 esse
1153 3859 1261 3922 debuit
