2530 4392
188 212 243 275 DE
266 215 486 276 ClVlTATE
510 217 585 278 DEl
618 221 697 280 blB.
719 222 798 282 XX.
946 229 1004 286 29³

62 387 80 425 n
99 376 167 424 esset
182 367 214 424 de
232 369 308 426 viris
327 379 356 426 et
377 373 498 428 mortuis
511 371 682 433 iudioatum:
709 375 761 433 sed
775 396 840 434 eum
854 395 886 434 se
898 380 1005 437 vidisse

62 463 72 508 t
88 453 116 508 in
128 449 222 509 tbrono
237 453 400 526 sedentem,
426 473 445 511 a
457 457 538 512 ouius
552 457 628 515 faeie
641 460 721 539 fugit
742 463 854 519 eoelum
867 470 897 518 et
914 473 1006 535 terra;

61 545 156 611 postea.
179 534 297 594 Peraoto
310 539 414 614 quippe
428 538 535 596 iudicio
549 550 618 598 tuno
630 562 694 600 esse
705 543 820 602 desinet
827 543 882 603 boo
895 547 1003 602 eoelum

61 638 103 675 ree
114 628 195 693 terro,
208 620 322 696 quando
336 623 456 699 incipiet
469 641 532 680 esse
546 627 656 682 eoelum
666 647 773 685 novum
786 639 816 686 et
828 638 908 686 terre
918 647 1004 686 nova.

60 705 145 760 stione
166 721 284 781 namque
306 724 421 780 rerum,
448 725 508 764 nou
523 711 603 765 omni
620 710 706 768 modo
728 713 850 770 interitu
869 713 1006 770 transibit

60 787 173 844 nundus.
198 787 279 845 Vnde
293 799 323 846 et
335 790 490 866 Apostolus
503 792 559 848 ait:
582 789 736 853 Praeterit
749 798 824 854 enim
830 795 939 874 figura
952 795 1005 853 Ιιιι-

59 873 154 943 ιιιιιιιιὲ,
175 871 234 930 nolo
247 891 297 930 vos
309 875 372 932 sine
391 874 590 934 sollieitudine
603 895 673 936 etse.
712 878 822 958 Figura
838 898 908 959 ergo
920 899 1006 956 prae·

59 976 74 1025 r,
88 974 143 1011 non
157 965 265 1012 natura.
291 956 363 1015 cum
376 977 448 1037 ergo
461 977 493 1014 se
505 957 631 1018 loannes
644 962 752 1020 vidisse
765 962 891 1020 dixisset
901 963 1007 1021 seden-

62 1057 142 1114 super
154 1038 303 1114 thronum,
318 1059 335 1098 a
349 1045 431 1099 euius
445 1041 530 1116 faeie,
545 1045 622 1120 quod
633 1055 734 1121 postea
747 1047 878 1104 futurum
892 1058 949 1120 est,
962 1047 1007 1104 iu-

58 1125 151 1180 =oelum
169 1133 197 1180 et
212 1133 305 1182 terra:
333 1125 375 1184 Et
386 1127 464 1196 vidi,
489 1128 604 1204 inquit,
630 1141 759 1188 mortuae
772 1148 896 1208 magnos
910 1142 940 1190 et
946 1149 1007 1210 pu·
1094 1161 1097 1165 ·

58 1225 66 1263 ι
71 1227 81 1282 ,’
105 1218 132 1265 ιι
144 1210 320 1286 reperiissent
333 1209 419 1286 tttrt;
444 1221 474 1268 et
487 1211 565 1268 alius
579 1212 653 1270 liber
674 1225 795 1292 apertae
815 1225 876 1286 est,
900 1218 952 1294 qui
964 1225 1007 1273 est

57 1311 65 1348 ι
77 1293 293 1370 uniuscuiusque
297 1311 308 1368 ,·
326 1302 356 1351 et
369 1295 498 1352 iudicati
508 1306 578 1353 sunt
590 1300 700 1354 mortui
711 1317 748 1356 ee
761 1300 834 1376 prsis
848 1300 1009 1376 seripturis

57 1395 120 1434 rum
133 1377 285 1436 seeundum
296 1377 394 1449 foeta
407 1395 472 1435 ena.
497 1377 600 1437 Libros
615 1378 691 1437 dixit
704 1400 768 1438 esse
782 1391 915 1457 apertos,
930 1391 960 1438 et
972 1382 1008 1436 li-

56 1459 268 1516 1:10d1ibrdm
282 1461 444 1519 cuiusmodi
457 1459 518 1520 u'on
531 1465 642 1536 tacuit3
667 1467 717 1542 pai
729 1475 786 1537 eet,
809 1467 915 1542 inquit,
928 1467 1009 1522 vitoe

56 1546 209 1621 sentiasque.
235 1542 317 1623 Ergo
331 1547 375 1602 illi
388 1546 471 1618 libri,
490 1565 563 1624 quos
576 1549 674 1624 priore
688 1551 752 1606 loeo
764 1550 879 1624 posuit,
897 1550 1009 1605 intelli·

55 1627 70 1683 li
88 1636 155 1684 suut
171 1629 266 1685 saneti
285 1639 315 1685 et
333 1639 447 1687 veteres
469 1640 498 1688 et
515 1634 599 1704 novi,
625 1634 706 1689 utin
729 1634 789 1689 illis
804 1632 1009 1690 ostenderetur

65 1711 143 1769 Deus
156 1710 221 1768 fieri
234 1731 287 1770 sua
299 1714 436 1772 mandata
449 1717 598 1773 iussisset:
622 1717 654 1773 in
667 1718 717 1773 illo
732 1726 828 1773 autem
840 1717 891 1792 qui
905 1726 951 1772 est
963 1718 1008 1774 ri·

54 1798 275 1873 uniuscuiusque,
289 1797 359 1874 quid
371 1797 475 1856 borum
487 1801 607 1877 quisque
622 1820 681 1858 non
696 1800 831 1872 iecisset,
845 1801 908 1858 sive
921 1799 1008 1858 feeit-

66 1882 123 1948 Qui
136 1882 209 1939 liber
221 1882 247 1937 si
261 1883 419 1940 carnaliter
432 1886 596 1964 cogitetur,
610 1887 674 1962 quis
688 1887 751 1942 eius
765 1885 1008 1964 magnitudinem,

53 1965 263 2043 longitudinem
285 1968 383 2034 valeat
405 1965 579 2024 aestimaret
610 1970 670 2027 Aut
683 1978 792 2044 quanto
806 1978 935 2044 tempore
949 1970 1008 2047 legi

53 2050 85 2105 rit
96 2049 181 2122 liber,
194 2051 227 2106 in
240 2067 299 2126 quo
313 2052 438 2125 scriptae
448 2062 517 2108 sunt
527 2053 682 2109 universae
692 2053 771 2108 vitae
785 2048 1008 2108 universorum?

52 2143 134 2190 antus
150 2134 328 2212 Angelorum
341 2153 478 2191 numerus
493 2134 604 2206 aderit,
631 2144 758 2211 quantus
772 2133 922 2190 llomiuum
942 2135 1009 2204 erit,

52 2226 108 2273 tam
122 2236 204 2274 suam
223 2219 347 2294 quisque
365 2219 401 2275 ab
414 2219 527 2296 Angelo
546 2219 604 2274 sibi
618 2217 746 2275 adhibito
760 2217 859 2274 audiet
871 2213 1009 2274 reoitarii

55 2321 125 2380 ergo
136 2320 213 2359 unus
222 2301 296 2358 liber
307 2303 365 2358 erit
375 2303 514 2371 omnium,
529 2301 580 2359 sed
591 2303 701 2382 singuli
711 2303 903 2381 singulorum·
927 2299 1004 2358 Seri·

52 2405 142 2443 ivero
156 2387 214 2442 iste
227 2405 318 2443 unum
331 2387 433 2444 volens
452 2387 596 2466 intelligi,
623 2385 665 2443 Et
683 2386 777 2456 alius,
798 2386 909 2462 inquit,
934 2385 1008 2444 liber

52 2481 95 2528 ιιι
109 2479 165 2528 est.
207 2469 355 2538 Quaedam
376 2472 468 2550 igitur
480 2472 526 2528 ris
542 2479 586 2527 est
603 2468 796 2548 intelligendo
810 2469 926 2540 divina,
953 2488 1009 2546 qua

52 2564 65 2611 t
79 2556 187 2630 eoique
201 2573 289 2630 opera
303 2573 373 2626 sua,
397 2556 447 2611 rel
465 2555 541 2612 bona
555 2557 602 2612 vel
619 2556 710 2626 mala,
736 2562 842 2610 cuneta
855 2553 887 2608 in
899 2571 1008 2609 memo·

57 2647 259 2708 revocentur,
286 2649 316 2696 et
332 2639 439 2694 mentis
459 2639 569 2696 intuitu
582 2639 656 2694 ιιιίιιι
670 2638 820 2694 eeleritate
834 2645 1008 2707 cernantu13

52 2731 151 2796 auset,
177 2724 227 2782 vel
240 2731 363 2779 exouset
375 2723 497 2779 seientia
512 2723 738 2793 conscientiam
766 2729 853 2796 atque
864 2721 906 2776 ita
920 2721 1008 2776 simul

52 2826 113 2864 ,nes
129 2815 161 2864 et
174 2808 287 2888 singoli
299 2806 477 2874 iudioentur.
512 2807 593 2875 Quae
606 2807 743 2863 nimirum
756 2806 802 2862 vis
815 2803 926 2877 divina,
940 2803 1008 2860 libri

52 2911 71 2948 n
86 2893 214 2968 aoeepit.
252 2889 287 2949 ln
301 2909 336 2948 ea
349 2892 455 2968 quippe
468 2889 592 2968 quodam
609 2889 696 2947 modo
713 2890 840 2969 legitur,
868 2888 1008 2964 quiequid

52 2973 53 3048 l
73 2973 210 3034 iaciente
222 2976 372 3035 reeolitur.
411 2974 449 3033 Vt
461 2984 559 3034 autem
572 2973 721 3047 ostendat,
747 2973 798 3051 qui
810 2974 919 3030 mortui
931 2971 1007 3030 iudi·

74 3061 158 3132 sint,
183 3062 284 3136 pusilli
302 3070 334 3120 et
350 3059 468 3140 magni,
496 3057 715 3136 recapitulando
729 3057 802 3116 dieit
818 3066 957 3134 tanquam
971 3057 1007 3114 ad

52 3144 146 3219 bens,
176 3144 256 3220 quod
273 3146 481 3220 praeterierat,
506 3145 659 3218 potiusque
674 3143 841 3199 distulerat:
868 3140 911 3198 Et
923 3139 1006 3200 esbi-

52 3247 125 3287 aare
139 3237 276 3285 mortuos
289 3229 341 3306 psi
352 3229 383 3285 ιἰι
397 3245 429 3286 eo
442 3235 545 3296 erant,
572 3237 602 3286 et
614 3241 693 3282 mors
708 3235 741 3282 et
755 3224 893 3296 infernus
907 3225 1008 3283 reddi-

53 3321 68 3369 t
81 3321 225 3369 mortuos
238 3325 310 3388 quoe
323 3311 354 3368 in
367 3327 400 3369 ee
411 3307 566 3368 hebebant.
604 3305 670 3364 Hoo
690 3307 794 3382 proeul
815 3305 903 3361 dubio
925 3307 1009 3379 prius

52 3417 69 3452 n
87 3405 154 3466 est,
182 3411 270 3470 quam
284 3402 383 3450 essent
400 3393 511 3450 mortui
528 3390 664 3448 iudioati:
691 3398 721 3446 et
733 3399 831 3446 tamen
845 3387 916 3444 illud
927 3389 1008 3464 prius

52 3500 67 3534 o
89 3489 151 3536 est.
198 3475 263 3534 lloe
276 3486 322 3534 est
334 3495 405 3556 ergo
420 3476 497 3552 quod
510 3475 591 3548 dixi,
615 3469 837 3549 recapitulando
851 3470 966 3528 eumad
979 3470 1009 3528 id

52 3582 82 3628 se
101 3561 188 3640 quod
201 3562 409 3619 intermiserat.
436 3559 521 3618 Nune
535 3567 635 3620 autern
648 3555 779 3615 ordinem
792 3555 902 3627 tenuit,
921 3563 1008 3632 atque

52 3649 223 3724 >licaretur
241 3647 304 3722 ipse
322 3644 408 3717 ordo,
435 3641 613 3702 commodius
631 3641 719 3698 etiam
732 3637 768 3695 de
781 3637 915 3696 iudicetis
928 3657 1007 3697 mor·

52 3730 132 3809 puod
149 3732 213 3788 iarn
227 3729 357 3802 dixerat,
377 3747 431 3786 suo
444 3728 580 3804 repetivit
592 3727 668 3782 loeo.
695 3723 769 3783 Cum
783 3723 861 3780 enisu
874 3722 1009 3796 dixisset,

52 3813 158 3872 tibuit
173 3834 259 3874 mare
270 3823 400 3872 mortuos
414 3815 465 3892 pai
478 3814 509 3871 ιἰι
522 3831 554 3872 eo
568 3819 674 3882 erant,
693 3818 723 3868 et
735 3823 814 3867 mors
827 3818 857 3866 et
870 3807 1009 3882 infernae

52 3900 169 3958 lerunt
193 3909 323 3958 mortuos
338 3916 408 3979 quos
423 3900 452 3956 ιἰι
470 3915 500 3956 se
518 3895 683 3955 habebant:
708 3912 776 3952 mox
799 3891 911 3951 addidit
933 3889 1009 3970 quod
