2538 4392
223 189 279 246 loo
448 179 550 240 DIVI
579 176 765 238 AVRELII
785 173 1043 236 avuvsrlal

216 335 381 414 prohibitor
393 342 440 392 ert
452 333 575 410 populna
587 347 720 410 pugnare
730 349 799 388 cnm
811 328 950 388 fratribus
962 328 1044 400 auia,
1057 326 1183 388 dicente
1194 328 1244 390 Der

179 409 182 416 ’
215 437 268 498 per
281 417 468 494 Prophetam‚
482 435 514 474 oe
527 414 583 472 hoo
595 416 709 472 ferinae.
729 413 812 471 Vnde
822 413 971 490 apparuit,
985 413 1103 469 nullum
1116 415 1152 471 in
1166 433 1202 471 ee
1213 435 1244 486 rr,

215 505 264 562 vel
276 504 356 582 regia
366 501 466 571 Iarael,
478 501 526 558 rel
538 501 638 576 populi
649 498 742 556 faiano
753 501 920 572 peccatum,
934 495 986 553 aed
997 498 1188 555 volantatem
1200 499 1246 556 Dei

214 587 392 646 vindicantis
405 586 560 659 impletam.
605 583 670 650 Qua
682 584 820 662 cognita,
845 599 913 658 para
927 587 1051 656 utraque
1064 581 1151 638 inter
1163 601 1195 638 ae
1205 601 1246 658 pa·

214 680 280 730 eata
291 669 482 748 conpulerit:
510 668 669 724 nonenim
687 667 857 745 religiouia‚
884 663 936 721 aed
955 665 1043 742 regni
1060 663 1146 722 faeta
1164 666 1248 724 fuerat

214 755 330 812 diriaio.

585 833 607 891 C
628 833 653 890 A
674 832 706 889 Ρ.
749 830 782 889 Χ
794 830 889 890 XII.

213 933 259 985 De
268 931 441 994 Hieroboam,
462 923 985 1000 pue'e'mpietoteidololotriocredditum
995 925 1248 998 adbipopalumpre

210 1001 339 1077 faram,
357 1001 453 1070 inquo
469 1009 562 1054 tameo
574 1017 628 1054 aaa
643 999 749 1052 destitit
764 997 841 1052 Deua
854 997 1047 1066 etProplretaa
1058 998 1205 1068 inrepitete,
1224 1010 1250 1054 et

431 1072 528 1123 inultae
539 1070 572 1123 ad
582 1069 755 1122 idololatriae
764 1068 877 1122 ortmiae
892 1067 1037 1122 custodire.

284 1159 395 1218 Verum
413 1178 468 1218 rex
481 1159 572 1218 lsrael
585 1158 766 1218 Hieroboam
783 1167 881 1216 mente
899 1175 1039 1234 perversa
1052 1175 1113 1215 non
1130 1158 1249 1217 credent

214 1244 296 1316 Deo,
324 1263 410 1320 quem
422 1263 557 1302 veracem
569 1244 714 1319 promisso
733 1242 790 1300 sibi
807 1260 903 1320 reguo
922 1237 1050 1316 datoque
1068 1241 1249 1316 probaverat,

214 1330 314 1386 timuit
326 1347 364 1386 ne
376 1327 523 1386 veniendo
536 1327 573 1386 ad
589 1328 732 1402 templum*
742 1323 815 1397 Dei,
841 1324 917 1401 quod
934 1333 998 1382 crat
1009 1326 1043 1381 in
1055 1321 1248 1400 Hierusalem

214 1429 274 1488 quo
292 1411 452 1468 secundum
470 1411 600 1468 divinam
618 1413 714 1489 legem
732 1408 917 1468 sacrificandi
935 1427 1023 1465 ecura
1039 1411 1200 1467 unirerrae
1212 1413 1247 1468 illi

212 1497 299 1575 genti
310 1494 489 1553 veniendum
501 1493 573 1566 fuit,
588 1493 778 1550 seduceretur
790 1491 826 1549 ob
842 1509 876 1548 eo
890 1493 1029 1568 populua,
1049 1501 1080 1548 et
1094 1494 1183 1569 stirpi
1195 1493 1247 1551 Da·

212 1579 265 1635 rid
277 1587 416 1652 tanquam
428 1579 512 1655 regio
534 1577 640 1633 remini
658 1575 844 1646 redderetur3
872 1585 902 1630 et
914 1575 1045 1632 inatituit
1056 1575 1248 1634 idololatrian

213 1662 247 1718 iu
259 1677 352 1738 regno
365 1677 436 1730 auo,
450 1669 481 1716 et
492 1658 692 1735 popalumDei
705 1678 803 1716 aecum
816 1659 1037 1715 simulacrorum
1050 1661 1134 1715 cultu
1149 1661 1246 1718 obstri-

182 1809 186 1815 ,
214 1753 295 1802 ctum
306 1741 436 1800 nefanda
445 1744 596 1818 impietate
609 1741 732 1817 decepit.
747 1741 810 1800 Nec
823 1751 922 1802 tamen
935 1743 1015 1803 omni
1027 1741 1115 1800 modo
1130 1746 1246 1801 certarit

212 1825 295 1888 Deua
313 1843 375 1883 non
393 1827 487 1883 aolum
505 1827 587 1882 illum
600 1843 716 1904 regem,
729 1844 832 1884 verum
845 1827 933 1884 etiam
946 1843 1138 1884 successores
1153 1830 1214 1884 eius
1226 1841 1247 1884 et

212 1909 372 1986 impietatis
385 1909 549 1968 imitatores
569 1911 764 1985 populumque
780 1910 892 1984 iprum,
919 1927 1044 1988 arguere
1055 1927 1114 1984 per
1128 1909 1247 1986 Prophe-

211 2003 270 2052 taa.
303 1991 389 2052 Nam
407 1993 450 2050 ibi
467 1994 647 2052 exstiterunt
660 2003 690 2050 et
706 1995 807 2071 magni
820 1993 864 2050 illi
878 1994 1068 2072 Inrigueaquo
1081 1991 1248 2070 Prophetae,

213 2078 265 2154 qui
284 2079 373 2134 etiam
385 2077 531 2136 mitalilia
554 2078 645 2134 multa
668 2075 818 2149 fecerunt,
844 2073 940 2148 Elian,
967 2085 997 2132 ct
1009 2074 1151 2134 Eliaaoua
1170 2077 1248 2134 dioci-

212 2161 300 2238 pulua
314 2161 386 2218 eiur.
426 2159 526 2220 Etiam
538 2160 580 2218 ibi
593 2160 703 2220 dicenti
715 2158 817 2231 Elina,
843 2157 982 2230 Domine,
1000 2156 1176 2237 Prophetae
1192 2172 1248 2220 taor

214 2245 402 2314 occiderunt,
416 2243 534 2302 altorio
546 2254 601 2302 tuo
614 2243 820 2320 suffoderunt,
838 2252 868 2302 ot
881 2262 934 2319 ego
948 2242 1072 2300 relictus
1087 2259 1155 2302 auat
1169 2245 1249 2313 tolet,

214 2337 246 2386 et
264 2335 412 2404 ponerent
430 2328 561 2384 enimam
579 2344 689 2384 meam:
715 2343 885 2401 responsum
904 2335 964 2398 eat,
991 2326 1052 2382 illic
1064 2344 1134 2384 erae
1148 2338 1249 2405 septu

213 2411 307 2468 millia
320 2409 468 2482 virorum,
481 2410 533 2486 qui
546 2426 607 2468 non
621 2417 822 2468 curvaverunt
834 2427 931 2488 genua
944 2417 1013 2466 ante
1024 2407 1107 2468 Baal.

566 2573 689 2635 CAP.
733 2574 899 2635 XXIII.

212 2672 257 2730 De
272 2675 349 2728 corio
365 2675 506 2744 umorque
521 2673 602 2745 regni
620 2671 910 2736 Hebraeorumotaea,
930 2673 1011 2726 donec
1025 2673 1105 2727 ambo
1115 2677 1251 2746 mallia

212 2745 401 2816 captivitatem
412 2743 515 2800 diverto
526 2754 644 2813 tempore
655 2743 837 2810 (ducerentur,¹
850 2752 976 2796 reuocato
986 2753 1084 2810 portea
1096 2745 1169 2800 Iuda
1178 2747 1208 2800 in
1217 2763 1252 2800 re

254 2831 342 2886 gnum
352 2831 442 2880 cuam,
457 2816 529 2884 quod
536 2813 676 2868 caesenae
686 2811 716 2866 ia
726 2811 910 2866 Romanorum
919 2812 1214 2882 traaar'itpotertoteao.

273 2917 405 2992 Itemque
417 2920 450 2976 ia
463 2937 557 2997 regno
565 2917 636 2976 luda
648 2920 818 2994 pertiuente
829 2920 866 2978 ad
873 2909 1072 2994 Hierusalem,
1084 2923 1178 2980 etiam
1190 2939 1251 2978 auc·

213 2999 379 3059 cedentium
395 3017 502 3079 regum
518 3003 697 3077 temporibus
715 3021 777 3060 non
798 3003 956 3062 defuerunt
972 3004 1155 3080 Prophetae:
1178 3007 1252 3061 aient

213 3082 279 3142 Deo
302 3083 435 3158 placebat
446 3085 507 3142 ‘eoa
530 3087 665 3158 mittere,
690 3087 739 3144 rel
757 3085 794 3144 ad
805 3088 1073 3163 praenuntiandum
1088 3089 1169 3166 qnod
1182 3105 1250 3164 opna

213 3175 291 3238 eret,
317 3167 366 3224 vel
381 3165 418 3224 ad
430 3167 615 3244 corripienda
625 3179 763 3244 peccata,
787 3171 1081 3249 praecipiendamque
1099 3175 1250 3230 inutilium.

212 3249 289 3312 Naar
306 3259 337 3308 et
349 3251 428 3325 illic,
455 3253 512 3310 etri
524 3254 613 3331 longe
625 3255 724 3310 minus
737 3271 824 3330 quarn
836 3257 869 3312 In
881 3253 989 3328 lsrael,
1017 3265 1118 3314 tamen
1130 3257 1250 3312 exrtite·

211 3344 283 3394 rent
291 3351 395 3416 teger,
409 3337 460 3412 qui
471 3338 534 3394 auio
548 3336 746 3411 impietatibus
757 3335 858 3396 Deum
871 3340 1004 3417 graviter
1016 3336 1213 3410 offenderent,
1226 3347 1253 3392 et

211 3419 373 3478 moderatio
398 3419 524 3499 flagellis
547 3438 613 3478 eum
635 3421 743 3496 populo
765 3422 856 3478 aunili
878 3424 1088 3496 plecterentur.
1130 3421 1252 3480 Piorum

213 3521 284 3560 rane
305 3519 411 3582 regum
427 3505 532 3561 merita
548 3503 590 3561 ibi
609 3522 670 3561 non
687 3521 778 3579 parra
796 3495 962 3563 laudantur.
1003 3504 1040 3564 In
1051 3505 1147 3564 larael
1160 3517 1251 3564 entem

211 3589 1252 3753 tratti}1etta?¹ttt¹ttcttlttltttll⁰5{3¹:332

213 3749 279 3820 bat,
292 3753 383 3809 rariia
399 3763 429 3810 et
444 3755 613 3834 erigebatur·
624 3755 882 3828 prosperitatibus,
901 3766 933 3814 ct
944 3756 1177 3815 advertitatilrua
1190 3773 1252 3832 prc-

212 3831 362 3892 nrobetur:
389 3845 419 3894 et
431 3837 475 3893 alc
488 3837 686 3918 affligebatur,
700 3855 760 3897 non
774 3840 868 3898 nalum
881 3842 1035 3916 externis,
1049 3840 1253 3900 remetiar·
