2510 4404
234 229 294 285 396
460 223 561 282 DlVl
588 223 774 282 AVRElall
799 219 1057 280 AVGVSTlNl

719 358 721 362 .
1246 335 1247 360 l

235 381 334 456 possit.
360 375 448 435 Hunc
460 374 646 453 perfectionis
659 374 774 432 modum
788 375 830 430 sic
842 372 950 430 habent
963 392 1076 446 omnes,
1090 383 1127 430 ut
1142 393 1208 430 cum
1217 375 1247 440 ilai

236 464 440 538 concipiantur
458 469 545 536 atquc
564 468 736 530 nascantur3
764 457 816 514 sed
833 457 942 514 habent
954 459 985 514 in
1003 461 1142 531 ratione,
1168 477 1221 516 nou
1230 471 1247 518 n

234 549 323 603 mole:
346 548 423 602 sicut
441 547 505 619 ipsa
523 545 582 600 iarn
599 541 727 600 membra
746 543 843 598 omnia
863 550 931 598 sunt
948 545 1075 599 latenter
1095 544 1133 599 in
1148 539 1247 608 semim

232 650 300 687 cum
313 631 401 686 etiam
414 629 492 686 natis
506 629 648 685 nonnulla
662 623 753 682 adhuc
766 625 873 696 desint,
887 615 962 682 sicut
974 626 1090 699 dentes,
1108 645 1150 683 ac
1164 629 1219 702 sip
1233 629 1247 688 ἶ

233 713 384 770 eiusmodi.
413 711 447 768 ln
461 729 518 786 qua
530 712 644 767 ratione
658 703 884 784 uniuscuiusque
898 711 1037 766 materiae
1050 711 1154 767 indita
1167 729 1247 784 corps·

231 799 301 868 rali,
327 798 385 852 iam
406 795 530 869 quodam
548 794 649 864 modo,
672 803 705 850 ut
722 795 764 848 ita
781 792 890 864 dicam,
912 795 1041 850 liciatum
1056 813 1128 850 esse
1141 794 1247 864 videtur,

232 880 308 956 quod
321 878 450 936 nondum
464 887 518 948 est,
531 879 589 934 imo
598 877 679 952 quod
688 879 770 948 latet,
784 876 835 932 sed
849 895 968 934 accessu
982 880 1127 952 temporis
1143 879 1209 948 erit,
1220 875 1247 932 nl

230 966 325 1038 potius
339 961 496 1036 apparebit.
520 959 554 1018 ln
568 960 622 1017 hoc
636 973 707 1038 ergo
721 959 829 1032 infans,
843 962 901 1016 iam
913 962 1008 1018 brevis
1020 971 1075 1017 aut
1088 963 1199 1040 longus
1213 977 1247 1032 est

231 1049 282 1122 qui
294 1047 389 1102 brevis
403 1046 548 1122 longusve
562 1045 677 1102 futurus
691 1053 743 1100 cst.
767 1043 933 1101 Secundum
944 1043 1019 1108 hane
1027 1047 1189 1102 rationem
1199 1063 1247 1119 pro

231 1129 306 1187 lecto
322 1131 353 1185 in
366 1127 584 1185 resurrectione
598 1130 745 1203 corporis,
772 1127 945 1186 detrimenta
959 1131 1092 1203 corporis
1106 1149 1172 1187 nou
1184 1131 1247 1184 tine·

231 1232 310 1270 mus:
331 1231 388 1288 qua
402 1213 458 1268 etsi
470 1214 629 1288 aequalitas
642 1213 741 1268 hstura
755 1221 832 1268 osset
844 1214 983 1284 omnium,
996 1213 1039 1268 ita
1052 1222 1089 1268 ut
1101 1233 1202 1271 omnes
1213 1231 1247 1266 ue

232 1317 287 1374 que
301 1297 337 1353 ad
350 1297 504 1375 giganteos
517 1294 735 1374 magnitudines
747 1297 949 1370 pervenirent,
970 1315 1009 1351 ne
1022 1297 1068 1351 illi
1083 1300 1136 1373 qui
1150 1297 1247 1354 maximi

231 1383 361 1453 iuuerunt,
375 1381 472 1436 minus
483 1378 624 1436 haberent
634 1379 742 1455 aliquid
752 1381 783 1434 in
795 1387 918 1450 statura,
931 1378 1009 1456 quod
1020 1381 1064 1435 eis
1080 1391 1186 1438 contra
1197 1399 1244 1436 sen

232 1467 356 1522 tentiam
369 1460 480 1522 Christi
492 1465 612 1539 perirct,
630 1465 682 1538 qui
695 1461 781 1534 dixit,
795 1481 849 1520 nec
863 1466 1001 1539 capillum
1013 1466 1124 1537 capitis
1140 1484 1201 1521 esse
1212 1482 1247 1536 pe

232 1551 376 1619 riturum3
390 1545 522 1604 Creatori
534 1549 636 1622 utiquc
649 1547 699 1622 qui
712 1549 822 1603 creavit
836 1558 940 1605 cuncta
954 1548 990 1604 de
1002 1546 1110 1621 nihilo,
1125 1547 1247 1625 quomodo

231 1630 330 1688 deesse
342 1638 457 1705 posset,
481 1629 560 1688 unde
572 1629 693 1688 adderet
708 1629 785 1706 quod
797 1629 960 1690 addendum
974 1650 1039 1688 esse
1051 1634 1148 1690 mirus
1161 1630 1247 1690 arton

231 1710 349 1770 nossetl
379 1739 382 1746 ¹
755 1744 757 1749 ·

626 1848 748 1906 cna
791 1847 868 1906 xo
960 1807 962 1812 ⁵

230 1943 272 1998 An
283 1945 319 1996 cd
330 1943 468 1998 Dominioi
480 1945 600 2014 corporis
615 1945 719 1998 modom
726 1929 745 2010 ,’
756 1945 870 1998 omnium
887 1957 1054 2001 mortuorum
1074 1959 1245 2004 ressneetsrs

379 2039 381 2044 ·
650 2017 838 2085 ss'ntcorporo.

298 2118 357 2180 Scd
380 2125 480 2199 utique
503 2121 636 2180 Christus
658 2125 690 2180 in
711 2143 746 2182 ea
765 2141 902 2182 mensura
914 2125 1065 2198 corporis,
1095 2128 1129 2184 in
1148 2145 1200 2202 qus
1215 2139 1245 2181 en

230 2216 373 2276 mortuus,
386 2209 566 2278 resurrexit,
593 2226 646 2263 nec
665 2207 708 2264 fas
728 2218 773 2264 est
792 2209 904 2280 dicero,
929 2225 1014 2282 quum
1033 2213 1244 2268 resurrectionis

230 2291 359 2346 omnium
374 2300 486 2370 tempus
499 2293 624 2361 venerit,
638 2310 819 2348 accessuram
833 2293 946 2366 corpori
959 2292 1021 2348 eius
1036 2312 1103 2351 earn
1116 2297 1244 2374 magnitu-

230 2373 344 2444 dinem,
366 2392 452 2449 quam
465 2393 524 2430 non
536 2372 650 2446 habuit,
675 2372 788 2450 quando
802 2377 832 2432 iu
847 2393 881 2431 ea
895 2374 1060 2450 discipulis,
1086 2380 1121 2436 in
1133 2397 1186 2454 pus
1198 2381 1243 2433 illis

231 2465 295 2512 erat
307 2466 406 2530 notus,
420 2459 562 2534 apparuit,
576 2467 609 2514 ut
621 2459 801 2537 longissimis
814 2459 878 2515 lieri
889 2460 982 2534 possit
993 2464 1134 2537 aequalis.
1158 2461 1190 2519 Si
1201 2481 1242 2517 au-

229 2548 288 2595 tem
301 2538 460 2598 dixerimus
473 2541 510 2598 ad
523 2541 671 2598 Dominici
691 2543 820 2618 corporis
838 2543 953 2600 modum
975 2546 1064 2602 etiarn
1083 2564 1241 2623 quorumque

230 2625 342 2680 maiora
356 2643 477 2700 corpora
489 2625 658 2703 redigenda,
674 2627 782 2701 peribit
795 2625 829 2682 de
843 2628 998 2684 multorum
1011 2631 1180 2704 corporibus
1191 2631 1239 2705 plu·

229 2708 344 2779 rimam,
360 2727 448 2784 quum
462 2711 525 2784 ipse
538 2728 592 2764 nec
604 2710 740 2784 capillum
752 2711 912 2785 periturum
924 2728 988 2766 esse
999 2716 1176 2788 promiserit.
1196 2712 1239 2770 Re-

230 2799 289 2847 stat
303 2811 387 2870 ergo,
397 2801 431 2849 ut
443 2811 526 2849 suam
538 2793 662 2867 recipiat
674 2793 797 2870 quisque
809 2811 985 2865 mensuram,
999 2815 1087 2872 quam
1100 2801 1148 2855 rel
1159 2797 1238 2854 babuit

230 2875 262 2929 in
275 2875 444 2946 iuventute,
466 2877 580 2932 etiamsi
594 2893 685 2932 senex
698 2885 742 2932 est
753 2886 898 2951 mortuus3
923 2879 970 2934 vel
983 2877 1081 2936 ficerat
1093 2879 1236 2939 latinns

230 2958 256 3012 si
269 2965 338 3012 ante
352 2967 397 3012 cst
410 2958 575 3015 defunctus.
603 2959 698 3035 Atque
711 2960 782 3016 illud
794 2961 870 3037 quod
883 2968 1123 3024 commemoravit
1134 2967 1234 3042 Apono

229 3041 273 3093 lus
287 3038 322 3093 de
334 3056 470 3096 mensura
483 3043 586 3096 aetatis
596 3043 785 3116 plenitudinis
796 3043 916 3118 Christi,
929 3056 981 3103 aut
992 3059 1115 3124 propter
1124 3049 1190 3106 aliud
1200 3050 1224 3102 in

229 3122 394 3200 telligamus
407 3123 610 3197 dictumesse,
634 3123 665 3182 id
676 3136 731 3200 ast,
746 3137 778 3185 ut
788 3130 831 3185 illi
844 3131 934 3204 capiti
946 3131 977 3186 in
990 3134 1106 3207 populis
1121 3133 1235 3192 Christia-

229 3207 276 3262 nis
287 3205 444 3264 accedente
454 3209 584 3265 omnium
593 3209 775 3284 perfectione
785 3213 977 3271 membrorum
986 3218 1093 3273 aetatis
1103 3220 1164 3275 eius
1171 3235 1234 3273 nen-

183 3287 186 3292 ’
230 3309 298 3347 sura
312 3293 502 3366 compleatur:
525 3302 576 3348 aut
593 3295 619 3348 si
636 3292 691 3351 hoc
704 3295 739 3351 dc
757 3299 970 3354 resurrectione
982 3317 1138 3374 corporum
1149 3301 1234 3358 dctus

230 3384 286 3446 est,
307 3377 348 3430 sic
370 3378 545 3451 accipiamus
567 3377 692 3449 dictum,
711 3388 744 3435 ut
756 3398 811 3438 nac
824 3382 915 3451 ultra,
939 3400 993 3438 neo
1007 3384 1088 3440 infra
1101 3387 1232 3442 iuveniles

229 3458 352 3514 formam
364 3470 521 3538 resurgant
535 3479 656 3536 corpora
668 3472 862 3536 mortuorum;
878 3463 973 3522 sedin
986 3468 1049 3522 eius
1070 3464 1139 3545 [es]
1161 3479 1231 3524 seco

230 3551 260 3596 et
272 3543 393 3614 robore,
407 3543 548 3618 usquead
562 3563 647 3620 quam
661 3545 806 3603 Christum
818 3545 864 3603 hic
876 3551 1044 3623 pervenisse
1058 3556 1229 3631 cognorinu

119 3639 126 3654 ·
230 3623 315 3680 Circa
328 3627 453 3703 triginta
466 3629 570 3702 quippe
583 3646 676 3685 annos
690 3629 868 3688 definierunt
880 3651 955 3705 esse,
979 3635 1069 3690 etiam
1081 3640 1184 3693 saeculi
1195 3635 1229 3690 lu-
1246 3629 1247 3678 l

229 3707 274 3760 ius
289 3707 449 3764 doctissimi
462 3709 612 3782 homines,
635 3714 828 3770 iuventutem:
863 3733 935 3790 quae
953 3735 1041 3792 quum
1061 3718 1227 3796 fueritspsn'o

228 3790 346 3860 proprio
364 3793 533 3866 terminata,
560 3792 628 3850 inde
651 3797 709 3852 iam
725 3794 871 3856 hominem
890 3801 922 3856 in
942 3799 1119 3859 detrimenta
1135 3817 1230 3883 tergm

229 3871 373 3945 gravioris
387 3891 421 3930 aa
434 3877 536 3932 senilis
549 3879 664 3934 aetatis·
678 3877 717 3936 Et
730 3879 795 3938 ideo
809 3899 867 3940 non
882 3901 945 3940 esse
959 3883 1080 3959 dictum,
1093 3888 1125 3944 in
1137 3903 1229 3945 mensu·
