2586 4396
257 211 317 270 DE
342 211 557 272 ClVlTATE
580 215 661 274 DEI
689 221 770 280 LlB.
791 225 883 287 XIV.
1041 237 1078 296 31

32 383 119 442 pore,
135 362 214 438 quod
228 365 256 418 ei
269 374 374 420 natura
387 365 528 422 inferiore
542 369 703 428 subiectum
718 385 771 430 est.
789 375 823 433 ln
836 382 901 436 aliis
916 387 1020 460 quippe
1033 390 1079 445 af·

31 446 220 506 sectionibus
235 465 301 502 oum
313 447 368 504 sibi
381 451 510 523 resistit,
533 451 598 508 ideo
612 456 708 511 minus
721 459 820 532 pudet,
834 464 902 537 quia
915 482 1004 538 quum
1016 488 1033 525 a
1047 491 1079 527 sc

31 535 99 608 ipso
112 529 258 599 vincitur,
273 531 335 606 ipse
348 549 380 586 se
393 534 502 606 vincit3
529 537 586 591 etsi
599 537 766 597 inordinate
780 553 867 618 atque
880 549 998 620 vitiose,
1013 555 1079 626 quia

33 636 71 672 ex
86 614 136 670 bis
151 613 302 688 partibus,
329 633 402 689 quae
415 618 526 674 rationi
542 619 647 676 subiici
660 620 779 696 debent3
806 637 905 686 tamen
919 635 1079 704 apartibus

31 701 106 768 suis,
121 715 157 753 ac
170 714 224 770 per
237 695 303 769 boc,
317 707 351 754 ut
363 697 473 755 dictum
486 711 540 773 est,
554 720 571 758 a
585 721 617 758 se
630 705 692 779 ipso
706 709 844 766 vincitur.
863 712 938 770 Nam
952 733 1017 772 eum
1031 735 1079 772 or-

31 783 137 839 dinate
152 798 183 835 se
197 781 312 836 animus
324 782 430 854 vincit,
449 794 484 840 ut
497 786 681 843 irrationales
694 801 790 849 motus
803 795 868 850 eius
881 801 975 854 menti
987 802 1079 856 ratio-

30 869 123 941 nique
138 863 314 935 subdantur,
330 860 371 941 (si
383 875 482 924 tamen
495 877 525 923 et
537 870 588 926 illa
598 857 662 927 Deo
674 873 790 932 subdita
803 882 869 952 est,)
884 881 977 936 laudis
992 892 1079 958 atque

31 950 155 1006 virtutis
176 955 231 1002 est.
268 947 365 1004 Minus
385 958 482 1007 tamen
499 953 604 1026 pudet,
632 973 698 1012 cum
712 959 769 1014 sibi
782 963 896 1018 animus
911 981 949 1019 ex
962 967 1078 1022 vitiosis

31 1035 95 1089 suis
106 1031 242 1106 partibus
253 1049 313 1088 uon
325 1032 513 1108 obtemperat,
524 1053 610 1110 quam
619 1057 685 1096 cum
696 1041 724 1095 ei
734 1061 850 1116 corpus,
864 1046 941 1120 quod
955 1050 1079 1105 alterum

30 1117 64 1172 ab
80 1117 136 1170 illo
152 1123 210 1185 est,
223 1123 311 1189 atquc
324 1117 403 1172 inira
416 1119 500 1173 illum
515 1128 570 1189 est,
585 1130 615 1176 et
628 1125 712 1178 cuins
726 1127 791 1180 sine
805 1128 855 1184 illo
870 1127 955 1204 [ulla]
972 1143 1078 1188 natura

31 1218 93 1255 non
107 1199 197 1269 vivit,
211 1199 324 1254 volenti
338 1200 510 1275 iubentique
524 1219 584 1257 non
599 1203 685 1260 cedit.

96 1280 159 1338 Sed
184 1299 252 1336 cum
270 1283 328 1337 alia
345 1283 475 1338 membra
491 1285 660 1342 retinentur
673 1291 833 1346 voluntatis
853 1295 989 1367 imperio,
1014 1299 1078 1353 sine

31 1365 139 1440 quibus
153 1365 205 1418 illa
216 1382 291 1439 quae
301 1375 406 1422 contra
418 1367 599 1424 voluntatem
610 1369 733 1428 libidine
746 1375 945 1449 concitantur,
958 1378 988 1432 id
1001 1380 1078 1453 quod

31 1455 188 1523 appetant,
202 1449 322 1522 implere
336 1465 397 1504 non
410 1458 547 1523 possunt3
568 1451 711 1526 pudicitia
724 1457 898 1530 custoditur,
914 1479 974 1517 non
988 1464 1077 1518 amis·

30 1551 73 1603 sa,
90 1530 220 1587 sednon
234 1533 377 1605 permissa
391 1531 585 1590 delectatione
597 1540 720 1610 peceati.
746 1538 835 1596 Hunc
847 1543 989 1614 renisum,
1002 1543 1078 1601 banc

30 1615 274 1692 repugnantiam,
299 1613 375 1670 banc
389 1618 550 1672 voluntatis
564 1627 594 1674 et
606 1619 736 1678 libidinis
749 1625 860 1694 rixam,
886 1628 934 1681 vel
948 1635 1027 1683 certe
1041 1628 1078 1683 ad

29 1699 196 1755 voluntatis
210 1695 424 1770 sufficientiam,
438 1699 569 1756 libidinis
582 1703 787 1781 indigentiam,
800 1711 905 1780 procul
919 1710 1006 1766 dubio
1019 1713 1078 1767 nisi

31 1782 188 1857 culpabilis
203 1780 402 1838 inobedientia
414 1785 531 1858 poenali
544 1785 742 1846 inobedientia
759 1792 953 1865 plecteretur,
981 1796 1013 1850 in
1026 1813 1076 1868 pa-

30 1867 132 1922 radiso
146 1866 268 1938 nuptiae
283 1883 343 1921 non
356 1863 511 1939 baberent,
537 1867 590 1928 sed
612 1872 757 1929 voluntati
774 1876 904 1932 membro
925 1873 1019 1952 [illa],
1045 1888 1078 1933 ut

30 1959 152 2005 caetera
167 1957 292 2019 cuncta,
312 1950 467 2006 servirent.
506 1948 549 2006 lta
563 1956 694 2029 genitale
708 1975 811 2013 arrum
824 1976 876 2013 vas
890 1960 922 2015 iu
937 1959 1077 2034 hocopus

30 2042 167 2089 creatum
185 2032 361 2103 seminaret,
385 2042 417 2088 ut
435 2051 514 2089 nunc
531 2043 640 2090 terram
653 2056 767 2094 manus.
798 2039 839 2094 Et
852 2041 1028 2114 quodmodo
1042 2042 1077 2096 de

28 2116 82 2173 hac
101 2135 136 2172 re
153 2114 240 2170 nobis
254 2115 421 2172 volentibus
435 2115 607 2193 diligentius
622 2119 784 2194 disputare,
809 2123 989 2179 verecundia
1002 2126 1077 2179 reai-

29 2202 97 2272 stit,
123 2207 158 2254 et
172 2200 322 2272 compellit
333 2199 452 2256 veniam
463 2197 577 2255 honore
590 2203 723 2273 praelato
736 2222 753 2259 a
766 2203 879 2278 pudicis
893 2207 1012 2263 auribus
1026 2225 1077 2281 po-

28 2303 125 2354 scere,
142 2299 198 2338 cur
211 2280 241 2336 id
254 2282 338 2338 fieret
351 2284 431 2338 nulla
446 2300 533 2338 causa
547 2295 636 2341 esset:
664 2286 760 2342 sedin
774 2289 872 2344 omnia
887 2307 960 2364 quae
973 2290 1009 2346 de
1021 2289 1077 2345 bu-

28 2365 162 2423 iusmodi
174 2365 311 2420 membris
325 2383 445 2422 sensum
458 2367 617 2444 cogitantis
632 2371 824 2448 attingerent,
839 2373 903 2428 sine
917 2375 976 2429 ullo
990 2376 1077 2430 tinio-

28 2470 61 2506 re
80 2449 297 2507 obscoenitatis
314 2450 389 2505 liber
407 2468 504 2505 sermo
523 2449 664 2507 ferretur:
691 2471 746 2506 nec
770 2456 832 2526 ipsa
858 2456 946 2511 vcrba
968 2465 1078 2522 essent,

29 2553 106 2608 quae
116 2541 301 2590 vocarentur
311 2533 472 2603 obscoena,
486 2533 537 2586 sed
547 2533 687 2606 quicquid
700 2533 768 2604 inde
782 2525 939 2605 diceretur,
953 2546 1013 2591 tam
1026 2536 1078 2590 ho·

29 2628 153 2674 nestum
177 2625 267 2686 esset,
290 2635 376 2692 quam
398 2615 433 2670 de
452 2616 517 2670 aliis
541 2633 608 2670 cum
630 2617 776 2689 loquimur
793 2619 924 2690 eorporis
938 2618 1078 2691 partibus.

28 2701 176 2775 Quisquis
190 2717 261 2776 ergo
274 2699 310 2755 ad
322 2699 375 2755 has
386 2701 486 2754 literas
500 2696 662 2771 impudicus
676 2699 797 2769 accedit,
811 2701 926 2772 culpam
938 2700 1079 2777 refugiat,

28 2803 95 2840 non
105 2792 259 2853 naturam3
273 2783 351 2838 lacta
361 2783 480 2838 denotet
490 2799 559 2837 suae
570 2780 771 2854 turpitudinis,
785 2801 845 2838 non
859 2783 948 2839 verba
961 2793 1080 2839 nostrae

26 2867 236 2937 necessitatis3
250 2867 282 2922 in
294 2867 399 2940 quibus
410 2863 483 2920 mibi
493 2864 630 2920 facillime
639 2863 761 2938 pudicus
775 2875 805 2920 ct
817 2867 972 2944 religionis
986 2869 1080 2922 lector

28 2952 79 3006 vel
93 2947 213 3005 auditor
225 2951 377 3026 ignoscet,
402 2948 495 3004 donec
509 2947 712 3004 infidelitatem
725 2948 874 3020 refellam,
899 2969 959 3007 non
974 2950 1010 3005 de
1023 2948 1080 3005 fide

27 3053 136 3090 rerum
149 3035 384 3106 inexpertarum,
398 3031 449 3086 sed
462 3032 497 3088 de
512 3051 601 3088 sensu
615 3040 800 3105 expertarum
813 3044 1078 3110 argumentantem.

26 3117 123 3196 Legit
136 3117 218 3172 enim
230 3114 301 3171 haec
320 3117 384 3171 sine
403 3111 580 3184 offensione,
607 3116 736 3188 quinon
757 3114 897 3172 exhorret
908 3119 1081 3191 Apostolum

25 3197 184 3258 horrenda
196 3199 374 3255 feminarum
387 3196 500 3275 flagitia
518 3196 797 3270 reprehendentem,
821 3217 894 3272 quae
909 3201 1081 3256 immanens-

24 3294 104 3342 runt
119 3281 294 3340 naturalem
307 3298 406 3350 usam,
432 3283 463 3336 ιἰι
482 3299 544 3336 eum
563 3297 646 3336 asum
665 3282 716 3356 qui
733 3289 779 3336 eat
798 3289 905 3335 contra
922 3293 1080 3337 naturam:

21 3367 194 3441 praecipue
206 3365 275 3440 quia
288 3383 342 3420 nos
357 3381 418 3420 non
433 3362 625 3418 damnabilem
639 3361 868 3416 obscoenitatem
882 3380 978 3432 nunc,
1005 3362 1082 3414 sicut

20 3454 89 3521 illc,
115 3465 380 3504 commemoramus
391 3456 478 3521 atque
493 3444 749 3519 reprebendimus,
777 3443 873 3496 sedin
888 3439 1080 3514 explicandis,

22 3543 183 3607 quantum
195 3548 361 3605 possumus,
380 3528 525 3584 humanae
539 3527 742 3604 generationis
757 3521 919 3592 effectibus,
933 3522 1021 3578 verba
1036 3527 1080 3575 ta-

21 3635 110 3688 men,
127 3617 210 3670 sicut
223 3615 284 3684 ille,
299 3613 442 3668 obscoena
456 3613 590 3666 vitamus.
