2586 4396
236 221 297 280 nn
320 195 535 277 csvrmsn
557 217 637 276 ons
665 217 745 276 utu.
766 217 857 277 xus.
990 221 1048 278 rna

44 375 273 459 gnumpertineat
285 381 506 429 sacramentum.
549 371 666 430 Seelam
684 389 753 428 vero
771 373 857 426 istam
874 372 1048 450 intelligitur

43 469 101 538 ipse
112 459 237 517 Salvator
249 457 333 514 nobis
353 458 385 512 in
403 457 572 514 memoriam
593 473 732 512 revocare
754 456 786 510 in
798 453 974 532 Evangelio,
999 457 1047 512 nbi

43 566 103 606 eum
116 543 230 598 dixisset
243 541 277 596 de
290 537 483 596 Nathanaffle:
509 538 586 596 ane
598 559 667 596 vere
678 534 833 608 Israelita,
853 539 884 593 iu
897 557 953 614 prro
966 539 1048 596 dolas

40 649 93 689 non
105 637 161 701 ett,·
184 626 249 701 quia
260 623 351 680 lsrael
363 623 477 692 viderat
489 624 575 679 istam
592 624 752 694 visionem,
779 623 841 695 ipse
855 631 900 676 est
912 623 990 678 enim
1002 620 1047 678 la·

41 713 101 772 oob:
125 709 217 766 eodem
229 711 294 764 loco
308 708 365 776 ait,
386 705 491 777 Amen,
505 725 588 764 amen
601 707 665 763 dieo
677 704 768 774 vodis,
790 704 927 762 videbitis
941 705 1049 762 eoelum

40 805 176 874 apertam,
201 803 231 850 et
242 790 369 867 Angelos
381 789 442 848 Dei
460 790 670 850 adscendente
687 799 717 846 et
735 788 940 848 descendentes
961 806 1050 866 saper

40 879 138 938 Filiae
148 875 275 932 dominis.

95 961 221 1017 Perrexit
229 969 318 1015 autem
326 956 410 1013 laeob
429 959 461 1013 in
478 955 727 1030 Mesopotamiam,
750 965 782 1011 ut
812 955 880 1010 inde
906 957 1050 1029 aeoiperet

39 1065 158 1106 uxorem.
188 1041 269 1106 Vndo
282 1051 378 1100 autern
390 1042 434 1098 illi
446 1040 584 1098 acciderit
596 1048 721 1114 quatuor
735 1037 841 1096 hebere
854 1038 992 1110 feminas,
1015 1039 1050 1094 de

37 1131 135 1209 quibus
151 1127 297 1188 duodecim
314 1126 390 1186 filios
409 1134 439 1182 et
456 1143 543 1183 unam
560 1123 651 1180 filiam
663 1124 843 1196 procreavit,
870 1142 935 1178 oum
952 1141 1051 1180 earum

37 1216 142 1276 nullam
152 1211 365 1286 eoneup'iseeret
377 1209 491 1280 itlieite,
505 1207 604 1266 divina
615 1205 766 1279 Scriptura
776 1205 894 1262 indicat.
908 1206 952 1262 Ad
963 1223 1051 1264 unam

37 1301 138 1376 qnippe
148 1293 342 1370 arripiendam
354 1301 490 1363 venerat3
509 1291 559 1348 sed
573 1308 639 1348 eum
651 1291 696 1346 illi
709 1291 802 1346 altera
814 1307 867 1363 pro
880 1291 970 1346 altere
983 1307 1051 1362 sup-

35 1385 129 1459 posita
140 1380 254 1450 ittisset,
280 1397 334 1438 noe
353 1378 445 1452 ipsam
458 1375 584 1446 dimisit,
611 1391 668 1448 quo
679 1373 813 1432 nesciens
826 1391 897 1430 usus
911 1373 1008 1429 fuerat
1020 1374 1052 1428 in

35 1475 129 1536 noete,
140 1483 176 1524 ne
187 1462 311 1523 ludibrio
325 1480 388 1520 eata
400 1457 548 1520 videretur
560 1456 706 1529 habuisse,
721 1466 750 1514 et
759 1475 793 1512 eo
803 1469 942 1529 tempore,
959 1474 1051 1530 quan-

34 1552 71 1608 do
81 1546 307 1624 multiplieandae
321 1544 499 1620 posteritatis
511 1560 597 1600 eausa
605 1542 704 1616 plures
714 1558 820 1600 uxores
832 1541 881 1596 lex
894 1541 973 1598 nulla
984 1558 1052 1613 pro-

33 1633 160 1704 hibebat,
183 1633 293 1707 aeoepit
307 1631 394 1688 otiam
407 1629 501 1698 illam,
527 1627 575 1684 eui
587 1627 639 1682 uni
651 1627 709 1683 iam
722 1625 814 1682 futuri
825 1625 954 1702 ooniugii
967 1621 1053 1678 fidem

32 1722 148 1778 fenerat.
170 1717 250 1783 Quae
264 1733 350 1790 quum
364 1721 441 1771 esset
454 1711 578 1782 sterilis,
598 1710 734 1766 ancillam
747 1726 837 1778 suam,
858 1707 893 1763 de
908 1725 965 1782 qua
977 1705 1052 1762 filios

31 1808 96 1880 ipsa
109 1802 274 1875 susciperet,
299 1798 405 1857 marito
425 1794 518 1852 dedit:
545 1792 735 1869 quodetiam
755 1793 847 1850 maior
871 1809 954 1848 soror
978 1791 1053 1860 eius,

30 1886 161 1964 quamvis
175 1883 350 1958 peperisset,
371 1882 500 1950 imitata,
523 1879 659 1953 quoniam
671 1877 863 1951 multiplicare
875 1876 987 1950 prolem
1002 1893 1054 1930 ou-

26 1972 134 2048 piebet,
148 1965 254 2027 effecit.
276 1964 393 2022 Nullam
405 1963 491 2020 Inoob
503 1963 612 2039 legitur
623 1962 743 2036 petiisse
754 1968 869 2034 praeter
883 1975 986 2027 unam,
1000 1977 1054 2014 nee

28 2074 98 2112 usus
110 2052 242 2128 plurimis
255 2051 314 2110 nisi
326 2046 493 2128 gignendae
511 2047 601 2119 prolis
620 2043 730 2113 officio,
757 2042 903 2118 coniugali
917 2043 980 2096 inre
993 2058 1054 2095 ser-

27 2149 109 2209 vato,
121 2145 154 2196 ut
166 2133 327 2210 neque'hoo
340 2132 460 2200 faceret,
477 2131 535 2186 nisi
546 2145 652 2186 uxores
666 2129 729 2184 eius
742 2124 772 2182 id
783 2124 849 2180 fieri
861 2122 1055 2200 flagitassent,

26 2241 104 2300 quae
118 2220 246 2295 eorporis
258 2217 317 2276 viri
329 2217 376 2272 sui
387 2212 532 2272 habebant
544 2211 705 2289 legitimam
718 2216 902 2282 potestatem.
946 2204 1057 2276 Genuit

24 2319 104 2384 ergo
127 2302 276 2362 duodecim
300 2299 377 2359 filies
400 2307 430 2356 et
453 2314 542 2356 unam
564 2295 654 2354 filiam
677 2311 714 2349 ex
733 2299 855 2368 quatuor
878 2287 1055 2346 mulieribus.

21 2389 142 2449 Deinde
155 2391 307 2465 ingressus
322 2392 367 2442 est
379 2384 411 2440 in
424 2382 587 2459 Aegyptum
599 2397 652 2453 per
664 2376 755 2434 filium
767 2391 852 2432 suurn
864 2370 981 2448 loseph,
1006 2372 1057 2446 qui

21 2474 164 2534 venditus
180 2471 214 2526 ab
228 2467 429 2528 invidentibus
443 2463 582 2522 iratribus
597 2480 632 2518 eo
644 2460 800 2535 perductus
813 2458 883 2528 tuit,
902 2467 987 2531 atque
1001 2454 1055 2510 ibi-

20 2562 87 2618 dem
101 2546 284 2614 sublimatus.

359 2634 381 2692 C
403 2634 427 2692 Α
448 2631 481 2688 Ρ.
523 2627 555 2684 X
568 2627 600 2686 X
614 2624 724 2684 XIX.

108 2720 188 2786 Quae
198 2718 272 2770 rnts'o
276 2716 389 2790 feeerit,
400 2722 432 2766 ot
442 2710 522 2767 Iacob
532 2709 615 2762 etiem
625 2708 714 2760 lsrael
724 2702 969 2774 cognominaretur.

86 2807 180 2868 laoob
194 2817 293 2876 autem,
304 2806 392 2860 etiem
404 2803 505 2874 lsrail,
519 2801 596 2858 sieut
608 2799 695 2874 paulo
709 2804 778 2854 ante
791 2793 865 2864 dixi,
885 2790 1057 2848 rotabaturt

18 2895 104 2974 quod
125 2911 233 2952 nomeu
254 2890 348 2967 magis
365 2890 485 2964 populus
509 2903 546 2942 ex
563 2886 615 2941 illo
633 2888 803 2958 proereatus
816 2876 951 2933 obtinuit.
992 2871 1058 2930 Hoo

16 2989 125 3038 autern
139 2993 250 3034 nomen
263 2975 307 3030 illi
319 2973 355 3030 ab
368 2973 480 3052 Angolo
494 2970 659 3046 impositum
673 2975 733 3036 est,
759 2964 808 3039 qui
823 2979 889 3017 eum
901 2961 951 3016 illo
964 2957 1059 3014 fuerm

15 3069 48 3122 in
62 3065 183 3120 itinere
197 3057 233 3114 de
243 3057 449 3131 Mesopotamia
459 3054 598 3112 redeunte
608 3055 746 3120 laetatos,
759 3057 860 3123 typum
874 3043 983 3102 Christi
997 3043 1058 3099 eri·

16 3147 202 3206 [lentissime
216 3159 331 3220 gerens.
353 3139 428 3197 Nam
440 3139 516 3215 quod
529 3139 556 3192 ei
569 3135 729 3211 praevaluit
738 3130 834 3198 istob,
847 3131 946 3203 utique
958 3128 1059 3184 volen-

16 3236 51 3304 ti,
66 3241 105 3288 nt
116 3228 298 3306 mysterium
307 3224 459 3302 figuraret,
471 3220 619 3298 signifieat
630 3219 795 3293 passionem
807 3211 927 3282 Christi,
939 3211 989 3266 nbi
1001 3210 1060 3264 risi

16 3327 90 3373 sunt
105 3317 137 3372 ei
151 3311 324 3388 praevalere
336 3307 444 3366 iudaei.
475 3303 516 3360 Et
526 3304 631 3360 'temen
648 3298 883 3356 benedictionem
901 3295 936 3348 ab
957 3290 1058 3346 eodem

16 3402 153 3479 ingelo,
170 3413 261 3472 quem
271 3399 467 3468 superaverat,
480 3387 659 3462 impetravit:
674 3401 708 3440 ee
719 3382 761 3438 sie
771 3377 856 3452 huius
866 3376 992 3430 nonduin
1005 3373 1059 3428 im-

16 3486 134 3542 rositio
166 3477 334 3536 benedictio
357 3474 422 3532 tuit
460 3470 673 3543 interpretatur
700 3473 796 3520 eutem
820 3459 926 3528 lsrael,
952 3454 1062 3510 Videas

16 3570 137 3626 Deum:
155 3563 238 3642 quod
251 3562 308 3618 erit
321 3561 353 3616 in
365 3557 424 3614 tine
436 3555 594 3632 praemium
608 3549 735 3608 omnium
748 3552 922 3602 sanetorum.
950 3537 1063 3615 Tetigit

16 3673 107 3710 torro
124 3651 179 3708 illi
196 3645 275 3704 idem
286 3643 419 3722 Angelus
437 3641 517 3696 velut
537 3632 717 3711 praevalenti
734 3625 918 3686 ntimdinem
934 3622 1063 3692 femoris,

16 3755 158 3813 rumque
179 3734 237 3788 isto
256 3729 341 3786 modo
359 3724 490 3782 olendum
510 3719 643 3776 reddidit.
682 3714 755 3772 Erat
773 3715 870 3786 itaque
890 3725 964 3764 unus
978 3714 1064 3781 atque

16 3823 95 3878 dem
119 3817 220 3876 laeob
241 3823 270 3870 et
289 3809 458 3868 benedictus
481 3815 510 3862 et
527 3802 659 3871 cundum
684 3796 853 3856 benedictus
870 3793 901 3848 in
915 3793 957 3848 eis
971 3791 1064 3866 quiin

16 3906 187 3963 ibristune
209 3916 247 3955 ex
266 3896 366 3956 eodem
388 3893 491 3969 populo
515 3887 716 3954 erediderunt,
743 3890 829 3959 atque
847 3879 877 3934 in
902 3874 1065 3934 infidelitas
