2530 4392
179 239 240 302 ‘252
408 226 509 286 DlVl
529 222 717 284 AVRELll
741 216 1000 278 AVGVSTlNl

183 388 281 446 dolere
296 401 357 441 non
369 387 478 456 portet.
515 375 591 435 Nam
612 375 663 451 qni
676 380 794 450 pereat,
818 370 902 446 peior
919 378 980 440 ert,
1005 369 1032 426 ai
1047 371 1183 428 laetatur
1196 374 1223 428 in

181 471 287 528 damno
305 463 472 540 aequitatis.
509 461 566 530 Qui
584 477 656 517 uero
677 456 842 525 cruciatur,
863 454 890 509 ri
907 451 976 509 inde
996 451 1073 509 nihil
1086 457 1225 530 ,aequitat

182 553 267 622 boni,
294 547 374 606 dolet
395 545 532 601 damnum
555 541 668 598 salutis.
699 538 740 597 Et
762 537 902 613 quoniam
925 537 1062 610 aequitas
1085 554 1124 593 ae
1148 539 1222 594 aalar

182 645 341 707 utrumque
362 630 473 686 bonum
489 634 550 696 eat,
577 625 705 698 bonique
723 621 881 678 amiasione
894 619 1054 676 dolendam
1068 628 1118 676 eat
1130 623 1221 696 petius

182 735 270 794 quam
282 711 466 780 laetandum,
489 709 528 786 (ri
541 717 640 764 tamen
653 724 715 764 non
732 707 772 762 rit
785 703 984 778 compensatio
995 703 1148 774 melioria,
1165 723 1220 760 me·

181 802 239 858 lior
253 807 298 854 ert
311 804 409 852 autem
421 791 513 848 animi
526 791 671 866 aequitas,
688 807 776 865 quam
790 787 920 860 eorporis
933 777 1075 865 tranitem)
1092 786 1221 860 prolecto

182 879 405 941 convenientius
419 875 546 930 iniustus
569 873 647 930 dolet
659 873 692 928 in
705 871 864 946 aupplieio,
890 886 976 944 quam
990 869 1124 926 laetatur
1138 879 1182 926 eat
1193 871 1220 924 ia

183 965 300 1022 delicto.
335 957 419 1016 Sient
439 975 512 1036 ergo
531 957 645 1012 laetitia
663 955 773 1012 deserti
791 953 863 1010 boni
882 953 914 1008 in
930 960 1055 1026 peeeato
1074 954 1161 1009 tertia
1178 961 1220 1008 eat

182 1043 341 1106 voluntati·
360 1042 470 1114 malae3
496 1042 539 1097 ita
559 1037 641 1096 dolor
659 1038 759 1094 andrai
775 1036 855 1104 boni,
864 1036 896 1092 in
915 1035 1059 1112 supplicio
1081 1037 1166 1093 teatia
1177 1043 1217 1090 eat

177 1138 307 1188 naturae
319 1126 424 1182 bonae.
460 1124 519 1190 uui
537 1124 617 1180 enim
635 1120 716 1178 dolet
734 1120 872 1178 ambram
890 1126 1013 1174 naturae
1025 1135 1100 1174 auae
1113 1137 1219 1195 paoem,

184 1231 222 1270 ex
234 1208 380 1285 aliquibus
396 1207 528 1282 reliquiis
540 1207 621 1280 pacis
635 1205 666 1260 id
684 1204 778 1275 dolet,
804 1202 908 1278 quibua
926 1199 975 1272 fit,
1001 1208 1035 1257 nt
1053 1200 1114 1256 ribi
1134 1202 1221 1259 amira

183 1304 290 1354 natura
303 1293 353 1348 ait.
389 1288 455 1360 lloe,
469 1298 567 1346 autem
581 1291 613 1345 in
627 1297 762 1360 extremo
773 1285 914 1360 supplicio
927 1291 1007 1340 reete
1019 1282 1068 1356 fit,
1081 1293 1117 1341 ut
1130 1286 1222 1360 iniqui

184 1388 214 1436 et
237 1377 320 1451 impii
342 1373 520 1432 naturalium
543 1372 688 1430 bonorum
711 1369 817 1426 damna
836 1369 869 1424 in
883 1367 1066 1424 oruoiatilrua
1087 1366 1215 1424 defleant

183 1462 345 1519 sentientes
359 1477 461 1514 eorum
474 1457 633 1514 ablatorem
646 1453 840 1510 iustissimum
853 1449 965 1521 Deum,
990 1467 1078 1526 quem
1092 1461 1223 1508 eonten-

182 1551 285 1602 rerunt
292 1540 538 1617 benignissimum
546 1539 726 1616 largitorem.
741 1534 822 1592 Deus
833 1535 1223 1612 ergoaaturarumomninm

183 1623 417 1699 rapientirrimue
432 1620 568 1676 eonditor
580 1630 611 1676 et
627 1620 808 1676 iurtiarimua
822 1615 988 1689 ordinator,
1014 1617 1066 1692 qni
1088 1626 1223 1674 terrene·

181 1725 248 1764 rurn
261 1711 500 1762 ornamentorum
508 1705 667 1760 maximum
678 1702 807 1759 instituit
816 1701 939 1757 mortale
947 1717 1042 1778 genua
1052 1697 1222 1770 humanum,

184 1787 264 1846 dedit
277 1784 444 1842 hominibus
459 1785 601 1860 quaedam
613 1785 692 1842 bona
705 1783 775 1840 huie
786 1785 866 1842 vitae
879 1801 1026 1861 congrua,
1049 1782 1083 1839 id
1097 1792 1157 1857 eat,
1178 1803 1223 1859 pa-

185 1890 248 1928 eem
261 1869 452 1942 temporalem
464 1885 517 1942 pro
530 1866 646 1924 modulo
659 1867 791 1924 mortalia
807 1869 885 1924 vitae
897 1867 929 1922 in
946 1867 1011 1939 ipra
1024 1867 1123 1924 salute
1139 1876 1169 1923 et
1181 1869 1221 1922 in-

185 1954 356 2012 columitate
370 1969 405 2008 ae
419 1952 560 2008 societate
580 1951 627 2006 rui
646 1951 782 2029 generis,
805 1960 836 2006 et
853 1967 986 2026 quaeque
1003 1947 1074 2007 huie
1092 1951 1164 2024 paei
1181 1951 1222 2006 rel

148 2103 150 2107 ,
184 2036 313 2094 tuendae
329 2036 379 2092 vel
395 2033 613 2109 recuperandae
633 2035 800 2090 neeerraria
819 2043 904 2103 runt,
930 2033 1009 2089 siout
1022 2051 1057 2088 ea
1070 2035 1150 2108 quae
1163 2041 1223 2108 apte

185 2139 223 2177 ae.
232 2119 446 2175 convenienter
459 2116 595 2172 adiacent
608 2117 754 2188 rentibus,
774 2119 827 2174 lux
839 2117 897 2174 irta
909 2115 1047 2188 risibilia,
1061 2135 1157 2174 aurae
1169 2119 1209 2192 api

184 2202 302 2273 rabiler,
316 2217 410 2276 aquae
422 2199 577 2274 potabiles,
592 2209 622 2256 et
636 2197 774 2274 quiequid
785 2198 823 2254 ad
835 2199 984 2270 alendum,
997 2200 1164 2276 tegendum
1176 2218 1221 2256 en·

183 2285 324 2356 randum,
349 2281 571 2358 ornandumque
591 2300 695 2358 corpur
709 2282 860 2360 congruit:
887 2299 921 2338 eo
933 2289 1019 2356 paeto
1031 2284 1223 2357 aequiaaimo‚

184 2380 217 2424 nt
233 2368 284 2442 qui
297 2366 429 2422 mortalia
450 2365 557 2422 talibur
576 2364 661 2422 bonis
673 2365 739 2440 paei
753 2365 921 2421 mortalium
934 2364 1168 2422 nooommodatia
1181 2384 1224 2422 re·

171 2460 230 2508 .ete
244 2467 316 2506 ιιιιιι
330 2446 436 2520 suerit,
450 2449 577 2524 aeeipint
589 2449 731 2524 ampliora
743 2457 831 2524 atque
843 2449 981 2520 meliora,
1005 2449 1101 2523 ipram
1113 2451 1225 2506 aeilieet

183 2533 411 2592 immortalitatis
430 2550 548 2607 paoem,
561 2533 646 2608 eique
661 2533 887 2588 convenientem
900 2532 1026 2611 gloriam
1039 2539 1070 2588 et
1081 2529 1224 2590 honorem

183 2619 216 2674 in
228 2619 291 2674 vita
304 2624 425 2672 aeterna
438 2614 475 2672 ad
488 2615 646 2674 fruendum
659 2613 742 2688 Deo,
758 2624 789 2671 et
798 2617 935 2690 proximo
952 2616 984 2672 in
997 2613 1078 2673 Deo:
1106 2617 1163 2693 qui
1173 2635 1224 2674 an·

184 2709 243 2758 tem
253 2717 416 2776 perperene,
429 2717 484 2758 nee
498 2701 551 2756 illa
565 2699 699 2775 recipiat,
720 2696 833 2756 ethaeo
847 2702 971 2758 amittat·

564 2815 688 2874 CAP.
731 2813 838 2873 XIV.

182 2893 226 2946 Dr
236 2894 331 2947 ordine
340 2911 373 2948 oe
383 2898 451 2966 lege,
462 2895 517 2948 riae
527 2895 646 2961 coelati,
654 2895 709 2948 aiae
719 2904 839 2960 terrene,
845 2911 897 2964 per
906 2911 986 2965 quam
995 2895 1125 2948 aoeietota'
1134 2895 1222 2950 lm

261 2979 311 3016 noe
324 2964 406 3018 etiam
417 2964 575 3018 dominando
585 2965 744 3029 remetitur,
755 2964 800 3020 tui
809 2974 837 3017 et
846 2966 1005 3020 consulendo
1014 2965 1149 3019 unitur.

246 3035 350 3094 Omnia
370 3038 463 3114 igitur
478 3055 549 3094 ιιιιιι
567 3055 666 3094 rerum
683 3039 886 3112 temporalium
903 3037 1033 3096 refertur
1045 3038 1085 3094 ad
1097 3038 1224 3098 ιιιιοιιιιιι

183 3130 319 3178 terrenae
336 3121 418 3194 paeia
436 3121 469 3178 in
488 3118 615 3178 Ciuitate
632 3129 765 3178 terrena:
792 3121 832 3178 in
845 3122 966 3178 eoeleati
985 3130 1085 3178 autem
1097 3121 1224 3180 Ciuitate

181 3203 310 3260 refertur
323 3203 360 3260 ad
373 3203 502 3262 fructum
515 3205 596 3280 paeia
609 3213 757 3262 aeternae.
793 3204 976 3281 Quapropter
995 3205 1022 3260 ai
1038 3205 1223 3264 irrationalia

182 3303 313 3344 etaemus
327 3287 506 3359 animantia,
534 3285 610 3344 nihil
626 3297 828 3363 appeteremur
840 3296 958 3364 praeter
970 3286 1139 3346 ordinatam
1152 3299 1223 3346 tem·

180 3379 347 3446 paraturam
356 3371 484 3446 partium
498 3372 628 3447 eorporis
640 3379 671 3428 et
680 3372 813 3447 requiem
825 3372 1049 3447 appetitionum:
1063 3370 1142 3428 nihil
1156 3390 1224 3451 erge

180 3461 299 3528 praeter
310 3454 437 3530 quietern
450 3455 547 3512 earnis
560 3463 590 3511 et
603 3456 716 3530 copiam
733 3456 930 3528 voluptatum,
955 3463 989 3510 ut
1011 3471 1072 3530 pax
1092 3457 1224 3531 eorporia

180 3535 335 3610 predearet
346 3538 412 3610 pari
425 3539 549 3594 animae.
588 3535 623 3595 Si
637 3539 716 3596 enim
731 3537 808 3594 derit
819 3555 878 3614 pax
891 3538 1038 3613 eorporis,
1063 3539 1223 3613 inpeditur

181 3620 268 3674 etiam
281 3620 461 3677 irrationalis
474 3639 533 3696 pax
545 3621 675 3694 animae3
696 3622 765 3697 quia
777 3623 909 3697 requiem
922 3622 1139 3696 appetitionum
1154 3639 1223 3679 eea·

181 3701 264 3772 aequi
278 3718 339 3756 non
350 3712 455 3775 potest.
478 3703 639 3778 Vtrumque
652 3713 751 3762 autem
764 3706 852 3762 rhunl
864 3707 891 3760 ei
904 3705 970 3780 paei
982 3703 1120 3778 prodeat,
1137 3721 1222 3779 quan

181 3781 261 3835 inter
273 3796 305 3834 ae
316 3779 426 3840 habent
438 3787 536 3843 anima
549 3796 579 3844 et
591 3804 711 3862 corpur,
725 3788 755 3844 id
768 3797 824 3859 eat,
837 3788 989 3846 ordinatae
1001 3787 1082 3844 vitae
1096 3806 1132 3844 ae
1145 3789 1222 3844 aala-

181 3861 229 3916 tir.
254 3858 339 3916 Sient
353 3865 431 3920 euim
443 3885 545 3941 paoem
558 3871 689 3946 eorporia
708 3885 806 3928 amare
824 3889 857 3928 ae
877 3869 1035 3930 ortendunt
1047 3871 1218 3928 animantia
