2586 4396
243 239 301 294 126
459 231 554 293 n1v1
580 225 766 312 AVRELll
789 223 1042 285 AVGVSTlNl

241 387 395 445 suscitabit
407 384 489 445 euml
499 385 553 443 hoe
567 393 622 456 est,
634 383 810 460 quianullus
822 378 986 450 hominum,
1000 379 1058 435 uisi
1073 396 1105 434 se
1117 379 1196 454 ipse,
1211 397 1256 434 su-

240 471 370 540 scitavit,
394 472 444 547 qui
457 473 544 528 etiam
557 469 592 526 de
606 484 725 543 eorpore
738 483 790 522 suo
803 465 894 522 dixit:
920 462 1030 522 Solvite
1045 461 1178 541 templum
1195 461 1257 532 hoe,

240 563 270 610 ot
282 555 313 610 in
325 555 424 611 triduo
437 553 616 612 resuscitabo
628 551 709 609 illud.
751 547 848 624 lpsum
860 555 957 604 autem
969 563 1061 625 genus
1074 547 1188 616 mortis,
1201 543 1257 602 hee

242 653 302 702 err,
316 633 474 688 sublimitas
489 633 582 687 erucis
596 633 627 686 in
642 649 700 686 uno
713 631 801 687 verbe
816 631 1005 708 intelligitur,
1028 631 1106 706 quod
1118 633 1174 704 ait,
1195 632 1259 690 Ad-

240 717 391 773 seendiati.
413 711 496 782 Quod
509 733 579 771 vero
593 713 712 785 addidit,
725 713 902 772 Reoumdous
915 716 1060 786 dormisti,
1073 715 1259 794 Evangelista

240 801 370 872 exponit,
383 799 432 856 ubi
445 797 526 867 dicit,
552 797 593 854 Et
605 798 747 854 inelimato
761 800 860 875 cupite
872 799 1161 874 tradiditspiritum.
1202 800 1257 857 dat

240 892 320 938 certe
333 885 480 956 sepultura
494 881 557 937 eius
569 883 755 959 agnoscitur,
780 883 811 937 in
830 899 887 956 qua
897 881 1205 956 recumbitdermiens3
1231 894 1256 940 et

239 965 316 1021 unde
330 967 413 1022 illum
425 966 521 1021 nullus
535 963 698 1037 hominum,
719 967 795 1021 siout
807 963 967 1040 Prophetae
980 967 1105 1040 aliquus,
1125 969 1168 1024 vel
1180 971 1258 1026 sieut

238 1051 300 1122 ipsa
312 1051 384 1105 alios
399 1051 560 1120 suseitavit,
573 1048 625 1106 sed
637 1050 715 1106 sicut
727 1065 744 1104 a
757 1056 857 1104 somno
870 1051 932 1124 ipse
944 1051 1081 1106 surrexit.
1098 1049 1174 1107 Stola
1185 1069 1257 1126 por-

238 1149 271 1188 ro
285 1133 346 1188 eius
360 1149 444 1208 quarn
457 1135 535 1189 lavat
547 1135 579 1190 in
590 1134 671 1204 vino,
686 1132 716 1190 id
729 1143 783 1204 est,
797 1131 917 1189 mandat
928 1151 945 1212 a
957 1135 1083 1209 peccatis
1094 1136 1123 1190 iu
1135 1137 1258 1212 sangui-

238 1235 276 1272 ne
289 1233 350 1286 sue,
373 1219 454 1274 ouius
468 1218 619 1294 sanguinis
632 1227 843 1274 sacramentum
854 1216 991 1292 baptizati
1022 1221 1118 1276 sciunt
1132 1255 1142 1288 ,
1184 1217 1260 1273 unde

237 1299 384 1377 adiungit:
398 1300 443 1358 Et
453 1303 483 1358 im
494 1301 638 1378 sanguiue
651 1319 725 1358 uuae
738 1303 875 1357 emiorum
888 1319 979 1372 suum,
994 1302 1063 1376 quid
1076 1311 1121 1358 est
1132 1303 1190 1358 nisi
1202 1301 1258 1358 Ee-

237 1381 342 1440 elesiai
366 1384 408 1442 Et
419 1385 507 1456 fului
524 1385 602 1442 oeuli
613 1386 675 1442 eius
691 1403 711 1441 o
723 1387 806 1442 oimo:
829 1385 972 1456 spiritales
985 1386 1045 1440 eius
1059 1385 1196 1443 inebriati
1207 1407 1257 1462 po-

238 1469 304 1524 culo
318 1469 390 1539 eius,
405 1467 440 1524 de
451 1486 509 1542 vquo
523 1468 603 1524 canit
615 1466 761 1524 Psalmus:
780 1465 822 1524 Et
835 1467 916 1524 eolis
928 1479 995 1524 tuus
1010 1469 1161 1526 inebrians
1176 1490 1257 1548 quom

233 1551 410 1627 praeclarus
425 1551 486 1608 est!
510 1550 551 1607 Et
565 1550 665 1608 dentes
679 1553 741 1606 eius
755 1551 940 1608 candidiores
954 1551 1046 1608 laete:
1068 1553 1147 1627 quod
1159 1565 1257 1628 petant

236 1632 310 1705 apud
321 1633 488 1707 Apostolum
502 1631 625 1708 parvuli,
639 1633 728 1690 verba
741 1633 853 1690 scilieet
871 1635 1042 1707 nutrientia,
1055 1635 1187 1694 nendum
1199 1639 1256 1694 ido-

236 1717 285 1771 nei
298 1713 388 1771 solido
400 1715 472 1772 cibo.
512 1715 575 1790 lpse
593 1716 683 1793 igitur
698 1725 742 1772 est
756 1718 788 1772 in
802 1735 859 1792 quo
873 1718 999 1792 reposita
1022 1729 1106 1775 erant
1117 1724 1256 1796 premissa

235 1796 333 1868 iudae,
347 1815 421 1872 quae
435 1797 527 1855 donee
542 1800 685 1871 venirent,
705 1816 853 1875 nunquam
865 1802 1022 1878 principes,
1035 1799 1089 1859 hoe
1104 1811 1162 1877 est,
1176 1823 1255 1884 reges
1278 1827 1279 1834 ¹

235 1880 334 1952 lsrael,
360 1881 395 1937 ab
409 1883 459 1939 illa
473 1883 563 1957 stirpe
576 1881 748 1938 defixerunt
771 1882 814 1940 lit
831 1886 896 1963 ι’]ιιι
913 1889 1094 1964 suspectatio
1113 1893 1255 1964 gentium:
1278 1879 1279 1882 ¹

235 1963 311 2039 quod
329 1966 438 2022 elarius
457 1975 501 2022 est
514 1963 649 2038 videndo,
663 1983 749 2042 quam
762 1969 801 2024 sit
812 1968 992 2042 exponendo.
1112 1968 1113 1973 ’

603 2133 722 2192 CAP.
766 2131 895 2193 Xhll.

232 2229 275 2283 De
282 2231 353 2300 filiis
368 2231 475 2301 loseph,
496 2247 560 2300 ques
570 2231 650 2284 laced
660 2229 820 2300 prophetico
835 2247 960 2284 munuum
975 2249 1082 2286 suorum
1093 2243 1255 2290 transmute-
1278 2297 1279 2306 ἵ

631 2301 701 2354 tione
712 2301 854 2355 benedixit,

296 2387 379 2447 Siout
392 2401 488 2448 autem
501 2391 556 2448 due
570 2391 652 2448 lsuao
666 2391 730 2463 filii,
742 2391 821 2448 Esau
834 2399 864 2448 et
873 2391 969 2464 laeoh,
983 2391 1107 2470 figuram
1118 2397 1254 2470 praehue-

232 2483 301 2530 runt
322 2475 445 2531 duorum
461 2477 633 2551 populorum
657 2478 690 2532 in
707 2475 822 2532 ludaeis
847 2485 877 2532 et
900 2473 1085 2535 Christianis:
1115 2477 1253 2555 (quamvis

231 2557 309 2633 quod
322 2558 358 2614 ad
372 2561 466 2616 earnis
479 2563 671 2638 propaginem
683 2561 819 2636 pertinet,
832 2573 887 2616 nee
900 2559 999 2616 Iudaei
1010 2564 1148 2618 venerint
1160 2581 1195 2618 ex
1208 2583 1254 2621 se-

230 2645 308 2699 mine
320 2642 411 2714 Esau,
426 2643 477 2699 sed
487 2642 630 2716 idumaei3
656 2663 710 2701 neo
723 2642 906 2700 Christianae
919 2653 1021 2722 gentes
1035 2645 1070 2701 de
1082 2645 1186 2719 iacob,
1207 2649 1255 2704 sed

230 2728 327 2798 petius
340 2725 455 2782 ludaei:
482 2726 518 2781 ad
531 2725 586 2783 hoe
600 2731 678 2785 enim
691 2735 805 2784 tantum
817 2727 912 2805 ligura
925 2729 1030 2790 ualuit.
1057 2729 1133 2805 quod
1147 2731 1255 2788 dietum

230 2818 284 2880 est,
298 2808 398 2865 Maior
411 2811 522 2867 seruiet
532 2810 673 2887 miserir)
686 2813 729 2868 ita
741 2811 850 2868 foetum
864 2820 909 2868 est
921 2813 1008 2868 etiam
1020 2813 1052 2868 in
1063 2811 1174 2870 duobus
1187 2815 1255 2871 filiis

231 2889 347 2964 loseph:
360 2907 429 2947 nam
441 2893 533 2949 maior
549 2897 643 2971 gessit
654 2903 755 2969 typum
767 2892 947 2965 ludaeorum,
961 2893 1190 2954 Christianorum
1202 2917 1254 2954 eu·

230 2984 288 3028 tem
300 2975 405 3029 minor.
441 2976 519 3042 Ques
539 2995 626 3051 quum
644 2977 831 3034 benediceret
844 2977 944 3048 Iaeoh,
970 2997 1087 3037 uranum
1106 2981 1254 3037 dexteram

228 3073 340 3131 ponens
354 3073 440 3133 super
453 3060 611 3132 minorem,
634 3077 720 3135 quem
731 3059 855 3118 habehat
867 3061 903 3118 ad
915 3063 1077 3136 sinistram3
1105 3064 1254 3120 sinistram

175 3195 179 3203 ,
227 3157 298 3196 vero
312 3158 398 3216 super
411 3143 565 3213 maiorem,
592 3161 678 3219 quem
697 3143 821 3202 hahebat
833 3145 869 3202 ad
882 3145 1027 3204 dextram:
1055 3165 1145 3226 grave
1158 3150 1253 3205 visum

228 3233 273 3280 est
285 3227 486 3302 patrinorum,
508 3234 538 3282 et
550 3225 701 3286 admonuit
712 3239 824 3304 patrem
835 3229 916 3286 velut
929 3232 1080 3309 eorrIgens
1095 3233 1157 3287 eius
1172 3251 1253 3288 erro·

226 3325 303 3381 rem,
326 3319 356 3366 et
369 3311 502 3384 quisnam
516 3327 614 3368 eorum
627 3323 704 3370 esset
719 3314 811 3369 maier
831 3314 995 3370 ostendens.
1027 3315 1067 3371 At
1079 3316 1129 3371 ille
1140 3325 1255 3372 mutare

226 3411 327 3450 manus
340 3394 444 3464 noluit,
458 3393 509 3450 sed
522 3393 608 3468 dixit,
621 3395 699 3468 Soio,
707 3396 770 3468 fili,
783 3399 854 3454 seio.
877 3395 919 3455 lit
931 3395 978 3454 hie
992 3399 1050 3454 erit
1064 3400 1094 3454 in
1102 3399 1255 3477 populun,

227 3485 256 3533 et
269 3477 317 3533 hie
330 3477 531 3536 exaltabitur:
544 3481 713 3552 aedfrotor
726 3482 788 3536 eius
801 3483 899 3537 iunior
911 3480 1004 3537 molor
1016 3481 1067 3538 illo
1081 3484 1151 3551 erit,
1166 3493 1198 3540 et
1210 3501 1253 3538 te·
1278 3495 1279 3538 1

227 3577 290 3616 mem
304 3563 367 3618 eius
380 3564 439 3620 erit
452 3563 482 3620 im
495 3563 709 3621 multitudinem
720 3565 859 3640 gentium.
885 3562 982 3620 Etiam
993 3561 1041 3620 hie
1053 3565 1112 3620 duo
1123 3566 1178 3622 illa
1189 3585 1255 3642 pre-
1278 3561 1279 3574 ³

226 3645 315 3699 missa
329 3643 516 3703 demonstrat.
551 3646 688 3703 Numida
702 3648 732 3703 iu
738 3645 894 3726 populum,
919 3648 975 3704 iste
994 3649 1024 3704 iu
1036 3647 1255 3707 multitudinem

199 3775 201 3781 ,
226 3729 372 3798 gentium:
394 3729 461 3802 quid
474 3730 637 3787 evidentius
651 3747 736 3805 quam
749 3730 793 3787 his
807 3731 917 3787 duabus
928 3732 1171 3806 promissionibus
1186 3751 1255 3787 een-

228 3807 318 3862 tineri
342 3813 479 3882 populum
505 3813 702 3870 lsra'e'litarum
734 3815 889 3889 orbemque
915 3825 1060 3872 terraram
1084 3816 1115 3872 in
1143 3817 1256 3871 semine

129 3886 130 3890 ’
231 3887 370 3964 Abrahae,
383 3893 464 3950 illum
477 3897 635 3954 seeundum
649 3915 775 3970 earnem,
789 3899 877 3954 istum
890 3899 1046 3955 seeundum
1063 3895 1174 3954 lideml
