2576 4396
268 195 330 254 DE
353 195 564 254 ClVlTATE
587 198 665 255 DEl
687 199 767 257 [ΑΒ.
788 201 829 260 Χ.
1000 209 1060 266 319

27 351 108 426 ¹poris
123 349 341 426 languoresque
353 351 461 421 sanam
486 348 550 406 iera
566 351 702 407 animalia
715 361 859 410 terrarum
872 363 901 410 et
913 373 1062 432 equarum,

30 433 166 490 volatilia
175 433 261 504 coeli,
275 433 367 510 ligna,
381 435 534 505 clementa,
546 433 652 506 sidera,
667 434 853 493 divinaiusss
861 436 1004 510 iecerunt,
1017 440 1063 496 in-

32 518 120 574 lerna
134 524 304 588 cesserunt,
328 519 436 574 mortui
448 518 633 575 revixerunt:
659 521 788 594 exceptis
801 522 893 596 ipsius
906 519 1064 579 Salvatoris

31 601 160 676 propriis
173 599 431 678 singularibusque
441 602 601 672 miraculis,
615 604 740 660 maxime
753 605 915 662 nativitatis
929 613 959 661 ct
969 621 1064 660 resur-

32 685 190 757 rectionis;
204 685 236 740 in
249 702 370 759 qnorum
382 703 441 742 uno
454 695 603 742 maternae
614 687 794 764 virginitatis
807 688 1005 747 tantummodo
1019 705 1065 742 sa-

33 779 227 838 cramentum,
241 769 274 824 in
285 770 379 824 altero
391 779 487 826 autem
497 771 584 828 etiam
595 773 793 846 eorumquiin
803 771 862 829 fine
873 772 1064 830 resurrecturi

33 861 112 923 sunt,
126 851 342 908 demonstravit
349 856 519 929 exemplum.
532 852 614 912 Haec
622 856 672 912 via
682 863 775 912 totum
782 853 929 914 hominem
934 855 1065 926 mundat,

34 950 62 992 et
78 937 296 992 immortalitati
313 938 463 994 mortalem
483 956 521 994 ex
538 937 670 995 omnibus
690 938 794 1015 quibus
807 949 922 998 constat
935 941 1065 1014 partibus

33 1028 198 1096 praeparat¹
212 1017 252 1075 Vt
264 1021 343 1076 eninr
355 1038 414 1078 non
427 1023 484 1077 alio
494 1023 629 1100 purgatio
643 1023 671 1078 ei
681 1025 759 1097 parti
768 1033 968 1099 quaereretur,
982 1041 1065 1099 quem

35 1114 119 1162 vocat
131 1104 361 1160 intellectualem
373 1103 561 1180 Porphyrius,
587 1107 685 1162 alia'ei
699 1125 785 1181 quam
796 1117 884 1164 vocat
897 1108 1066 1181 spiritalem,

35 1190 148 1262 alioque
161 1187 219 1262 ipsi
232 1189 362 1262 corpori,
384 1199 538 1264 propterea
551 1198 645 1245 totum
657 1191 789 1262 surrepit
799 1191 1002 1247 veracissimus
1016 1207 1066 1263 po-

35 1272 274 1346 tentissimusque
296 1272 449 1330 mundator
471 1281 558 1348 atque
580 1274 716 1328 salvater.
743 1271 863 1330 Praeter
883 1271 958 1346 hanc
980 1274 1067 1342 viam,

37 1373 107 1429 quae
120 1356 229 1430 partim
242 1373 307 1410 oum
319 1353 388 1412 haec
402 1355 499 1412 futura
514 1357 768 1429 praenuntiantur,
795 1357 902 1430 partim
916 1374 980 1411 cum
992 1354 1069 1410 sacta

37 1440 222 1509 nuntiantur,
236 1455 384 1514 nunquam
397 1440 500 1517 generi
511 1438 603 1496 defuit
614 1437 750 1509 humano,
766 1459 850 1497 nemo
861 1439 1000 1496 liberetur
1014 1447 1068 1510 cat,

36 1541 120 1578 nemo
134 1522 286 1592 liberatur,
300 1541 384 1578 nemo
397 1523 575 1580 liberabitur.

97 1604 182 1673 Quod
200 1613 297 1661 autem
309 1604 489 1683 Porphyrius
507 1608 703 1664 universalem
721 1610 797 1666 viam
811 1609 925 1665 animm
942 1607 1068 1664 liberan-

36 1689 88 1746 dae
112 1687 245 1746 nondum
263 1690 295 1746 in
318 1708 399 1745 suam
417 1692 550 1748 notitiam
566 1689 710 1749 historiali
728 1695 897 1771 cognitione
916 1692 988 1748 dicit
1005 1709 1068 1748 esse

36 1776 191 1851 perlatam:
218 1771 288 1848 qnid
302 1771 358 1829 hac
369 1771 491 1831 historia
503 1777 550 1832 vel
562 1776 705 1833 illustrius
719 1779 847 1834 inveniri
859 1785 968 1852 potest,
995 1795 1068 1851 quae

36 1859 208 1916 universum
221 1857 322 1914 orbem
334 1867 417 1914 tanto
429 1859 509 1934 spice
523 1861 704 1917 auctoritatis
718 1861 859 1932 obtinuit,
884 1862 931 1918 vel
944 1860 1069 1926 fidelius,

37 1947 65 2000 in
79 1961 138 2018 qua
151 1943 193 1998 its
206 1951 364 1998 narrantur
377 1945 549 2017 praeterita,
575 1953 609 2000 ut
624 1945 723 2002 lutura
742 1947 830 2002 etiam
848 1944 1068 2020 praedicantum

36 2045 161 2103 quorum
173 2026 263 2081 multa
276 2025 407 2082 videmus
420 2027 552 2102 impleta,
577 2029 730 2104 exquibus
745 2047 780 2085 ee
793 2045 867 2104 quae
879 2037 993 2084 restant
1005 2030 1068 2082 sine

36 2111 122 2168 dubio
136 2127 286 2185 speremus
300 2107 462 2184 implendai
497 2111 564 2168 Non
587 2113 665 2168 euim
686 2101 782 2187 potest
802 2110 997 2188 Porphyrius,
1022 2112 1069 2166 vel

36 2198 203 2271 quicunque
215 2192 373 2265 Platonici,
400 2195 488 2250 etiam
502 2196 533 2252 in
547 2193 601 2252 hac
612 2197 661 2252 via
678 2198 762 2271 quasi
775 2207 958 2252 terrenarum
973 2211 1069 2250 rerum

37 2291 64 2336 ct
76 2279 115 2336 ad
129 2280 218 2334 istam
229 2279 321 2334 vitam
334 2279 485 2336 mortalem
497 2281 716 2354 pertinentium,
732 2279 942 2337 divinationem
955 2278 1067 2353 praedi·

37 2367 222 2438 etioncmqne
236 2370 437 2419 contemnere:
463 2363 540 2439 quod
558 2365 662 2422 merito
681 2365 713 2420 in
732 2365 797 2421 aliia
814 2363 1068 2420 vaticinationibus

37 2459 64 2503 et
76 2445 274 2524 quorumlibet
286 2444 435 2502 modorum
448 2449 496 2503 vel
508 2449 615 2504 artium
628 2447 858 2504 divinationibus
869 2446 989 2502 iaciunt.
1010 2446 1068 2502 Ne-

37 2542 107 2610 gant
122 2531 203 2586 enim
216 2527 287 2585 haee
298 2531 346 2586 vel
358 2548 532 2608 magnorum
544 2529 709 2598 hominum,
734 2531 783 2585 vel
802 2530 901 2605 magni
915 2545 979 2582 erse
998 2546 1069 2601 pen-

38 2615 145 2672 denda:
160 2622 191 2669 et
203 2621 293 2668 recte.
328 2611 402 2670 Nam
415 2615 463 2669 vel
475 2613 651 2668 inferiorum
663 2611 738 2666 fiunt
749 2611 955 2686 praesensione
969 2628 1069 2665 causa·

37 2721 111 2770 rum,
125 2700 206 2754 sicut
216 2706 280 2753 arte
289 2696 451 2754 medicinae
464 2695 636 2772 quibusdam
645 2693 885 2752 antecedentibus
899 2693 991 2770 signis
1004 2694 1069 2767 plu-

37 2787 109 2840 rima
123 2791 268 2838 eventura
280 2780 441 2836 valetudini
453 2779 674 2855 praevidentur;
701 2781 749 2835 vel
761 2776 903 2834 immundi
916 2776 1070 2834 daemones

38 2887 88 2924 sua
102 2865 245 2940 disposita
258 2863 335 2920 facta
347 2866 567 2938 praenuntiant,
582 2883 707 2940 quorum
719 2865 766 2919 ius
782 2871 811 2919 et
824 2863 855 2918 in
868 2862 1012 2918 mentibus
1026 2870 1070 2917 at-

38 2971 93 3027 que
106 2947 310 3023 cupiditatibus
324 2949 492 3023 iniquorum
505 2947 542 3004 ad
561 2966 693 3023 quaeque
712 2947 904 3027 congruentia
925 2946 1002 3002 laeta
1017 2944 1068 3002 du-

39 3035 136 3091 cendis
148 3030 273 3107 quodam
285 3030 368 3086 modo
379 3031 434 3087 sibi
447 3032 609 3103 vindicant,
624 3034 697 3088 etin
710 3033 831 3088 materia
844 3030 943 3087 infime
956 3031 1070 3110 fragili·

38 3120 105 3174 tatis
117 3115 271 3171 humanae.
303 3111 368 3170 Non
382 3117 451 3171 talia
466 3117 562 3172 sancti
573 3113 705 3172 homines
719 3117 751 3172 in
764 3117 821 3172 iata
834 3116 992 3172 universali
1006 3116 1067 3172 ani·

39 3219 150 3256 nicrum
158 3195 374 3254 liberandarum
384 3200 432 3255 via
443 3199 621 3276 gradientes,
636 3208 772 3275 tanquam
781 3217 888 3278 magna
897 3197 1070 3273 prophetare

39 3293 193 3340 curarunt:
208 3282 339 3358 quamvis
347 3291 376 3336 et
386 3282 443 3338 ista
455 3300 503 3338 eos
518 3300 576 3338 non
585 3281 728 3362 fugerint,
743 3291 773 3338 et
785 3282 820 3337 ah
834 3283 877 3338 cis
889 3299 974 3356 saepe
987 3299 1069 3358 prae-

38 3369 200 3439 dictasint,
214 3365 251 3422 ad
266 3383 369 3424 eorum
381 3365 466 3422 fidem
479 3364 653 3437 faciendam,
668 3384 742 3442 quae
755 3367 923 3425 mortalium
935 3365 1068 3421 sensibus

38 3471 95 3508 non
119 3460 258 3526 poterant
281 3451 424 3522 intimari,
442 3467 496 3506 nec
519 3449 555 3506 ad
573 3451 804 3526 experimentum
823 3449 910 3504 celeri
931 3447 1070 3502 facilitate

37 3536 165 3609 perduci.
178 3533 239 3592 Sed
253 3535 311 3590 alia
324 3543 409 3590 erant
419 3552 489 3591 vere
501 3551 608 3612 magna
621 3543 706 3610 atque
719 3531 829 3602 divino,
842 3546 917 3606 quae
931 3537 1070 3603 quantum

38 3621 169 3692 dabatur,
196 3619 316 3698 cognita
334 3616 391 3675 Dei
407 3619 572 3690 voluntate,
595 3616 692 3674 futura
714 3613 895 3672 nuntiabant.
939 3609 1068 3668 Christum

38 3707 144 3780 quippe
157 3705 190 3760 in
204 3721 293 3759 carne
306 3711 460 3773 venturus,
474 3710 505 3756 et
513 3718 586 3776 quae
597 3702 628 3757 in
638 3703 688 3756 illo
699 3710 758 3755 tam
771 3698 849 3753 clara
861 3693 987 3771 perfecta
999 3706 1070 3752 sunt

39 3798 124 3864 atque
139 3789 171 3844 in
186 3788 249 3844 eius
261 3786 379 3842 nomine
391 3785 519 3860 impleta,
532 3785 712 3856 poenitentia
724 3781 873 3838 hominum
887 3791 917 3838 et
928 3778 964 3835 ad
974 3777 1068 3836 Deum

39 3865 194 3928 conversio
215 3873 410 3940 voluntatum,
436 3869 570 3926 remissio
595 3878 787 3943 peecatorum,
813 3866 908 3944 gratia
933 3865 1067 3936 iustitiae,
