2592 4396
232 201 293 257 aot
457 187 557 253 DlVl
577 186 765 252 svumss
785 183 1033 252 ‚diuisum

233 352 365 418 vireant,
390 351 471 400 reete
495 341 632 403 dieantur
655 359 719 400 esse
741 341 772 398 ln
793 347 901 402 ns'orta:
927 340 1003 399 sieut
1021 339 1053 401 in
1069 357 1170 406 somno
1190 361 1249 398 esse

234 435 370 510 quisque,
385 427 476 484 donee
489 427 624 504 evigilet,
638 425 757 484 dieitur:
782 425 912 500 quamrir
928 425 959 480 in
972 441 1075 484 somno
1087 426 1195 498 positos
1208 426 1248 482 di-

235 533 331 575 camus
338 513 525 580 dormientes,
539 503 687 588 nee[non]
699 517 796 567 teman
806 527 841 564 eo
850 505 933 564 modo
944 525 1094 582 possumus
1101 507 1193 566 dicere
1201 529 1248 566 eos

234 600 285 677 qni
297 599 356 660 iam
369 603 439 654 sunt
450 594 572 664 mortui,
590 595 756 650 morientes.
799 590 866 650 Non
880 591 957 650 enim
970 589 1063 650 adhue
1079 593 1247 665 moriuntur,

235 683 284 760 qui
301 688 441 758 quantum
460 677 566 742 attinet
582 676 619 733 ad
632 677 761 751 eorporis
779 683 916 744 mortem,
942 673 978 730 de
990 692 1046 750 qna
1059 693 1138 734 nune
1151 674 1248 732 disseri

234 784 314 836 mus,
322 766 381 820 iam
392 770 460 822 sunt
472 779 489 816 a
502 760 668 836 corporibus
682 761 817 834 separati.
832 757 891 816 Sed
902 757 957 816 boe
970 768 1025 830 est,
1039 758 1116 834 quod
1128 758 1187 824 dixi
1200 779 1249 818 ox-

234 848 337 926 plieari
349 847 445 920 aliqua
457 847 602 906 loeutione
615 862 675 900 non
688 861 783 920 posse,
797 859 922 919 quonam
939 841 1023 904 modo
1037 843 1085 900 vel
1097 844 1248 908 morientes

235 933 369 991 dieantur
381 930 498 1000 virere,
527 930 574 986 vel
587 929 643 986 iam
656 929 763 986 mortui
777 929 864 984 etiam
876 934 1077 1001 postmortem
1088 925 1178 990 adhue
1190 946 1249 992 esse

235 1016 370 1072 dieantur
388 1013 421 1070 in
438 1021 540 1072 morte.
584 1011 734 1079 Quomodo
749 1013 826 1070 onim
838 1019 1054 1084 postmortem,
1080 1009 1208 1069 siadhue
1220 1014 1249 1068 in

234 1093 346 1156 mortei
378 1095 554 1156 Praesertim
566 1113 631 1152 eum
644 1113 697 1150 eos
710 1114 765 1152 nee
777 1095 934 1152 morientes
947 1093 1092 1166 dieansus,
1105 1096 1191 1152 aienti
1203 1114 1249 1154 eor

235 1183 285 1259 qni
298 1183 330 1238 in
343 1197 445 1238 somno
456 1188 528 1238 sunt
541 1178 662 1236 dieimus
675 1178 867 1250 dormientem
879 1187 908 1233 et
921 1179 972 1253 qui
983 1178 1015 1236 in
1027 1179 1173 1256 languore,
1187 1181 1249 1236 lan-

234 1273 371 1345 guentem
397 1264 490 1339 etqui
502 1263 659 1334 indolere,
684 1263 784 1338 utique
797 1261 942 1334 dolentes3
968 1270 998 1318 et
1010 1263 1061 1336 qni
1073 1263 1106 1320 in
1116 1263 1186 1334 rita,
1204 1263 1250 1319 ri-

233 1357 350 1410 rentes:
368 1355 481 1406 atvero
493 1349 600 1406 mortui
611 1348 693 1422 prius
707 1365 792 1422 quam
804 1355 978 1424 resurgant,
1002 1363 1066 1402 esse
1078 1345 1207 1404 dicontur
1219 1347 1250 1402 in

233 1440 344 1501 morte,
357 1448 412 1488 nee
425 1439 523 1488 tamen
538 1439 662 1506 possunt
673 1431 814 1504 appellari
826 1431 992 1486 morientes.
1035 1425 1118 1486 Vnde
1129 1447 1188 1486 non
1200 1429 1251 1486 im-

234 1525 376 1592 portune,
389 1532 483 1588 neque
496 1516 659 1592 incongrue
672 1514 798 1572 arbitror
811 1511 967 1585 soeidisse,
990 1513 1047 1568 etsi
1059 1532 1119 1572 non
1131 1511 1252 1572 hnmano

234 1597 389 1667 industris,
401 1596 508 1656 iudicio
520 1597 647 1654 sortasse
659 1596 775 1670 divino,
789 1606 822 1657 ut
832 1595 888 1654 hoe
899 1597 1020 1657 verbnm
1032 1596 1108 1672 quod
1121 1605 1180 1669 est,
1192 1616 1251 1654 mo·

233 1684 323 1753 titur,
346 1682 379 1738 in
391 1679 497 1738 Latina
509 1682 611 1760 lingna
623 1700 678 1738 nee
691 1675 874 1761 grammatiei
887 1680 1033 1739 declinare
1045 1683 1209 1755 potuerint,
1222 1699 1251 1736 ea

233 1767 336 1845 regula
358 1783 416 1840 qus
433 1774 547 1823 caetera
563 1766 634 1822 talia
652 1764 844 1822 declinantur.
886 1763 1017 1840 Namque
1029 1764 1064 1820 ab
1077 1783 1112 1822 eo
1126 1764 1201 1840 quod
1213 1775 1252 1820 est

235 1852 344 1922 oritur,
367 1848 401 1906 fit
412 1849 535 1905 verbnm
546 1849 698 1922 praeteriti
709 1850 865 1922 temporis,
891 1857 972 1904 ortus
986 1857 1044 1906 est:
1070 1856 1101 1904 et
1112 1849 1139 1904 si
1152 1867 1206 1924 qna
1217 1849 1252 1902 si-

233 1935 315 1992 milia
328 1941 410 2003 sunt,
437 1950 489 2006 per
501 1933 639 2007 temporis
652 1933 801 2006 praeteriti
812 1933 966 2007 partieipia
979 1930 1173 1990 declinantur.
1212 1932 1251 1990 Ab

235 2037 269 2074 eo
281 2034 353 2074 vero
367 2013 444 2090 quod
456 2024 502 2074 est
513 2017 647 2088 moritur,
660 2017 687 2072 si
699 2033 869 2090 quaeramus
881 2016 1030 2090 praeteriti
1043 2018 1180 2089 temporie
1193 2035 1252 2074 rer-

234 2101 317 2171 bum,
330 2098 500 2174 responderi
513 2098 635 2172 adsolet,
655 2108 788 2156 mortuus
802 2108 861 2170 est,
881 2117 900 2156 ιι
912 2100 998 2156 litera
1010 2101 1167 2178 geminata.
1209 2098 1253 2158 Sie

235 2186 314 2241 enim
327 2181 434 2240 dieitur
446 2193 594 2254 mortuns,
608 2181 751 2258 quomodo
765 2183 878 2254 fatuus,
892 2182 1013 2256 arduus,
1028 2185 1217 2258 oonspieuns‚
1229 2192 1255 2239 et

236 2269 262 2324 si
275 2285 330 2341 qua
344 2268 464 2335 similia,
486 2283 560 2340 quae
573 2285 634 2324 non
647 2275 716 2322 sunt
726 2267 878 2339 praeteriti
894 2267 1046 2341 temporis,
1060 2267 1254 2343 sedquoniam

235 2350 355 2406 nomina
368 2357 447 2419 sunt,
460 2349 524 2404 sine
536 2357 666 2423 tempore
679 2348 872 2408 declinantur.
906 2348 981 2406 iilud
993 2359 1100 2421 autem,
1113 2354 1198 2426 quasi
1211 2352 1254 2406 de·

235 2433 375 2503 elimetur,
401 2430 479 2507 quod
496 2430 636 2490 declinari
656 2451 715 2490 non
734 2441 846 2508 potest,
871 2451 924 2509 pro
942 2435 1093 2510 participio
1110 2437 1256 2509 praeteriti

235 2518 372 2592 temporis
389 2517 509 2593 ponitur
522 2534 637 2584 nomen.
680 2514 896 2577 convenienter
909 2519 1007 2593 itaque
1019 2517 1126 2574 fartum
1140 2529 1203 2592 est,
1228 2528 1257 2578 ut

235 2599 474 2675 quemadmodum
488 2598 519 2654 id
532 2600 609 2676 quod
622 2599 779 2680 signifieat,
792 2619 858 2670 non,
865 2610 962 2674 potest
974 2601 1098 2679 agendo,
1112 2604 1156 2660 ito
1166 2605 1258 2679 ipsum

234 2683 359 2740 verbum·
369 2683 510 2740 declinari
522 2684 667 2759 loquendo
680 2703 739 2742 non
752 2685 852 2760 possit.
875 2684 932 2762 'rigi
945 2692 1042 2752 tamen
1054 2695 1153 2760 potest
1165 2688 1198 2744 in
1211 2687 1258 2742 ad-

234 2769 347 2835 intorio,
355 2768 468 2845 gratiae
481 2765 665 2824 Redemtoris
679 2769 791 2838 nostri,
810 2776 844 2834 ut
856 2769 959 2824 saltem
971 2767 1127 2826 secundam
1139 2781 1260 2828 mortem

234 2851 380 2906 declinare
393 2850 546 2922 possimus.
574 2848 628 2906 llla
641 2851 719 2908 enim
732 2861 778 2908 est
789 2853 923 2930 gravior,
937 2860 967 2908 et
980 2854 1108 2910 omnium
1120 2856 1261 2910 malorum

233 2934 375 3006 pessima,
401 2949 475 3006 quae
494 2950 554 2988 non
572 2931 608 2988 fit
625 2935 809 3009 separatione
821 2936 935 3002 animae
948 2943 978 2991 et
991 2937 1139 3010 eorporis,
1163 2937 1215 2994 sed
1230 2939 1261 2991 in

234 3023 382 3072 aeternam
398 3031 522 3087 poenam
539 3015 636 3090 potius
656 3018 807 3093 utriusque
820 3020 982 3094 complexu.
1024 3017 1068 3076 lbi
1082 3023 1261 3078 econtrario

233 3115 294 3154 non
308 3106 394 3156 erunt
405 3095 539 3155 homines
554 3107 621 3156 ante
633 3110 757 3160 mortem
770 3113 857 3177 atque
870 3111 1088 3178 postmortem,
1114 3103 1168 3163 sed
1186 3123 1260 3160 sem-

232 3199 284 3255 per
296 3182 328 3238 in
341 3189 448 3238 morte:
475 3200 510 3238 ae
521 3199 575 3257 per
587 3181 644 3242 boe
657 3202 806 3261 nunquam
819 3187 964 3258 viventes,
977 3204 1128 3262 nunquam
1141 3189 1260 3256 mortui,

233 3263 285 3320 sed
304 3265 368 3320 sine
385 3264 444 3322 fine
462 3268 630 3324 morientes.
673 3267 829 3346 Nunquam
847 3267 1119 3330 enimerithomini
1133 3273 1261 3348 peiurio

232 3358 337 3421 morte,
350 3367 437 3425 quam
449 3349 501 3406 ubi
514 3351 570 3408 erit
582 3369 662 3408 mors
675 3354 738 3430 ipra
751 3354 815 3412 sine
828 3361 930 3412 morte.

614 3501 679 3561 CA
701 3501 733 3560 P.
776 3489 869 3562 Χ11.

234 3596 321 3668 Qrcam
336 3604 447 3650 mortens
459 3597 557 3666 primis
572 3597 721 3652 dominibus
730 3597 820 3664 Deus,
840 3600 1034 3656 struendarum
1051 3602 1109 3656 eius
1124 3613 1263 3672 transgre-

524 3668 665 3732 derentur,
679 3669 772 3742 fierit
787 3670 970 3723 comminatur.

294 3774 366 3832 Cum
380 3791 450 3854 ergo
463 3779 634 3852 requiritur,
649 3795 735 3854 quam
747 3789 870 3838 mortem
883 3780 964 3840 Deus
977 3781 1078 3857 primis
1091 3779 1264 3842 bominibus

230 3856 321 3918 fuerit
333 3860 542 3932 comminatus,
569 3862 595 3918 si
607 3861 642 3918 ab
657 3882 692 3920 eo
706 3864 871 3946 mandatum
888 3863 1170 3944 transgrederentur
1183 3883 1263 3924 acce
