2586 4396
230 205 288 262 158
458 200 555 260 DlVl
581 197 769 257 AVRELll
791 196 1050 256 AVGVSTlNl

229 372 334 415 manus
347 355 523 415 liberaretur
536 353 697 422 exorcitus3
711 351 792 406 nullo
803 349 891 405 ruodo
900 349 1069 424 superbient
1079 353 1177 408 saneti
1188 351 1285 410 Mara

228 451 310 518 tyras
340 449 479 514 tanquam
498 436 620 513 dignum
638 433 749 509 aliquid
761 450 814 508 pro
826 433 907 492 illius
918 433 1030 508 patriae
1042 435 1285 508 participatione

228 524 370 594 fecerint,
397 521 447 577 ubi
460 528 580 576 aeterua
594 526 640 574 est
653 525 683 572 et
695 534 767 574 vera
779 515 919 588 felicitas,
944 517 970 572 si
983 533 1076 591 usque
1090 516 1187 573 adsui
1201 535 1285 577 san-

229 609 330 686 guinis
343 601 529 673 effusicucm,
550 620 611 657 non
629 601 722 656 solum
739 617 807 656 suos
821 599 928 655 fratres
940 617 994 674 pro
1009 600 1111 674 quibus
1125 599 1285 660 fundeba-

228 701 289 762 tur,
302 707 403 746 rerum
417 694 448 742 et
459 686 538 759 ipses
547 685 683 740 inimicos
693 702 711 739 a
724 682 827 758 quibus
841 681 1029 754 fundebatur,
1041 685 1116 739 sicut
1127 685 1170 739 eis
1181 703 1285 759 prae-

229 781 347 846 ceptum
361 779 415 838 est,
431 768 600 844 diligentes,
619 767 749 823 caritatis
762 765 820 821 lide
834 774 864 821 et
876 765 946 822 lrdei
959 767 1084 823 caritate
1096 767 1285 826 certarunt?

228 855 264 912 si
277 853 392 911 Marcus
406 850 549 908 Pulvillus
564 850 703 906 dedicans
717 848 819 905 aedem
831 846 921 921 lovis,
944 847 1077 922 lunonis,
1103 849 1285 924 Minervae,

228 938 305 993 falso
318 936 374 992 sibi
387 935 423 991 ab
434 933 543 991 invidis
558 943 654 990 morte
667 932 722 988 filii
735 933 888 1004 nuntiata,
914 943 947 990 ut
964 934 1015 988 illo
1034 935 1138 989 nuntio
1149 941 1285 1008 pertur-

228 1021 311 1076 batus
324 1017 510 1089 abscederet,
537 1026 624 1092 atque
647 1017 688 1072 ita
712 1015 905 1072 dedicationis
924 1017 1050 1094 gloriam
1068 1019 1183 1094 collega
1207 1020 1285 1075 cius

228 1109 474 1176 consequeretur,
502 1102 545 1156 ita
559 1101 726 1171 contemsit,
744 1107 778 1156 ut
790 1117 856 1155 cum
870 1101 958 1158 etiam
970 1101 1076 1175 proiici
1088 1101 1285 1174 insepultum

228 1186 358 1255 iuberet;
385 1193 415 1239 et
428 1184 471 1238 sie
484 1185 516 1238 in
528 1185 591 1238 eius
605 1183 694 1238 eorde
708 1183 840 1238 orbitatis
855 1181 986 1238 dolorem
998 1185 1112 1260 gloriae
1124 1184 1283 1258 cupiditas

228 1270 357 1324 vicerat:
382 1265 452 1341 quid
471 1284 612 1344 magnum
632 1285 663 1322 se
680 1283 734 1340 pre
748 1264 907 1342 Evangelii
929 1268 1025 1323 sancti
1037 1266 1283 1341 praedieatione,

229 1370 287 1426 qua
299 1352 378 1407 eires
393 1368 538 1424 supernae
550 1350 663 1423 patriae
677 1349 712 1404 da
727 1348 853 1406 dirersis
866 1350 1030 1408 liberantur
1048 1358 1077 1406 et
1090 1351 1283 1428 colliguntur

229 1435 392 1504 erroribus,
406 1433 513 1488 decisam
527 1432 662 1490 dicturus
677 1441 734 1504 ast,
746 1433 795 1488 cui
807 1431 952 1488 Dominus
966 1432 1002 1488 de
1016 1435 1163 1507 sepultura
1175 1438 1283 1507 patris

228 1519 276 1574 sui
290 1517 417 1574 sollicito
430 1517 486 1587 ait,
499 1514 632 1593 Sequere
642 1535 702 1586 me,
729 1526 758 1574 et
772 1517 837 1573 aisse
850 1517 1122 1594 mortuaeaepelire
1136 1527 1283 1575 mertuos

228 1597 317 1656 asos?
342 1597 377 1656 Si
390 1597 429 1656 lt.
442 1597 586 1676 Regulus,
607 1617 645 1654 ne
659 1599 877 1656 crudelissimos
890 1597 990 1655 hostes
1005 1599 1127 1656 iuranda
1140 1599 1282 1674 falleret,

229 1683 266 1738 ad
284 1701 335 1738 eos
347 1683 383 1738 ab
397 1683 459 1756 ipsa
473 1681 565 1738 Roma
578 1701 716 1740 reversus
731 1693 791 1754 est,
811 1685 949 1758 quoniam
962 1684 1039 1740 sicut
1049 1681 1190 1738 Romanis
1206 1703 1285 1742 cunr,

230 1777 333 1822 tenere
346 1766 515 1822 volentibus
524 1766 713 1842 respondisse
726 1767 832 1838 fertur,
858 1775 1048 1842 posteaquam
1061 1765 1143 1822 Afris
1156 1770 1282 1824 servie-

229 1857 292 1920 rat,
317 1849 491 1927 dignitatem
511 1851 572 1908 illie
589 1848 707 1908 bonesti
721 1851 794 1907 eivis
806 1849 915 1906 habere
929 1869 988 1906 non
1001 1859 1115 1924 passet3
1144 1867 1282 1926 eumque

229 1931 500 2012 Carthaginienses,
515 1936 653 2010 quoniam
667 1943 769 1990 contra
783 1951 834 1989 eos
849 1935 881 1990 in
890 1932 1023 1990 Romano
1037 1942 1143 1988 senatu
1155 1945 1282 2010 egerat,

229 2018 412 2094 gravissimis
428 2020 580 2094 suppliciis
592 2026 790 2074 necaverunt:
816 2019 866 2093 qui
886 2017 1036 2073 eruciatus
1054 2034 1115 2072 nen
1135 2025 1207 2072 suut
1219 2037 1281 2092 pro

229 2101 287 2157 tide
298 2103 377 2178 illius
390 2103 502 2176 patriae
516 2101 734 2172 contemnendi,
749 2100 786 2156 ad
799 2102 882 2156 cuius
896 2100 1106 2157 beatitudinem
1118 2099 1192 2156 fides
1207 2102 1281 2176 ipsa

228 2181 379 2261 perducitl
393 2185 452 2242 Aut
464 2184 535 2258 quid
548 2185 728 2240 retribuetur
739 2181 869 2240 Domino
877 2203 931 2259 pro
943 2184 1077 2240 omnibus
1093 2201 1166 2258 quae
1179 2187 1285 2250 retri-¹

228 2268 309 2339 buit,
336 2269 363 2322 si
379 2285 433 2342 pro
455 2267 513 2322 fide
537 2285 612 2343 quae
633 2269 678 2323 illi
696 2267 818 2324 debetur
845 2269 916 2324 talia
933 2267 1025 2322 fuerit
1044 2265 1129 2322 bomo
1151 2285 1281 2342 passus,

229 2353 326 2426 qualia
339 2368 392 2424 pro
415 2349 472 2404 lide
490 2369 577 2426 quam
598 2352 855 2425 perniciosissimis
875 2352 1003 2406 inimicis
1022 2350 1143 2406 debebat
1163 2368 1281 2422 passus

229 2443 275 2490 est
288 2429 438 2510 Regulusl
476 2435 626 2500 Quomodo
639 2444 737 2490 autem
751 2453 782 2490 se
797 2434 914 2490 audebit
928 2435 1069 2490 extollere
1082 2433 1119 2488 de
1129 2434 1280 2492 voluuta-

227 2519 274 2573 ria
285 2525 457 2592 paupertate
471 2515 667 2589 Christianus,
680 2527 714 2574 ut
725 2519 758 2574 in
769 2516 856 2573 huius
869 2519 949 2574 vitae
961 2517 1202 2594 peregrinatiane
1217 2537 1281 2574 ex-

211 2599 213 2608 '
228 2601 357 2675 peditier
369 2600 498 2658 ambulet
509 2603 598 2674 riam,
617 2621 692 2676 quae
704 2601 840 2677 perducit
852 2599 889 2656 ad
901 2603 1036 2675 patriam,
1054 2601 1104 2657 ubi
1118 2617 1206 2658 verae
1222 2603 1282 2659 di-

227 2687 321 2742 vitiae
332 2687 395 2760 ipse
408 2683 492 2741 Deus
504 2695 564 2757 est,
591 2703 657 2741 eum
670 2686 768 2741 audiat
779 2687 828 2741 vel
841 2687 922 2762 legat
933 2684 966 2740 L.
980 2683 1145 2755 Valerium,
1173 2686 1228 2760 qui
1244 2689 1282 2744 in

228 2787 281 2824 suo
297 2767 453 2826 defunctus
466 2777 511 2824 est
529 2770 699 2838 consulatu,
725 2767 909 2844 usqueadeo
927 2768 1020 2824 luisse
1040 2785 1214 2844 pauperem,
1244 2787 1283 2828 ut

228 2853 355 2906 nummis
369 2867 386 2903 a
399 2853 506 2923 populo
525 2852 639 2906 collatis
660 2851 723 2906 eins
741 2853 889 2926 sepultura
909 2847 1080 2907 curaremrl
1106 2850 1209 2908 audiat
1223 2860 1282 2912 vel

228 2936 310 3010 legat
318 2930 578 3004 Q.Cisscinnatum,
594 2952 660 2990 cum
674 2943 801 3008 quatuor
814 2937 916 3012 iugera
930 2934 1104 3010 possideret,
1119 2944 1149 2990 et
1163 2941 1281 2996 easuis

228 3016 364 3071 manibus
380 3016 501 3088 coleret,
529 3017 565 3072 ab
584 3025 682 3073 aratra
704 3035 770 3074 csse
789 3017 958 3089 abductum,
985 3027 1020 3074 ut
1032 3017 1158 3074 dictator
1170 3017 1281 3094 fieret,

229 3100 323 3154 maier
335 3099 437 3171 utique
450 3097 563 3155 bonore
584 3117 672 3174 quam
691 3104 808 3173 consu13
837 3103 981 3176 victisque
999 3100 1132 3158 hostibus
1158 3101 1281 3180 ingen-

229 3191 289 3236 tem
309 3183 435 3258 gloriam
454 3194 643 3240 consecutum
663 3187 695 3240 iu
718 3187 820 3241 eadem
837 3193 1007 3258 paupertate
1020 3181 1183 3241 mansissel
1212 3187 1285 3245 Aut

229 3265 298 3340 quid
312 3283 344 3319 se
356 3283 494 3342 maguum
507 3267 612 3322 fecisse
625 3268 816 3342 praedicabit,
838 3267 914 3342 quod
929 3270 1010 3324 nullo
1023 3269 1152 3344 praemio
1165 3273 1282 3329 mundi

229 3347 316 3413 buius
329 3347 419 3405 fuerit
431 3350 469 3406 ab
481 3359 619 3407 aeternae
632 3353 713 3408 illius
725 3354 840 3426 patriae
859 3353 1003 3408 societate
1023 3352 1174 3422 seductus,
1205 3371 1283 3412 eum

228 3431 391 3492 Fabritium
404 3432 541 3490 didicerit
552 3436 643 3490 tantis
661 3435 831 3490 muneribus
845 3433 951 3509 Pyrrhi
971 3437 1050 3514 regis
1066 3434 1281 3512 Epirotarum,

229 3517 372 3590 promissa
386 3519 474 3573 etiam
489 3527 594 3592 quarta
606 3526 690 3590 parte
707 3519 805 3596 regni,
819 3537 836 3574 a
850 3517 983 3574 Romana
1001 3521 1120 3575 civitate
1139 3537 1202 3575 uun
1218 3541 1280 3596 po-

230 3601 322 3654 tuisse
333 3599 447 3672 divelli,
455 3601 553 3674 ibique
559 3602 591 3655 iu
597 3617 648 3654 sua
653 3610 826 3674 paupertate
830 3603 978 3676 privatum
988 3621 1106 3658 manere
1112 3603 1282 3662 maluisset

229 3681 304 3739 Nam
318 3683 390 3738 illud
408 3683 485 3758 quod
497 3681 715 3757 rempublicam,
729 3683 759 3738 id
774 3694 834 3757 est,
848 3703 911 3740 rens
923 3689 1033 3760 pepuli,
1061 3705 1124 3742 rem
1144 3689 1283 3762 patriae,

228 3783 292 3822 reru
311 3783 495 3821 communem
518 3783 584 3820 cum
605 3763 747 3823 baberent
771 3769 1023 3842 opulentissimam
1044 3779 1131 3844 atquc
1156 3767 1285 3830 ditissin

230 3867 316 3920 mam,
331 3849 374 3904 sie
387 3848 444 3920 ipsi
457 3849 489 3904 in
503 3849 563 3902 suis
578 3849 708 3906 domibus
721 3869 863 3926 pauperes
877 3861 972 3924 erant,
989 3863 1023 3908 ut
1036 3851 1154 3929 quidam
1168 3873 1285 3927 aarum
