2586 4396
220 219 282 273 20⁰
446 203 550 264 orvi
571 199 761 260 AVRELH
782 195 1033 258 AVGVSTINI

223 366 320 422 animo
335 360 394 417 diei
420 358 598 432 sapientem,
623 353 666 408 ite
682 351 820 408 muudum
833 349 917 406 deum
932 351 990 408 diei
1004 353 1164 425 obonimo,
1193 374 1267 412 ιιιιιι

224 449 262 503 sit
276 445 426 501 exanimo
441 449 471 496 et
486 455 617 513 eorpore.
661 434 763 492 Solum
783 435 882 508 itaque
904 433 1006 490 mundi
1020 453 1126 510 eorpus
1141 455 1201 492 non
1216 455 1270 496 est

225 531 309 586 deus:
336 525 387 581 sed
401 531 451 580 eut
464 523 526 578 sole
539 522 637 576 ouimu
650 519 731 588 eius,
745 526 796 574 out
809 518 894 572 simul
907 535 1011 590 eorpus
1026 527 1056 574 et
1067 521 1196 591 antinum
1222 524 1270 594 itu

224 622 324 667 tamen,
334 617 369 664 ut
383 625 442 662 uon
456 606 494 660 sit
507 621 524 659 o
538 619 678 676 corpore,
706 600 757 655 sed
780 599 814 654 ob
838 601 934 655 animo
955 601 1036 658 deus.
1080 599 1114 658 Si
1127 620 1198 680 ergo
1213 603 1268 661 le-

224 712 280 751 nus
309 700 354 747 est
378 687 521 758 mundus,
548 694 578 741 et
591 684 663 740 deus
677 691 722 738 est
734 681 838 752 lenus,
864 683 1005 758 numquid
1018 681 1116 741 lovem
1128 695 1161 740 ut
1187 685 1269 743 deus

225 795 289 832 esse
302 774 412 849 possit,
426 771 554 844 eliquom
567 775 680 842 partem
689 765 753 822 Isni
762 783 827 820 esse
839 765 946 844 dicturi
956 763 1045 823 eunti
1072 767 1166 846 Magis
1181 772 1272 827 euim

226 859 289 916 lovi
302 857 473 913 universsuu
486 853 583 908 solent
596 851 741 906 tribuere:
767 847 844 904 unde
859 857 919 918 est,
945 847 1023 907 [ovis
1047 853 1145 906 omnis
1162 854 1271 925 plena.

226 942 307 1018 Ergo
332 948 362 994 et
387 935 501 1004 Iovem,
529 943 564 989 ut
576 933 648 989 deus
663 933 717 1002 sit,
743 941 774 987 et
786 933 912 988 uroxime
925 941 959 988 ut
971 951 1027 989 rex
1040 933 1175 1004 deorum,
1201 954 1273 992 non

226 1025 316 1080 ulium
328 1028 452 1096 possunt
466 1018 636 1073 existimare
649 1033 736 1091 quom
748 1015 903 1086 muudum,
928 1024 962 1072 ut
983 1016 1052 1072 diis·
1065 1017 1190 1072 ooeteris
1215 1037 1272 1074 se-

227 1105 353 1163 eundum
367 1105 440 1159 istos
455 1103 515 1156 suis
536 1099 668 1174 pertibus
691 1107 804 1176 regnet.
848 1097 883 1153 ln
895 1096 971 1154 haue
985 1101 1159 1155 sententiam
1173 1102 1274 1157 etiam

227 1187 367 1264 quosdam
379 1203 482 1242 versus
496 1181 607 1238 Valerii
620 1180 728 1238 Sorani
742 1183 865 1254 exponit
885 1180 963 1236 idem
975 1180 1068 1238 Varro
1082 1184 1160 1238 ineo
1174 1184 1273 1256 libro,

226 1291 314 1347 quem
328 1287 461 1326 seorsum
474 1267 508 1324 eb
523 1267 588 1324 istis
603 1264 639 1322 de
652 1266 734 1322 eultu
747 1264 868 1324 deorum
894 1266 1027 1342 seripsit3
1053 1267 1103 1342 qui
1115 1283 1223 1324 versus
1239 1267 1276 1324 hi

227 1364 310 1412 suut:

310 1435 443 1511 luppiter
457 1437 641 1510 omnipotens
655 1453 760 1512 regum
773 1451 930 1509 rerumque
942 1433 1086 1510 deumque

309 1519 502 1595 Progenitor‚
526 1519 715 1595 genitrixque
729 1517 830 1589 deum,
850 1517 921 1574 deus
934 1537 1024 1588 unus,
1051 1526 1081 1572 et
1094 1519 1201 1572 omnis.

226 1601 579 1677 Exponunturoutemiu
594 1598 695 1656 eodem
713 1599 805 1671 libro,
832 1602 919 1657 itaut
932 1619 998 1658 eum
1022 1619 1133 1656 merem
1157 1602 1276 1659 existi-

227 1693 358 1755 marent,
372 1685 423 1757 qui
437 1701 537 1738 semen
551 1683 715 1753 emitteret,
729 1683 869 1739 serotinam
882 1701 956 1759 quoe
970 1685 1131 1758 oeeiperet3
1149 1682 1275 1742 lovem-

205 1817 208 1824 ,
227 1787 283 1843 que
299 1785 364 1822 esse
377 1765 535 1836 mundum,
555 1774 585 1820 ot
598 1784 666 1821 eum
679 1767 776 1822 omniu
787 1768 899 1823 semiue
915 1785 952 1821 ex
965 1785 998 1822 se
1011 1768 1163 1836 emittere,
1191 1777 1224 1823 et
1241 1771 1277 1826 in

227 1870 259 1906 ιι
271 1851 418 1923 occipere:
444 1849 510 1914 Quo
521 1865 621 1919 eausa,
635 1849 742 1923 inquit,
758 1851 877 1924 scripsit
887 1846 1037 1921 Soranus,
1052 1847 1189 1922 „Iupiter
1199 1869 1276 1924 pro-

228 1934 371 2011 „genitor
396 1931 601 2009 genitrixque:
630 1949 685 1987 nee
710 1934 809 1988 minus
837 1951 903 1987 eum
919 1949 1111 1988 oousouuum
1124 1941 1156 1988 et
1169 1938 1279 1992 omnia

227 2017 327 2088 „idem
341 2029 422 2086 esse3
447 2013 573 2072 mundus
589 2015 668 2071 enim
681 2033 775 2086 unus,
796 2023 826 2070 et
841 2016 873 2071 in
887 2033 921 2072 eo
934 2033 994 2072 uuo
1009 2016 1107 2071 omnio
1119 2018 1230 2072 sunt.“

641 2164 765 2222 CAP.
808 2163 850 2222 X.

488 2261 531 2314 An
541 2260 606 2314 Iani
616 2260 723 2313 etIoos's
733 2269 809 2313 reeta
824 2261 950 2313 ιΓιιιιιιίι
959 2260 1004 2314 sit.

289 2351 364 2409 Cum
377 2347 542 2430 ergolonus
556 2349 681 2407 mundus
696 2353 750 2423 sit,
762 2361 793 2406 et
805 2350 917 2425 iupiter
929 2349 1054 2407 muudus
1068 2351 1118 2422 sit,
1132 2369 1281 2429 unusque

227 2439 267 2492 sit
276 2433 418 2504 mundus,
433 2451 524 2509 quere
535 2433 591 2489 duo
605 2433 646 2489 dii
659 2444 730 2490 sunt
742 2432 831 2492 lenus
845 2444 875 2490 et
885 2429 1012 2508 iupiteri
1038 2435 1136 2500 Quare
1148 2453 1282 2494 seorsus

226 2519 335 2575 habent
346 2518 463 2591 temple,
476 2535 594 2572 seorsus
605 2535 683 2589 oros,
695 2517 913 2588 diversesoera,
924 2515 1078 2573 dissimilia
1088 2518 1283 2576 simulsersi

227 2602 262 2659 Si
274 2611 431 2676 propterea
444 2599 521 2675 quod
534 2601 592 2656 elia
604 2601 650 2657 vis
664 2610 710 2656 est
722 2600 964 2674 primordiorum,
986 2601 1043 2656 olis
1054 2617 1234 2673 esusurum,
1251 2613 1285 2659 et

225 2687 278 2741 ille
290 2683 365 2754 Iani,
380 2686 438 2740 istu
444 2681 523 2739 lovis
537 2701 644 2739 nomen
658 2686 789 2757 oeeepit3
802 2682 945 2757 numquid
955 2684 981 2737 si
991 2700 1067 2738 uuus
1079 2680 1168 2738 homo
1182 2685 1219 2739 in
1232 2685 1285 2740 ‹li-

225 2770 321 2824 versis
334 2767 422 2821 rebus
436 2763 509 2820 dues
522 2763 627 2820 habret
638 2774 799 2838 potestates
814 2775 864 2822 eut
876 2766 947 2821 duos
961 2775 1055 2836 ortes,
1069 2767 1138 2840 quie
1151 2767 1285 2843 singule

225 2869 291 2906 rum
301 2849 418 2904 diverse
429 2847 475 2902 vis
490 2855 546 2916 est,
559 2847 626 2902 ideo
638 2845 696 2902 duo
710 2847 823 2904 iudices
836 2859 889 2905 eut
898 2849 955 2904 duo
966 2848 1107 2904 dicuntur
1117 2849 1285 2906 artifices?

226 2931 278 2987 Sie
293 2947 365 3006 ergo
380 2937 410 2982 et
422 2945 499 2982 unus
514 2927 613 2999 Deus,
632 2947 698 2985 eum
710 2931 773 3004 ipse
785 2930 891 2988 hebeat
903 2939 1078 3004 potestatem
1090 2932 1285 3005 primordio-

225 3031 308 3083 rum,
335 3013 398 3084 ipse
413 3025 583 3082 causarum,
611 3029 679 3068 num
692 3023 849 3087 propterea
861 3016 944 3069 illum
962 3013 1035 3069 duos
1049 3013 1120 3069 deos
1135 3031 1207 3070 esse
1222 3035 1285 3073 ne-

228 3113 311 3151 eesse
326 3102 371 3148 est
383 3093 495 3165 putari,
510 3095 561 3168 qui
573 3096 732 3169 primordio
746 3115 910 3172 oeusoeque
922 3113 970 3151 res
981 3096 1053 3151 duee
1067 3092 1156 3152 suisti
1188 3099 1285 3164 Quod

227 3179 254 3233 si
265 3174 322 3232 hoe
336 3177 447 3232 iustum
458 3183 579 3248 putent,
606 3180 694 3235 etiem
709 3181 806 3254 ipsum
818 3179 916 3236 lovem
928 3187 973 3236 tot
986 3177 1055 3234 deos
1076 3197 1142 3234 esse
1156 3177 1285 3252 dieunt,

228 3267 373 3335 quotquot
398 3259 426 3312 ei
452 3261 631 3336 cognomine
655 3271 775 3337 propter
800 3264 905 3318 multos
932 3269 1093 3334 potestates
1107 3260 1285 3320 dederunt:

225 3344 365 3418 quoniam
388 3357 437 3396 res
464 3359 566 3398 omnes
592 3361 630 3399 ex
656 3345 760 3418 quibus
774 3346 825 3401 ille
839 3345 1016 3423 eognomins
1029 3353 1099 3400 sunt
1125 3343 1285 3418 adhibita,

224 3427 332 3483 multae
345 3435 433 3500 etque
447 3423 581 3482 diversae
595 3435 679 3498 sunt3
702 3444 740 3482 ex
752 3427 856 3502 quibus
868 3445 963 3503 pauos
977 3443 1187 3484 eommemoro.

626 3573 748 3631 CAP.
791 3573 860 3632 xi.

223 3667 266 3721 De
276 3668 479 3740 cognominibus
488 3670 575 3734 Iovis,
594 3683 663 3789 quae
682 3687 736 3723 noo
745 3672 792 3812 pel
809 3673 907 3790 mpptos
918 3673 992 3737 deos,
1012 3673 1105 3726 sedod
1113 3690 1203 3727 ιιιιιιιη
1214 3693 1281 3729 essm

614 3753 705 3805 eosque
721 3756 750 3791 re
767 3755 833 3792 erun
867 3757 891 3792 r.

287 3841 438 3899 Dixerunt
461 3863 528 3900 eum
551 3843 716 3918 Victorem,
742 3843 904 3921 invicem,
931 3847 1096 3923 Opitulum,
1126 3848 1285 3925 impulso·
