<?xml version="1.0" encoding="UTF-8"?>
<!DOCTYPE html PUBLIC "-//W3C//DTD XHTML 1.0 Transitional//EN"
    "http://www.w3.org/TR/xhtml1/DTD/xhtml1-transitional.dtd">
<html xmlns="http://www.w3.org/1999/xhtml" xml:lang="en" lang="en">
 <head>
  <title>
</title>
<meta http-equiv="Content-Type" content="text/html;charset=utf-8" />
  <meta name='ocr-system' content='tesseract 3.04.00' />
  <meta name='ocr-capabilities' content='ocr_page ocr_carea ocr_par ocr_line ocrx_word'/>
</head>
<body>
  <div class='ocr_page' id='page_1' title='image "./saureliiaugusti02augugoog_0222.png"; bbox 0 0 2586 4396; ppageno 0'>
   <div class='ocr_carea' id='block_1_1' title="bbox 266 199 1189 265">
    <p class='ocr_par' dir='ltr' id='par_1_1' title="bbox 266 199 1189 265">
     <span class='ocr_line' id='line_1_1' title="bbox 266 199 1189 265; baseline -0.008 1"><span class='ocrx_word' id='word_1_1' title='bbox 266 203 328 265; x_wconf 82' lang='lat' dir='ltr'><strong>DE</strong></span> <span class='ocrx_word' id='word_1_2' title='bbox 356 199 572 263; x_wconf 83' lang='lat' dir='ltr'><strong>ClVlTllTE</strong></span> <span class='ocrx_word' id='word_1_3' title='bbox 598 199 676 259; x_wconf 86' lang='lat' dir='ltr'><strong>DEl</strong></span> <span class='ocrx_word' id='word_1_4' title='bbox 701 201 781 260; x_wconf 76' lang='lat' dir='ltr'><strong>alu.</strong></span> <span class='ocrx_word' id='word_1_5' title='bbox 804 203 876 261; x_wconf 92' lang='lat' dir='ltr'><strong>Vll.</strong></span> <span class='ocrx_word' id='word_1_6' title='bbox 1031 202 1093 262; x_wconf 76' lang='lat'><strong>217</strong></span> <span class='ocrx_word' id='word_1_7' title='bbox 1185 227 1189 244; x_wconf 90' lang='lat'><strong>·</strong></span> 
     </span>
    </p>
   </div>
   <div class='ocr_carea' id='block_1_2' title="bbox 37 353 1104 3453">
    <p class='ocr_par' dir='ltr' id='par_1_2' title="bbox 37 353 1104 3453">
     <span class='ocr_line' id='line_1_2' title="bbox 46 353 1093 442; baseline -0.014 -17"><span class='ocrx_word' id='word_1_8' title='bbox 46 377 166 442; x_wconf 71' lang='lat' dir='ltr'><strong>„stresz</strong></span> <span class='ocrx_word' id='word_1_9' title='bbox 199 370 236 418; x_wconf 89' lang='lat' dir='ltr'><strong>at</strong></span> <span class='ocrx_word' id='word_1_10' title='bbox 250 359 284 416; x_wconf 91' lang='lat' dir='ltr'><strong>in</strong></span> <span class='ocrx_word' id='word_1_11' title='bbox 298 354 496 431; x_wconf 88' lang='lat' dir='ltr'><strong>superioribus</strong></span> <span class='ocrx_word' id='word_1_12' title='bbox 510 355 627 411; x_wconf 89' lang='lat' dir='ltr'><strong>initium</strong></span> <span class='ocrx_word' id='word_1_13' title='bbox 640 353 763 410; x_wconf 80' lang='lat' dir='ltr'><strong>fecimus</strong></span> <span class='ocrx_word' id='word_1_14' title='bbox 782 373 798 410; x_wconf 88' lang='lat' dir='ltr'><strong>a</strong></span> <span class='ocrx_word' id='word_1_15' title='bbox 813 357 911 426; x_wconf 90' lang='lat' dir='ltr'><strong>coelo,</strong></span> <span class='ocrx_word' id='word_1_16' title='bbox 938 373 1003 412; x_wconf 89' lang='lat' dir='ltr'><strong>cum</strong></span> <span class='ocrx_word' id='word_1_17' title='bbox 1015 355 1093 412; x_wconf 83' lang='lat' dir='ltr'><strong>dixi-</strong></span> 
     </span>
     <span class='ocr_line' id='line_1_3' title="bbox 42 438 1093 526; baseline -0.012 -19"><span class='ocrx_word' id='word_1_18' title='bbox 42 469 133 526; x_wconf 86' lang='lat' dir='ltr'><strong>„mus</strong></span> <span class='ocrx_word' id='word_1_19' title='bbox 148 445 191 504; x_wconf 88' lang='lat' dir='ltr'><strong>de</strong></span> <span class='ocrx_word' id='word_1_20' title='bbox 208 443 301 514; x_wconf 81' lang='lat' dir='ltr'><strong>lano,</strong></span> <span class='ocrx_word' id='word_1_21' title='bbox 324 459 408 517; x_wconf 89' lang='lat' dir='ltr'><strong>quem</strong></span> <span class='ocrx_word' id='word_1_22' title='bbox 421 440 472 495; x_wconf 84' lang='lat' dir='ltr'><strong>alii</strong></span> <span class='ocrx_word' id='word_1_23' title='bbox 485 439 613 509; x_wconf 89' lang='lat' dir='ltr'><strong>coelum,</strong></span> <span class='ocrx_word' id='word_1_24' title='bbox 638 439 691 494; x_wconf 90' lang='lat' dir='ltr'><strong>alii</strong></span> <span class='ocrx_word' id='word_1_25' title='bbox 704 438 844 494; x_wconf 83' lang='lat' dir='ltr'><strong>dixerunt</strong></span> <span class='ocrx_word' id='word_1_26' title='bbox 861 457 925 494; x_wconf 89' lang='lat' dir='ltr'><strong>esse</strong></span> <span class='ocrx_word' id='word_1_27' title='bbox 938 439 1093 508; x_wconf 64' lang='lat' dir='ltr'><strong>mundum</strong></span> 
     </span>
     <span class='ocr_line' id='line_1_4' title="bbox 40 519 1093 607; baseline -0.012 -16"><span class='ocrx_word' id='word_1_28' title='bbox 40 537 105 607; x_wconf 89' lang='lat' dir='ltr'><strong>„sio</strong></span> <span class='ocrx_word' id='word_1_29' title='bbox 121 531 162 588; x_wconf 88' lang='lat' dir='ltr'><strong>de</strong></span> <span class='ocrx_word' id='word_1_30' title='bbox 176 528 305 585; x_wconf 84' lang='lat' dir='ltr'><strong>feminis</strong></span> <span class='ocrx_word' id='word_1_31' title='bbox 319 526 436 580; x_wconf 90' lang='lat' dir='ltr'><strong>initium</strong></span> <span class='ocrx_word' id='word_1_32' title='bbox 450 521 597 578; x_wconf 89' lang='lat' dir='ltr'><strong>scribendi</strong></span> <span class='ocrx_word' id='word_1_33' title='bbox 616 521 739 578; x_wconf 83' lang='lat' dir='ltr'><strong>facimus</strong></span> <span class='ocrx_word' id='word_1_34' title='bbox 759 541 776 578; x_wconf 88' lang='lat' dir='ltr'><strong>a</strong></span> <span class='ocrx_word' id='word_1_35' title='bbox 795 519 946 578; x_wconf 86' lang='lat' dir='ltr'><strong>Tellure.“</strong></span> <span class='ocrx_word' id='word_1_36' title='bbox 989 520 1093 579; x_wconf 79' lang='lat' dir='ltr'>Sentio</span> 
     </span>
     <span class='ocr_line' id='line_1_5' title="bbox 38 603 1094 695; baseline -0.014 -20"><span class='ocrx_word' id='word_1_37' title='bbox 38 625 191 695; x_wconf 76' lang='lat' dir='ltr'><strong>quantem</strong></span> <span class='ocrx_word' id='word_1_38' title='bbox 207 610 375 667; x_wconf 75' lang='lat' dir='ltr'><strong>molestiam</strong></span> <span class='ocrx_word' id='word_1_39' title='bbox 388 607 447 662; x_wconf 83' lang='lat' dir='ltr'><strong>tale</strong></span> <span class='ocrx_word' id='word_1_40' title='bbox 460 625 495 662; x_wconf 88' lang='lat' dir='ltr'><strong>ae</strong></span> <span class='ocrx_word' id='word_1_41' title='bbox 508 613 622 662; x_wconf 82' lang='lat' dir='ltr'><strong>tontum</strong></span> <span class='ocrx_word' id='word_1_42' title='bbox 634 607 762 678; x_wconf 88' lang='lat' dir='ltr'><strong>patiatur</strong></span> <span class='ocrx_word' id='word_1_43' title='bbox 775 606 938 684; x_wconf 77' lang='lat' dir='ltr'><strong>ingenium.</strong></span> <span class='ocrx_word' id='word_1_44' title='bbox 968 603 1094 661; x_wconf 78' lang='lat' dir='ltr'><strong>Ducitur</strong></span> 
     </span>
     <span class='ocr_line' id='line_1_6' title="bbox 38 687 1093 776; baseline -0.015 -17"><span class='ocrx_word' id='word_1_45' title='bbox 38 705 120 759; x_wconf 89' lang='lat' dir='ltr'><strong>enim</strong></span> <span class='ocrx_word' id='word_1_46' title='bbox 135 696 275 776; x_wconf 85' lang='lat' dir='ltr'><strong>quadam</strong></span> <span class='ocrx_word' id='word_1_47' title='bbox 288 694 403 749; x_wconf 82' lang='lat' dir='ltr'><strong>ratione</strong></span> <span class='ocrx_word' id='word_1_48' title='bbox 416 691 586 761; x_wconf 80' lang='lat' dir='ltr'><strong>verisimili,</strong></span> <span class='ocrx_word' id='word_1_49' title='bbox 613 691 726 745; x_wconf 90' lang='lat' dir='ltr'><strong>coelum</strong></span> <span class='ocrx_word' id='word_1_50' title='bbox 743 707 807 745; x_wconf 89' lang='lat' dir='ltr'><strong>esse</strong></span> <span class='ocrx_word' id='word_1_51' title='bbox 821 687 899 764; x_wconf 90' lang='lat' dir='ltr'><strong>quod</strong></span> <span class='ocrx_word' id='word_1_52' title='bbox 912 688 1019 759; x_wconf 80' lang='lat' dir='ltr'><strong>faciat,</strong></span> <span class='ocrx_word' id='word_1_53' title='bbox 1033 697 1093 743; x_wconf 92' lang='lat' dir='ltr'><strong>tcr-</strong></span> 
     </span>
     <span class='ocr_line' id='line_1_7' title="bbox 37 759 1094 858; baseline -0.015 -16"><span class='ocrx_word' id='word_1_54' title='bbox 37 806 101 842; x_wconf 78' lang='lat' dir='ltr'><strong>rans</strong></span> <span class='ocrx_word' id='word_1_55' title='bbox 117 801 205 858; x_wconf 81' lang='lat' dir='ltr'><strong>quae</strong></span> <span class='ocrx_word' id='word_1_56' title='bbox 219 780 367 855; x_wconf 77' lang='lat' dir='ltr'><strong>patiatur3</strong></span> <span class='ocrx_word' id='word_1_57' title='bbox 382 783 413 830; x_wconf 90' lang='lat' dir='ltr'><strong>et</strong></span> <span class='ocrx_word' id='word_1_58' title='bbox 424 771 490 830; x_wconf 88' lang='lat' dir='ltr'><strong>ideo</strong></span> <span class='ocrx_word' id='word_1_59' title='bbox 504 775 548 828; x_wconf 95' lang='lat' dir='ltr'><strong>illi</strong></span> <span class='ocrx_word' id='word_1_60' title='bbox 560 775 751 830; x_wconf 80' lang='lat' dir='ltr'><strong>masculinam</strong></span> <span class='ocrx_word' id='word_1_61' title='bbox 763 774 823 830; x_wconf 82' lang='lat' dir='ltr'><strong>vim</strong></span> <span class='ocrx_word' id='word_1_62' title='bbox 836 759 955 844; x_wconf 82' lang='lat' dir='ltr'><strong>tribuit,</strong></span> <span class='ocrx_word' id='word_1_63' title='bbox 968 770 1037 828; x_wconf 90' lang='lat' dir='ltr'><strong>huic</strong></span> <span class='ocrx_word' id='word_1_64' title='bbox 1050 771 1094 826; x_wconf 85' lang='lat' dir='ltr'><strong>ie-</strong></span> 
     </span>
     <span class='ocr_line' id='line_1_8' title="bbox 40 855 1096 932; baseline -0.014 -7"><span class='ocrx_word' id='word_1_65' title='bbox 40 871 210 925; x_wconf 81' lang='lat' dir='ltr'><strong>mininam:</strong></span> <span class='ocrx_word' id='word_1_66' title='bbox 240 871 272 918; x_wconf 89' lang='lat' dir='ltr'><strong>et</strong></span> <span class='ocrx_word' id='word_1_67' title='bbox 284 877 345 918; x_wconf 93' lang='lat' dir='ltr'><strong>non</strong></span> <span class='ocrx_word' id='word_1_68' title='bbox 359 855 486 916; x_wconf 84' lang='lat' dir='ltr'><strong>attendit</strong></span> <span class='ocrx_word' id='word_1_69' title='bbox 498 875 563 914; x_wconf 89' lang='lat' dir='ltr'><strong>eum</strong></span> <span class='ocrx_word' id='word_1_70' title='bbox 581 859 677 931; x_wconf 80' lang='lat' dir='ltr'><strong>potius</strong></span> <span class='ocrx_word' id='word_1_71' title='bbox 692 875 757 914; x_wconf 88' lang='lat' dir='ltr'><strong>esse</strong></span> <span class='ocrx_word' id='word_1_72' title='bbox 770 859 822 932; x_wconf 89' lang='lat' dir='ltr'><strong>qui</strong></span> <span class='ocrx_word' id='word_1_73' title='bbox 839 855 912 912; x_wconf 78' lang='lat' dir='ltr'><strong>haec</strong></span> <span class='ocrx_word' id='word_1_74' title='bbox 925 856 1014 928; x_wconf 82' lang='lat' dir='ltr'><strong>iecit,</strong></span> <span class='ocrx_word' id='word_1_75' title='bbox 1044 856 1096 930; x_wconf 86' lang='lat' dir='ltr'><strong>qui</strong></span> 
     </span>
     <span class='ocr_line' id='line_1_9' title="bbox 41 939 1095 1026; baseline -0.016 -16"><span class='ocrx_word' id='word_1_76' title='bbox 41 963 210 1026; x_wconf 85' lang='lat' dir='ltr'><strong>utrumque</strong></span> <span class='ocrx_word' id='word_1_77' title='bbox 232 947 316 1006; x_wconf 85' lang='lat' dir='ltr'><strong>fecit.</strong></span> <span class='ocrx_word' id='word_1_78' title='bbox 359 941 440 998; x_wconf 89' lang='lat' dir='ltr'><strong>Hinc</strong></span> <span class='ocrx_word' id='word_1_79' title='bbox 453 943 540 997; x_wconf 85' lang='lat' dir='ltr'><strong>etiam</strong></span> <span class='ocrx_word' id='word_1_80' title='bbox 553 939 773 998; x_wconf 82' lang='lat' dir='ltr'><strong>Samothracum</strong></span> <span class='ocrx_word' id='word_1_81' title='bbox 785 941 897 998; x_wconf 91' lang='lat' dir='ltr'><strong>nobilia</strong></span> <span class='ocrx_word' id='word_1_82' title='bbox 909 940 1050 1017; x_wconf 86' lang='lat' dir='ltr'><strong>mysteria</strong></span> <span class='ocrx_word' id='word_1_83' title='bbox 1062 941 1095 994; x_wconf 89' lang='lat' dir='ltr'><strong>in</strong></span> 
     </span>
     <span class='ocr_line' id='line_1_10' title="bbox 40 1025 1096 1110; baseline -0.014 -17"><span class='ocrx_word' id='word_1_84' title='bbox 40 1037 207 1110; x_wconf 71' lang='lat' dir='ltr'><strong>superiore</strong></span> <span class='ocrx_word' id='word_1_85' title='bbox 220 1030 302 1087; x_wconf 87' lang='lat' dir='ltr'><strong>libro</strong></span> <span class='ocrx_word' id='word_1_86' title='bbox 321 1029 364 1084; x_wconf 84' lang='lat' dir='ltr'><strong>sie</strong></span> <span class='ocrx_word' id='word_1_87' title='bbox 381 1027 609 1100; x_wconf 86' lang='lat' dir='ltr'><strong>interpretatur,</strong></span> <span class='ocrx_word' id='word_1_88' title='bbox 637 1043 730 1101; x_wconf 86' lang='lat' dir='ltr'><strong>eaque</strong></span> <span class='ocrx_word' id='word_1_89' title='bbox 749 1043 781 1081; x_wconf 89' lang='lat' dir='ltr'><strong>se</strong></span> <span class='ocrx_word' id='word_1_90' title='bbox 794 1043 868 1100; x_wconf 77' lang='lat' dir='ltr'><strong>quae</strong></span> <span class='ocrx_word' id='word_1_91' title='bbox 881 1043 937 1081; x_wconf 90' lang='lat' dir='ltr'><strong>nec</strong></span> <span class='ocrx_word' id='word_1_92' title='bbox 949 1025 1011 1080; x_wconf 88' lang='lat' dir='ltr'><strong>suis</strong></span> <span class='ocrx_word' id='word_1_93' title='bbox 1025 1033 1096 1079; x_wconf 85' lang='lat' dir='ltr'><strong>nota</strong></span> 
     </span>
     <span class='ocr_line' id='line_1_11' title="bbox 39 1108 1095 1186; baseline -0.014 -9"><span class='ocrx_word' id='word_1_94' title='bbox 39 1129 113 1176; x_wconf 86' lang='lat' dir='ltr'><strong>sunt</strong></span> <span class='ocrx_word' id='word_1_95' title='bbox 126 1113 296 1174; x_wconf 80' lang='lat' dir='ltr'><strong>scribendo</strong></span> <span class='ocrx_word' id='word_1_96' title='bbox 311 1111 512 1184; x_wconf 86' lang='lat' dir='ltr'><strong>expositurum</strong></span> <span class='ocrx_word' id='word_1_97' title='bbox 526 1110 625 1184; x_wconf 88' lang='lat' dir='ltr'><strong>eisque</strong></span> <span class='ocrx_word' id='word_1_98' title='bbox 637 1110 797 1165; x_wconf 84' lang='lat' dir='ltr'><strong>missurum</strong></span> <span class='ocrx_word' id='word_1_99' title='bbox 809 1109 892 1184; x_wconf 84' lang='lat' dir='ltr'><strong>quasi</strong></span> <span class='ocrx_word' id='word_1_100' title='bbox 904 1108 1095 1186; x_wconf 84' lang='lat' dir='ltr'><strong>religiosissi-</strong></span> 
     </span>
     <span class='ocr_line' id='line_1_12' title="bbox 41 1192 1095 1278; baseline -0.012 -19"><span class='ocrx_word' id='word_1_101' title='bbox 41 1225 87 1260; x_wconf 86' lang='lat' dir='ltr'><strong>me</strong></span> <span class='ocrx_word' id='word_1_102' title='bbox 100 1203 283 1278; x_wconf 87' lang='lat' dir='ltr'><strong>pollicetur.</strong></span> <span class='ocrx_word' id='word_1_103' title='bbox 326 1194 409 1252; x_wconf 80' lang='lat' dir='ltr'><strong>Dicit</strong></span> <span class='ocrx_word' id='word_1_104' title='bbox 430 1194 522 1264; x_wconf 89' lang='lat' dir='ltr'><strong>enim,</strong></span> <span class='ocrx_word' id='word_1_105' title='bbox 549 1211 582 1248; x_wconf 89' lang='lat' dir='ltr'><strong>se</strong></span> <span class='ocrx_word' id='word_1_106' title='bbox 594 1193 637 1248; x_wconf 94' lang='lat' dir='ltr'><strong>ibi</strong></span> <span class='ocrx_word' id='word_1_107' title='bbox 649 1194 748 1248; x_wconf 90' lang='lat' dir='ltr'><strong>multis</strong></span> <span class='ocrx_word' id='word_1_108' title='bbox 762 1192 881 1248; x_wconf 89' lang='lat' dir='ltr'><strong>indiciis</strong></span> <span class='ocrx_word' id='word_1_109' title='bbox 895 1192 1051 1268; x_wconf 76' lang='lat' dir='ltr'><strong>collegisse</strong></span> <span class='ocrx_word' id='word_1_110' title='bbox 1063 1192 1095 1246; x_wconf 88' lang='lat' dir='ltr'><strong>in</strong></span> 
     </span>
     <span class='ocr_line' id='line_1_13' title="bbox 42 1273 1096 1356; baseline -0.015 -12"><span class='ocrx_word' id='word_1_111' title='bbox 42 1285 221 1344; x_wconf 83' lang='lat' dir='ltr'><strong>simulacris</strong></span> <span class='ocrx_word' id='word_1_112' title='bbox 236 1278 320 1338; x_wconf 81' lang='lat' dir='ltr'><strong>aliud</strong></span> <span class='ocrx_word' id='word_1_113' title='bbox 333 1277 502 1356; x_wconf 87' lang='lat' dir='ltr'><strong>significare</strong></span> <span class='ocrx_word' id='word_1_114' title='bbox 516 1278 647 1347; x_wconf 88' lang='lat' dir='ltr'><strong>coelum,</strong></span> <span class='ocrx_word' id='word_1_115' title='bbox 665 1275 745 1332; x_wconf 76' lang='lat' dir='ltr'><strong>eliud</strong></span> <span class='ocrx_word' id='word_1_116' title='bbox 758 1284 883 1345; x_wconf 88' lang='lat' dir='ltr'><strong>terram,</strong></span> <span class='ocrx_word' id='word_1_117' title='bbox 903 1273 982 1330; x_wconf 87' lang='lat' dir='ltr'><strong>aliud</strong></span> <span class='ocrx_word' id='word_1_118' title='bbox 997 1291 1096 1328; x_wconf 85' lang='lat' dir='ltr'><strong>exem-</strong></span> 
     </span>
     <span class='ocr_line' id='line_1_14' title="bbox 43 1356 1099 1448; baseline -0.017 -20"><span class='ocrx_word' id='word_1_119' title='bbox 43 1375 97 1448; x_wconf 83' lang='lat' dir='ltr'><strong>pla</strong></span> <span class='ocrx_word' id='word_1_120' title='bbox 114 1387 239 1437; x_wconf 80' lang='lat' dir='ltr'><strong>return,</strong></span> <span class='ocrx_word' id='word_1_121' title='bbox 268 1381 340 1439; x_wconf 87' lang='lat' dir='ltr'><strong>quas</strong></span> <span class='ocrx_word' id='word_1_122' title='bbox 359 1361 442 1418; x_wconf 87' lang='lat' dir='ltr'><strong>Plato</strong></span> <span class='ocrx_word' id='word_1_123' title='bbox 460 1361 588 1436; x_wconf 82' lang='lat' dir='ltr'><strong>appellet</strong></span> <span class='ocrx_word' id='word_1_124' title='bbox 606 1359 701 1415; x_wconf 88' lang='lat' dir='ltr'><strong>ideas:</strong></span> <span class='ocrx_word' id='word_1_125' title='bbox 728 1360 841 1414; x_wconf 89' lang='lat' dir='ltr'><strong>coelum</strong></span> <span class='ocrx_word' id='word_1_126' title='bbox 854 1356 969 1427; x_wconf 85' lang='lat' dir='ltr'><strong>lovem,</strong></span> <span class='ocrx_word' id='word_1_127' title='bbox 989 1363 1099 1411; x_wconf 87' lang='lat' dir='ltr'><strong>terram</strong></span> 
     </span>
     <span class='ocr_line' id='line_1_15' title="bbox 47 1438 1098 1522; baseline -0.017 -10"><span class='ocrx_word' id='word_1_128' title='bbox 47 1456 216 1522; x_wconf 88' lang='lat' dir='ltr'><strong>lunonem,</strong></span> <span class='ocrx_word' id='word_1_129' title='bbox 229 1449 315 1505; x_wconf 81' lang='lat' dir='ltr'><strong>ideas</strong></span> <span class='ocrx_word' id='word_1_130' title='bbox 327 1443 490 1503; x_wconf 78' lang='lat' dir='ltr'><strong>Minervam</strong></span> <span class='ocrx_word' id='word_1_131' title='bbox 502 1444 567 1501; x_wconf 85' lang='lat' dir='ltr'><strong>vult</strong></span> <span class='ocrx_word' id='word_1_132' title='bbox 579 1444 720 1520; x_wconf 81' lang='lat' dir='ltr'><strong>intelligi:</strong></span> <span class='ocrx_word' id='word_1_133' title='bbox 750 1443 864 1498; x_wconf 88' lang='lat' dir='ltr'><strong>coelum</strong></span> <span class='ocrx_word' id='word_1_134' title='bbox 877 1459 895 1497; x_wconf 85' lang='lat' dir='ltr'><strong>a</strong></span> <span class='ocrx_word' id='word_1_135' title='bbox 908 1457 965 1516; x_wconf 88' lang='lat' dir='ltr'><strong>quo</strong></span> <span class='ocrx_word' id='word_1_136' title='bbox 979 1438 1032 1496; x_wconf 74' lang='lat' dir='ltr'><strong>fist</strong></span> <span class='ocrx_word' id='word_1_137' title='bbox 1044 1440 1098 1495; x_wconf 82' lang='lat' dir='ltr'><strong>eli-</strong></span> 
     </span>
     <span class='ocr_line' id='line_1_16' title="bbox 44 1523 1100 1616; baseline -0.016 -20"><span class='ocrx_word' id='word_1_138' title='bbox 44 1538 141 1616; x_wconf 88' lang='lat' dir='ltr'><strong>quid,</strong></span> <span class='ocrx_word' id='word_1_139' title='bbox 168 1547 283 1592; x_wconf 85' lang='lat' dir='ltr'><strong>terram</strong></span> <span class='ocrx_word' id='word_1_140' title='bbox 296 1531 333 1586; x_wconf 91' lang='lat' dir='ltr'><strong>de</strong></span> <span class='ocrx_word' id='word_1_141' title='bbox 347 1547 404 1606; x_wconf 85' lang='lat' dir='ltr'><strong>qua</strong></span> <span class='ocrx_word' id='word_1_142' title='bbox 417 1529 485 1600; x_wconf 87' lang='lat' dir='ltr'><strong>fiat,</strong></span> <span class='ocrx_word' id='word_1_143' title='bbox 509 1527 674 1601; x_wconf 82' lang='lat' dir='ltr'><strong>exemplum</strong></span> <span class='ocrx_word' id='word_1_144' title='bbox 687 1525 846 1582; x_wconf 89' lang='lat' dir='ltr'><strong>secundum</strong></span> <span class='ocrx_word' id='word_1_145' title='bbox 859 1524 936 1602; x_wconf 88' lang='lat' dir='ltr'><strong>qnod</strong></span> <span class='ocrx_word' id='word_1_146' title='bbox 949 1523 1009 1579; x_wconf 89' lang='lat' dir='ltr'><strong>liat.</strong></span> <span class='ocrx_word' id='word_1_147' title='bbox 1035 1524 1100 1590; x_wconf 74' lang='lat' dir='ltr'><strong>Qua</strong></span> 
     </span>
     <span class='ocr_line' id='line_1_17' title="bbox 44 1605 1099 1690; baseline -0.018 -10"><span class='ocrx_word' id='word_1_148' title='bbox 44 1627 77 1680; x_wconf 91' lang='lat' dir='ltr'><strong>in</strong></span> <span class='ocrx_word' id='word_1_149' title='bbox 93 1643 131 1678; x_wconf 88' lang='lat' dir='ltr'><strong>re</strong></span> <span class='ocrx_word' id='word_1_150' title='bbox 145 1621 256 1678; x_wconf 87' lang='lat' dir='ltr'><strong>omitto</strong></span> <span class='ocrx_word' id='word_1_151' title='bbox 271 1617 385 1686; x_wconf 87' lang='lat' dir='ltr'><strong>dicere,</strong></span> <span class='ocrx_word' id='word_1_152' title='bbox 412 1613 488 1690; x_wconf 90' lang='lat' dir='ltr'><strong>quod</strong></span> <span class='ocrx_word' id='word_1_153' title='bbox 506 1610 589 1668; x_wconf 85' lang='lat' dir='ltr'><strong>Plato</strong></span> <span class='ocrx_word' id='word_1_154' title='bbox 608 1612 674 1668; x_wconf 86' lang='lat' dir='ltr'><strong>illas</strong></span> <span class='ocrx_word' id='word_1_155' title='bbox 692 1611 773 1667; x_wconf 86' lang='lat' dir='ltr'><strong>ideas</strong></span> <span class='ocrx_word' id='word_1_156' title='bbox 791 1619 904 1666; x_wconf 84' lang='lat' dir='ltr'><strong>tantam</strong></span> <span class='ocrx_word' id='word_1_157' title='bbox 921 1609 980 1664; x_wconf 81' lang='lat' dir='ltr'><strong>sins</strong></span> <span class='ocrx_word' id='word_1_158' title='bbox 992 1605 1099 1664; x_wconf 82' lang='lat' dir='ltr'><strong>bebere</strong></span> 
     </span>
     <span class='ocr_line' id='line_1_18' title="bbox 45 1688 1100 1778; baseline -0.019 -13"><span class='ocrx_word' id='word_1_159' title='bbox 45 1710 139 1778; x_wconf 90' lang='lat' dir='ltr'><strong>dicit,</strong></span> <span class='ocrx_word' id='word_1_160' title='bbox 168 1713 207 1761; x_wconf 90' lang='lat' dir='ltr'><strong>ut</strong></span> <span class='ocrx_word' id='word_1_161' title='bbox 219 1700 384 1758; x_wconf 89' lang='lat' dir='ltr'><strong>secundum</strong></span> <span class='ocrx_word' id='word_1_162' title='bbox 397 1715 446 1754; x_wconf 85' lang='lat' dir='ltr'><strong>eas</strong></span> <span class='ocrx_word' id='word_1_163' title='bbox 460 1715 520 1754; x_wconf 92' lang='lat' dir='ltr'><strong>non</strong></span> <span class='ocrx_word' id='word_1_164' title='bbox 535 1695 649 1751; x_wconf 89' lang='lat' dir='ltr'><strong>coelum</strong></span> <span class='ocrx_word' id='word_1_165' title='bbox 666 1693 776 1770; x_wconf 79' lang='lat' dir='ltr'><strong>aliquid</strong></span> <span class='ocrx_word' id='word_1_166' title='bbox 794 1693 916 1764; x_wconf 89' lang='lat' dir='ltr'><strong>iecerit,</strong></span> <span class='ocrx_word' id='word_1_167' title='bbox 942 1688 994 1748; x_wconf 90' lang='lat' dir='ltr'><strong>sed</strong></span> <span class='ocrx_word' id='word_1_168' title='bbox 1012 1691 1100 1747; x_wconf 87' lang='lat' dir='ltr'><strong>etiam</strong></span> 
     </span>
     <span class='ocr_line' id='line_1_19' title="bbox 46 1774 1099 1852; baseline -0.021 -2"><span class='ocrx_word' id='word_1_169' title='bbox 46 1794 167 1850; x_wconf 89' lang='lat' dir='ltr'><strong>coelum</strong></span> <span class='ocrx_word' id='word_1_170' title='bbox 181 1789 301 1844; x_wconf 81' lang='lat' dir='ltr'><strong>factum</strong></span> <span class='ocrx_word' id='word_1_171' title='bbox 316 1785 363 1840; x_wconf 88' lang='lat' dir='ltr'><strong>sit.</strong></span> <span class='ocrx_word' id='word_1_172' title='bbox 406 1779 472 1840; x_wconf 90' lang='lat' dir='ltr'><strong>Hoe</strong></span> <span class='ocrx_word' id='word_1_173' title='bbox 490 1781 573 1852; x_wconf 92' lang='lat' dir='ltr'><strong>dico,</strong></span> <span class='ocrx_word' id='word_1_174' title='bbox 601 1779 690 1836; x_wconf 89' lang='lat' dir='ltr'><strong>istum</strong></span> <span class='ocrx_word' id='word_1_175' title='bbox 702 1780 734 1835; x_wconf 91' lang='lat' dir='ltr'><strong>in</strong></span> <span class='ocrx_word' id='word_1_176' title='bbox 752 1778 826 1834; x_wconf 88' lang='lat' dir='ltr'><strong>libro</strong></span> <span class='ocrx_word' id='word_1_177' title='bbox 839 1779 1016 1834; x_wconf 87' lang='lat' dir='ltr'><strong>selectorum</strong></span> <span class='ocrx_word' id='word_1_178' title='bbox 1029 1774 1099 1830; x_wconf 87' lang='lat' dir='ltr'><strong>deo-</strong></span> 
     </span>
     <span class='ocr_line' id='line_1_20' title="bbox 44 1859 1099 1940; baseline -0.022 -5"><span class='ocrx_word' id='word_1_179' title='bbox 44 1897 113 1934; x_wconf 84' lang='lat' dir='ltr'><strong>rum</strong></span> <span class='ocrx_word' id='word_1_180' title='bbox 126 1874 284 1931; x_wconf 84' lang='lat' dir='ltr'><strong>rationem</strong></span> <span class='ocrx_word' id='word_1_181' title='bbox 296 1869 378 1924; x_wconf 85' lang='lat' dir='ltr'><strong>illem</strong></span> <span class='ocrx_word' id='word_1_182' title='bbox 392 1868 480 1922; x_wconf 90' lang='lat' dir='ltr'><strong>trium</strong></span> <span class='ocrx_word' id='word_1_183' title='bbox 493 1865 625 1935; x_wconf 88' lang='lat' dir='ltr'><strong>deorum,</strong></span> <span class='ocrx_word' id='word_1_184' title='bbox 639 1863 743 1940; x_wconf 89' lang='lat' dir='ltr'><strong>quibus</strong></span> <span class='ocrx_word' id='word_1_185' title='bbox 756 1864 839 1939; x_wconf 82' lang='lat' dir='ltr'><strong>quasi</strong></span> <span class='ocrx_word' id='word_1_186' title='bbox 852 1869 959 1918; x_wconf 82' lang='lat' dir='ltr'><strong>cuneta</strong></span> <span class='ocrx_word' id='word_1_187' title='bbox 972 1859 1099 1933; x_wconf 86' lang='lat' dir='ltr'><strong>comple-</strong></span> 
     </span>
     <span class='ocr_line' id='line_1_21' title="bbox 44 1941 1099 2030; baseline -0.023 -11"><span class='ocrx_word' id='word_1_188' title='bbox 44 1981 103 2019; x_wconf 75' lang='lat' dir='ltr'><strong>xus</strong></span> <span class='ocrx_word' id='word_1_189' title='bbox 119 1968 189 2029; x_wconf 80' lang='lat' dir='ltr'><strong>est,</strong></span> <span class='ocrx_word' id='word_1_190' title='bbox 217 1952 391 2030; x_wconf 84' lang='lat' dir='ltr'><strong>perdidisse.</strong></span> <span class='ocrx_word' id='word_1_191' title='bbox 436 1949 524 2008; x_wconf 84' lang='lat' dir='ltr'><strong>Coelo</strong></span> <span class='ocrx_word' id='word_1_192' title='bbox 538 1949 617 2006; x_wconf 90' lang='lat' dir='ltr'><strong>enim</strong></span> <span class='ocrx_word' id='word_1_193' title='bbox 628 1945 733 2004; x_wconf 87' lang='lat' dir='ltr'><strong>tribuit</strong></span> <span class='ocrx_word' id='word_1_194' title='bbox 744 1945 888 2004; x_wconf 77' lang='lat' dir='ltr'><strong>maraculo</strong></span> <span class='ocrx_word' id='word_1_195' title='bbox 903 1943 989 2014; x_wconf 85' lang='lat' dir='ltr'><strong>deos,</strong></span> <span class='ocrx_word' id='word_1_196' title='bbox 1014 1941 1099 1998; x_wconf 83' lang='lat' dir='ltr'><strong>femi-</strong></span> 
     </span>
     <span class='ocr_line' id='line_1_22' title="bbox 45 2027 1101 2110; baseline -0.024 -6"><span class='ocrx_word' id='word_1_197' title='bbox 45 2065 100 2104; x_wconf 86' lang='lat' dir='ltr'><strong>nas</strong></span> <span class='ocrx_word' id='word_1_198' title='bbox 120 2053 246 2100; x_wconf 81' lang='lat' dir='ltr'><strong>terroe:</strong></span> <span class='ocrx_word' id='word_1_199' title='bbox 273 2039 353 2092; x_wconf 89' lang='lat' dir='ltr'><strong>inter</strong></span> <span class='ocrx_word' id='word_1_200' title='bbox 371 2053 442 2110; x_wconf 83' lang='lat' dir='ltr'><strong>ques</strong></span> <span class='ocrx_word' id='word_1_201' title='bbox 461 2036 561 2107; x_wconf 86' lang='lat' dir='ltr'><strong>posuit</strong></span> <span class='ocrx_word' id='word_1_202' title='bbox 571 2031 756 2102; x_wconf 82' lang='lat' dir='ltr'><strong>Minervam,</strong></span> <span class='ocrx_word' id='word_1_203' title='bbox 783 2047 872 2106; x_wconf 87' lang='lat' dir='ltr'><strong>quam</strong></span> <span class='ocrx_word' id='word_1_204' title='bbox 893 2043 982 2102; x_wconf 84' lang='lat' dir='ltr'><strong>snpra</strong></span> <span class='ocrx_word' id='word_1_205' title='bbox 1004 2027 1101 2100; x_wconf 87' lang='lat' dir='ltr'><strong>ipsum</strong></span> 
     </span>
     <span class='ocr_line' id='line_1_23' title="bbox 45 2108 1100 2196; baseline -0.024 -8"><span class='ocrx_word' id='word_1_206' title='bbox 45 2133 169 2187; x_wconf 89' lang='lat' dir='ltr'><strong>coelum</strong></span> <span class='ocrx_word' id='word_1_207' title='bbox 182 2132 257 2180; x_wconf 81' lang='lat' dir='ltr'><strong>ante</strong></span> <span class='ocrx_word' id='word_1_208' title='bbox 270 2127 419 2196; x_wconf 87' lang='lat' dir='ltr'><strong>posuerat.</strong></span> <span class='ocrx_word' id='word_1_209' title='bbox 446 2115 562 2175; x_wconf 80' lang='lat' dir='ltr'><strong>Deinde</strong></span> <span class='ocrx_word' id='word_1_210' title='bbox 575 2117 724 2172; x_wconf 85' lang='lat' dir='ltr'><strong>masculus</strong></span> <span class='ocrx_word' id='word_1_211' title='bbox 738 2113 810 2170; x_wconf 87' lang='lat' dir='ltr'><strong>deus</strong></span> <span class='ocrx_word' id='word_1_212' title='bbox 817 2111 971 2186; x_wconf 88' lang='lat' dir='ltr'><strong>Neptunus</strong></span> <span class='ocrx_word' id='word_1_213' title='bbox 982 2110 1015 2166; x_wconf 93' lang='lat' dir='ltr'><strong>in</strong></span> <span class='ocrx_word' id='word_1_214' title='bbox 1025 2108 1100 2164; x_wconf 88' lang='lat' dir='ltr'><strong>mari</strong></span> 
     </span>
     <span class='ocr_line' id='line_1_24' title="bbox 45 2191 1099 2287; baseline -0.023 -16"><span class='ocrx_word' id='word_1_215' title='bbox 45 2225 109 2286; x_wconf 85' lang='lat' dir='ltr'><strong>est,</strong></span> <span class='ocrx_word' id='word_1_216' title='bbox 139 2206 226 2287; x_wconf 89' lang='lat' dir='ltr'><strong>quod</strong></span> <span class='ocrx_word' id='word_1_217' title='bbox 239 2204 278 2261; x_wconf 83' lang='lat' dir='ltr'><strong>ad</strong></span> <span class='ocrx_word' id='word_1_218' title='bbox 290 2207 400 2260; x_wconf 81' lang='lat' dir='ltr'><strong>terrain</strong></span> <span class='ocrx_word' id='word_1_219' title='bbox 411 2203 508 2277; x_wconf 88' lang='lat' dir='ltr'><strong>petius</strong></span> <span class='ocrx_word' id='word_1_220' title='bbox 522 2219 609 2278; x_wconf 85' lang='lat' dir='ltr'><strong>quem</strong></span> <span class='ocrx_word' id='word_1_221' title='bbox 622 2198 659 2256; x_wconf 87' lang='lat' dir='ltr'><strong>ad</strong></span> <span class='ocrx_word' id='word_1_222' title='bbox 673 2199 786 2257; x_wconf 88' lang='lat' dir='ltr'><strong>coelum</strong></span> <span class='ocrx_word' id='word_1_223' title='bbox 798 2197 937 2272; x_wconf 83' lang='lat' dir='ltr'><strong>pertinet.</strong></span> <span class='ocrx_word' id='word_1_224' title='bbox 981 2191 1036 2252; x_wconf 92' lang='lat' dir='ltr'><strong>Dis</strong></span> <span class='ocrx_word' id='word_1_225' title='bbox 1047 2211 1099 2268; x_wconf 86' lang='lat' dir='ltr'><strong>po-</strong></span> 
     </span>
     <span class='ocr_line' id='line_1_25' title="bbox 45 2279 1100 2372; baseline -0.023 -16"><span class='ocrx_word' id='word_1_226' title='bbox 45 2311 93 2355; x_wconf 88' lang='lat' dir='ltr'><strong>ter</strong></span> <span class='ocrx_word' id='word_1_227' title='bbox 108 2303 288 2372; x_wconf 88' lang='lat' dir='ltr'><strong>postremo,</strong></span> <span class='ocrx_word' id='word_1_228' title='bbox 315 2289 366 2363; x_wconf 90' lang='lat' dir='ltr'><strong>qui</strong></span> <span class='ocrx_word' id='word_1_229' title='bbox 380 2285 493 2342; x_wconf 80' lang='lat' dir='ltr'><strong>Graece</strong></span> <span class='ocrx_word' id='word_1_230' title='bbox 511 2279 636 2340; x_wconf 72' lang='grc' dir='ltr'><em>πλούτων</em></span> <span class='ocrx_word' id='word_1_231' title='bbox 654 2283 778 2353; x_wconf 80' lang='lat' dir='ltr'><strong>dicitur,</strong></span> <span class='ocrx_word' id='word_1_232' title='bbox 805 2281 894 2336; x_wconf 87' lang='lat' dir='ltr'><strong>etiam</strong></span> <span class='ocrx_word' id='word_1_233' title='bbox 906 2281 970 2355; x_wconf 86' lang='lat' dir='ltr'><strong>ipse</strong></span> <span class='ocrx_word' id='word_1_234' title='bbox 985 2295 1100 2334; x_wconf 80' lang='lat' dir='ltr'><strong>mascu-</strong></span> 
     </span>
     <span class='ocr_line' id='line_1_26' title="bbox 47 2363 1101 2443; baseline -0.024 -3"><span class='ocrx_word' id='word_1_235' title='bbox 47 2387 93 2440; x_wconf 91' lang='lat' dir='ltr'><strong>lus</strong></span> <span class='ocrx_word' id='word_1_236' title='bbox 108 2381 212 2438; x_wconf 79' lang='lat' dir='ltr'><strong>frater</strong></span> <span class='ocrx_word' id='word_1_237' title='bbox 224 2373 377 2430; x_wconf 87' lang='lat' dir='ltr'><strong>amborum</strong></span> <span class='ocrx_word' id='word_1_238' title='bbox 388 2379 529 2426; x_wconf 85' lang='lat' dir='ltr'><strong>terrenus·</strong></span> <span class='ocrx_word' id='word_1_239' title='bbox 537 2370 608 2427; x_wconf 88' lang='lat' dir='ltr'><strong>deus</strong></span> <span class='ocrx_word' id='word_1_240' title='bbox 626 2385 691 2424; x_wconf 89' lang='lat' dir='ltr'><strong>esse</strong></span> <span class='ocrx_word' id='word_1_241' title='bbox 709 2363 894 2443; x_wconf 88' lang='lat' dir='ltr'><strong>perhibetur;</strong></span> <span class='ocrx_word' id='word_1_242' title='bbox 921 2363 1101 2438; x_wconf 85' lang='lat' dir='ltr'><strong>superiorem</strong></span> 
     </span>
     <span class='ocr_line' id='line_1_27' title="bbox 50 2447 1100 2528; baseline -0.025 -4"><span class='ocrx_word' id='word_1_243' title='bbox 50 2479 167 2524; x_wconf 86' lang='lat' dir='ltr'><strong>terram</strong></span> <span class='ocrx_word' id='word_1_244' title='bbox 193 2469 321 2528; x_wconf 88' lang='lat' dir='ltr'><strong>tenens,</strong></span> <span class='ocrx_word' id='word_1_245' title='bbox 347 2457 380 2512; x_wconf 89' lang='lat' dir='ltr'><strong>in</strong></span> <span class='ocrx_word' id='word_1_246' title='bbox 405 2454 547 2510; x_wconf 79' lang='lat' dir='ltr'><strong>inferiore</strong></span> <span class='ocrx_word' id='word_1_247' title='bbox 572 2450 683 2508; x_wconf 81' lang='lat' dir='ltr'><strong>habens</strong></span> <span class='ocrx_word' id='word_1_248' title='bbox 702 2449 910 2524; x_wconf 75' lang='lat' dir='ltr'><strong>Proserpinam</strong></span> <span class='ocrx_word' id='word_1_249' title='bbox 936 2447 1100 2522; x_wconf 83' lang='lat' dir='ltr'><strong>coniugem.</strong></span> 
     </span>
     <span class='ocr_line' id='line_1_28' title="bbox 50 2529 1102 2619; baseline -0.027 -12"><span class='ocrx_word' id='word_1_250' title='bbox 50 2545 215 2617; x_wconf 81' lang='lat' dir='ltr'><strong>Quomodo</strong></span> <span class='ocrx_word' id='word_1_251' title='bbox 230 2559 304 2619; x_wconf 87' lang='lat' dir='ltr'><strong>ergo</strong></span> <span class='ocrx_word' id='word_1_252' title='bbox 318 2537 388 2619; x_wconf 82' lang='lat' dir='ltr'><strong>deos</strong></span> <span class='ocrx_word' id='word_1_253' title='bbox 400 2537 437 2594; x_wconf 88' lang='lat' dir='ltr'><strong>ad</strong></span> <span class='ocrx_word' id='word_1_254' title='bbox 450 2539 583 2606; x_wconf 85' lang='lat' dir='ltr'><strong>coelum,</strong></span> <span class='ocrx_word' id='word_1_255' title='bbox 609 2534 678 2590; x_wconf 88' lang='lat' dir='ltr'><strong>deas</strong></span> <span class='ocrx_word' id='word_1_256' title='bbox 692 2533 729 2590; x_wconf 82' lang='lat' dir='ltr'><strong>ed</strong></span> <span class='ocrx_word' id='word_1_257' title='bbox 746 2541 855 2587; x_wconf 88' lang='lat' dir='ltr'><strong>terram</strong></span> <span class='ocrx_word' id='word_1_258' title='bbox 867 2529 980 2586; x_wconf 83' lang='lat' dir='ltr'><strong>referre</strong></span> <span class='ocrx_word' id='word_1_259' title='bbox 992 2545 1102 2582; x_wconf 85' lang='lat' dir='ltr'><strong>conan-</strong></span> 
     </span>
     <span class='ocr_line' id='line_1_29' title="bbox 53 2608 1102 2697; baseline -0.025 -8"><span class='ocrx_word' id='word_1_260' title='bbox 53 2629 128 2690; x_wconf 74' lang='lat' dir='ltr'><strong>turl</strong></span> <span class='ocrx_word' id='word_1_261' title='bbox 156 2627 239 2697; x_wconf 79' lang='lat' dir='ltr'><strong>Quid</strong></span> <span class='ocrx_word' id='word_1_262' title='bbox 253 2623 395 2693; x_wconf 85' lang='lat' dir='ltr'><strong>solidum,</strong></span> <span class='ocrx_word' id='word_1_263' title='bbox 418 2620 487 2697; x_wconf 90' lang='lat' dir='ltr'><strong>quid</strong></span> <span class='ocrx_word' id='word_1_264' title='bbox 501 2625 659 2686; x_wconf 83' lang='lat' dir='ltr'><strong>constans,</strong></span> <span class='ocrx_word' id='word_1_265' title='bbox 674 2616 743 2691; x_wconf 88' lang='lat' dir='ltr'><strong>quid</strong></span> <span class='ocrx_word' id='word_1_266' title='bbox 754 2614 901 2684; x_wconf 80' lang='lat' dir='ltr'><strong>sobriam,</strong></span> <span class='ocrx_word' id='word_1_267' title='bbox 917 2608 986 2685; x_wconf 87' lang='lat' dir='ltr'><strong>quid</strong></span> <span class='ocrx_word' id='word_1_268' title='bbox 998 2608 1102 2666; x_wconf 87' lang='lat' dir='ltr'><strong>defini-</strong></span> 
     </span>
     <span class='ocr_line' id='line_1_30' title="bbox 55 2691 1102 2780; baseline -0.025 -8"><span class='ocrx_word' id='word_1_269' title='bbox 55 2727 128 2772; x_wconf 90' lang='lat' dir='ltr'><strong>tum</strong></span> <span class='ocrx_word' id='word_1_270' title='bbox 141 2713 230 2770; x_wconf 81' lang='lat' dir='ltr'><strong>hebet</strong></span> <span class='ocrx_word' id='word_1_271' title='bbox 246 2708 321 2765; x_wconf 86' lang='lat' dir='ltr'><strong>haec</strong></span> <span class='ocrx_word' id='word_1_272' title='bbox 341 2699 518 2780; x_wconf 81' lang='lat' dir='ltr'><strong>disputetiol</strong></span> <span class='ocrx_word' id='word_1_273' title='bbox 543 2701 596 2758; x_wconf 87' lang='lat' dir='ltr'><strong>llla</strong></span> <span class='ocrx_word' id='word_1_274' title='bbox 611 2707 711 2756; x_wconf 88' lang='lat' dir='ltr'><strong>autem</strong></span> <span class='ocrx_word' id='word_1_275' title='bbox 730 2705 774 2754; x_wconf 87' lang='lat' dir='ltr'><strong>est</strong></span> <span class='ocrx_word' id='word_1_276' title='bbox 787 2693 890 2753; x_wconf 84' lang='lat' dir='ltr'><strong>Tellus</strong></span> <span class='ocrx_word' id='word_1_277' title='bbox 903 2693 1021 2750; x_wconf 87' lang='lat' dir='ltr'><strong>initium</strong></span> <span class='ocrx_word' id='word_1_278' title='bbox 1034 2691 1102 2747; x_wconf 87' lang='lat' dir='ltr'><strong>dee-</strong></span> 
     </span>
     <span class='ocr_line' id='line_1_31' title="bbox 56 2777 1103 2870; baseline -0.022 -14"><span class='ocrx_word' id='word_1_279' title='bbox 56 2819 147 2870; x_wconf 87' lang='lat' dir='ltr'><strong>rum,</strong></span> <span class='ocrx_word' id='word_1_280' title='bbox 172 2795 270 2854; x_wconf 75' lang='lat' dir='ltr'><strong>blaten</strong></span> <span class='ocrx_word' id='word_1_281' title='bbox 283 2792 396 2848; x_wconf 83' lang='lat' dir='ltr'><strong>scilicet</strong></span> <span class='ocrx_word' id='word_1_282' title='bbox 408 2805 530 2867; x_wconf 80' lang='lat' dir='ltr'><strong>magno,</strong></span> <span class='ocrx_word' id='word_1_283' title='bbox 545 2782 622 2862; x_wconf 79' lang='lat' dir='ltr'><strong>apud</strong></span> <span class='ocrx_word' id='word_1_284' title='bbox 636 2801 723 2860; x_wconf 84' lang='lat' dir='ltr'><strong>quam</strong></span> <span class='ocrx_word' id='word_1_285' title='bbox 734 2781 867 2837; x_wconf 89' lang='lat' dir='ltr'><strong>mollium</strong></span> <span class='ocrx_word' id='word_1_286' title='bbox 880 2787 911 2835; x_wconf 91' lang='lat' dir='ltr'><strong>et</strong></span> <span class='ocrx_word' id='word_1_287' title='bbox 923 2777 1103 2834; x_wconf 75' lang='lat' dir='ltr'><strong>cincinorum</strong></span> 
     </span>
     <span class='ocr_line' id='line_1_32' title="bbox 59 2857 1101 2959; baseline -0.025 -18"><span class='ocrx_word' id='word_1_288' title='bbox 59 2899 184 2959; x_wconf 79' lang='lat' dir='ltr'><strong>seseque</strong></span> <span class='ocrx_word' id='word_1_289' title='bbox 197 2879 367 2936; x_wconf 80' lang='lat' dir='ltr'><strong>secantium</strong></span> <span class='ocrx_word' id='word_1_290' title='bbox 381 2881 469 2949; x_wconf 84' lang='lat' dir='ltr'><strong>atque</strong></span> <span class='ocrx_word' id='word_1_291' title='bbox 481 2869 655 2928; x_wconf 79' lang='lat' dir='ltr'><strong>lactantium</strong></span> <span class='ocrx_word' id='word_1_292' title='bbox 673 2869 779 2924; x_wconf 83' lang='lat' dir='ltr'><strong>insane</strong></span> <span class='ocrx_word' id='word_1_293' title='bbox 796 2864 955 2941; x_wconf 85' lang='lat' dir='ltr'><strong>perstrepit</strong></span> <span class='ocrx_word' id='word_1_294' title='bbox 974 2857 1101 2936; x_wconf 90' lang='lat' dir='ltr'><strong>turpido.</strong></span> 
     </span>
     <span class='ocr_line' id='line_1_33' title="bbox 57 2945 1103 3040; baseline -0.023 -16"><span class='ocrx_word' id='word_1_295' title='bbox 57 2967 138 3036; x_wconf 79' lang='lat' dir='ltr'><strong>Quid</strong></span> <span class='ocrx_word' id='word_1_296' title='bbox 151 2975 199 3023; x_wconf 87' lang='lat' dir='ltr'><strong>est</strong></span> <span class='ocrx_word' id='word_1_297' title='bbox 211 2981 285 3040; x_wconf 85' lang='lat' dir='ltr'><strong>ergo</strong></span> <span class='ocrx_word' id='word_1_298' title='bbox 299 2957 377 3036; x_wconf 88' lang='lat' dir='ltr'><strong>quod</strong></span> <span class='ocrx_word' id='word_1_299' title='bbox 389 2957 495 3014; x_wconf 87' lang='lat' dir='ltr'><strong>dicitur</strong></span> <span class='ocrx_word' id='word_1_300' title='bbox 508 2963 598 3032; x_wconf 87' lang='lat' dir='ltr'><strong>capnt</strong></span> <span class='ocrx_word' id='word_1_301' title='bbox 610 2952 731 3009; x_wconf 88' lang='lat' dir='ltr'><strong>deorum</strong></span> <span class='ocrx_word' id='word_1_302' title='bbox 743 2949 849 3021; x_wconf 83' lang='lat' dir='ltr'><strong>lanus,</strong></span> <span class='ocrx_word' id='word_1_303' title='bbox 878 2955 965 3022; x_wconf 86' lang='lat' dir='ltr'><strong>ceput</strong></span> <span class='ocrx_word' id='word_1_304' title='bbox 983 2945 1103 3002; x_wconf 87' lang='lat' dir='ltr'><strong>dearum</strong></span> 
     </span>
     <span class='ocr_line' id='line_1_34' title="bbox 57 3030 1102 3115; baseline -0.026 -4"><span class='ocrx_word' id='word_1_305' title='bbox 57 3053 83 3110; x_wconf 87' lang='lat' dir='ltr'>T</span> <span class='ocrx_word' id='word_1_306' title='bbox 85 3046 182 3110; x_wconf 65' lang='lat' dir='ltr'><strong>ellus?</strong></span> <span class='ocrx_word' id='word_1_307' title='bbox 209 3046 275 3104; x_wconf 89' lang='lat' dir='ltr'><strong>Neo</strong></span> <span class='ocrx_word' id='word_1_308' title='bbox 287 3045 330 3102; x_wconf 88' lang='lat' dir='ltr'><strong>ibi</strong></span> <span class='ocrx_word' id='word_1_309' title='bbox 344 3043 417 3100; x_wconf 79' lang='lat' dir='ltr'><strong>fecit</strong></span> <span class='ocrx_word' id='word_1_310' title='bbox 428 3037 524 3098; x_wconf 80' lang='lat' dir='ltr'><strong>unum</strong></span> <span class='ocrx_word' id='word_1_311' title='bbox 534 3045 622 3115; x_wconf 84' lang='lat' dir='ltr'><strong>caput</strong></span> <span class='ocrx_word' id='word_1_312' title='bbox 641 3055 739 3108; x_wconf 86' lang='lat' dir='ltr'><strong>error,</strong></span> <span class='ocrx_word' id='word_1_313' title='bbox 764 3051 820 3092; x_wconf 87' lang='lat' dir='ltr'><strong>nco</strong></span> <span class='ocrx_word' id='word_1_314' title='bbox 832 3031 880 3088; x_wconf 90' lang='lat' dir='ltr'><strong>hic</strong></span> <span class='ocrx_word' id='word_1_315' title='bbox 894 3049 997 3088; x_wconf 84' lang='lat' dir='ltr'><strong>senum</strong></span> <span class='ocrx_word' id='word_1_316' title='bbox 1009 3030 1102 3086; x_wconf 79' lang='lat' dir='ltr'><strong>furor.</strong></span> 
     </span>
     <span class='ocr_line' id='line_1_35' title="bbox 57 3113 1103 3196; baseline -0.027 0"><span class='ocrx_word' id='word_1_317' title='bbox 57 3138 120 3196; x_wconf 88' lang='lat' dir='ltr'><strong>Cur</strong></span> <span class='ocrx_word' id='word_1_318' title='bbox 132 3136 210 3193; x_wconf 87' lang='lat' dir='ltr'><strong>haee</strong></span> <span class='ocrx_word' id='word_1_319' title='bbox 221 3131 334 3189; x_wconf 86' lang='lat' dir='ltr'><strong>frustra</strong></span> <span class='ocrx_word' id='word_1_320' title='bbox 347 3125 458 3184; x_wconf 82' lang='lat' dir='ltr'><strong>referre</strong></span> <span class='ocrx_word' id='word_1_321' title='bbox 472 3127 609 3182; x_wconf 89' lang='lat' dir='ltr'><strong>nituntur</strong></span> <span class='ocrx_word' id='word_1_322' title='bbox 622 3120 659 3178; x_wconf 87' lang='lat' dir='ltr'><strong>ad</strong></span> <span class='ocrx_word' id='word_1_323' title='bbox 671 3113 831 3178; x_wconf 79' lang='lat' dir='ltr'><strong>munduml</strong></span> <span class='ocrx_word' id='word_1_324' title='bbox 858 3115 942 3184; x_wconf 81' lang='lat' dir='ltr'><strong>Quod</strong></span> <span class='ocrx_word' id='word_1_325' title='bbox 961 3116 1017 3171; x_wconf 89' lang='lat' dir='ltr'><strong>etsi</strong></span> <span class='ocrx_word' id='word_1_326' title='bbox 1034 3131 1103 3188; x_wconf 85' lang='lat' dir='ltr'><strong>pos-</strong></span> 
     </span>
     <span class='ocr_line' id='line_1_36' title="bbox 57 3205 1103 3296; baseline -0.027 -17"><span class='ocrx_word' id='word_1_327' title='bbox 57 3231 144 3293; x_wconf 84' lang='lat' dir='ltr'><strong>sent,</strong></span> <span class='ocrx_word' id='word_1_328' title='bbox 157 3237 214 3296; x_wconf 91' lang='lat' dir='ltr'><strong>pro</strong></span> <span class='ocrx_word' id='word_1_329' title='bbox 228 3214 295 3272; x_wconf 91' lang='lat' dir='ltr'><strong>Deo</strong></span> <span class='ocrx_word' id='word_1_330' title='bbox 309 3231 381 3272; x_wconf 83' lang='lat' dir='ltr'><strong>vero</strong></span> <span class='ocrx_word' id='word_1_331' title='bbox 394 3209 532 3268; x_wconf 87' lang='lat' dir='ltr'><strong>mundum</strong></span> <span class='ocrx_word' id='word_1_332' title='bbox 545 3223 632 3264; x_wconf 88' lang='lat' dir='ltr'><strong>nemo</strong></span> <span class='ocrx_word' id='word_1_333' title='bbox 646 3205 711 3280; x_wconf 88' lang='lat' dir='ltr'><strong>pius</strong></span> <span class='ocrx_word' id='word_1_334' title='bbox 727 3205 811 3261; x_wconf 89' lang='lat' dir='ltr'><strong>colit:</strong></span> <span class='ocrx_word' id='word_1_335' title='bbox 830 3209 971 3256; x_wconf 87' lang='lat' dir='ltr'><strong>ettamen</strong></span> <span class='ocrx_word' id='word_1_336' title='bbox 985 3215 1103 3254; x_wconf 84' lang='lat' dir='ltr'><strong>cosnec</strong></span> 
     </span>
     <span class='ocr_line' id='line_1_37' title="bbox 55 3277 1103 3380; baseline -0.028 -18"><span class='ocrx_word' id='word_1_337' title='bbox 55 3307 113 3364; x_wconf 84' lang='lat' dir='ltr'><strong>hoc</strong></span> <span class='ocrx_word' id='word_1_338' title='bbox 127 3322 233 3380; x_wconf 92' lang='lat' dir='ltr'><strong>posse,</strong></span> <span class='ocrx_word' id='word_1_339' title='bbox 259 3299 370 3357; x_wconf 82' lang='lat' dir='ltr'><strong>veritos</strong></span> <span class='ocrx_word' id='word_1_340' title='bbox 385 3305 486 3368; x_wconf 81' lang='lat' dir='ltr'><strong>aperta</strong></span> <span class='ocrx_word' id='word_1_341' title='bbox 498 3290 657 3350; x_wconf 83' lang='lat' dir='ltr'><strong>convincit.</strong></span> <span class='ocrx_word' id='word_1_342' title='bbox 700 3287 844 3345; x_wconf 81' lang='lat' dir='ltr'><strong>Referant</strong></span> <span class='ocrx_word' id='word_1_343' title='bbox 861 3282 933 3339; x_wconf 86' lang='lat' dir='ltr'><strong>hacc</strong></span> <span class='ocrx_word' id='word_1_344' title='bbox 951 3282 1049 3356; x_wconf 89' lang='lat' dir='ltr'><strong>potius</strong></span> <span class='ocrx_word' id='word_1_345' title='bbox 1067 3277 1103 3334; x_wconf 87' lang='lat' dir='ltr'><strong>ed</strong></span> 
     </span>
     <span class='ocr_line' id='line_1_38' title="bbox 58 3362 1104 3453; baseline -0.031 -7"><span class='ocrx_word' id='word_1_346' title='bbox 58 3391 197 3448; x_wconf 84' lang='lat' dir='ltr'><strong>homines</strong></span> <span class='ocrx_word' id='word_1_347' title='bbox 210 3393 359 3453; x_wconf 84' lang='lat' dir='ltr'><strong>mortuos,</strong></span> <span class='ocrx_word' id='word_1_348' title='bbox 387 3388 417 3434; x_wconf 89' lang='lat' dir='ltr'><strong>et</strong></span> <span class='ocrx_word' id='word_1_349' title='bbox 430 3377 467 3434; x_wconf 85' lang='lat' dir='ltr'><strong>sd</strong></span> <span class='ocrx_word' id='word_1_350' title='bbox 479 3376 636 3434; x_wconf 87' lang='lat' dir='ltr'><strong>daemones</strong></span> <span class='ocrx_word' id='word_1_351' title='bbox 647 3373 806 3448; x_wconf 86' lang='lat' dir='ltr'><strong>pessimos,</strong></span> <span class='ocrx_word' id='word_1_352' title='bbox 831 3377 861 3424; x_wconf 89' lang='lat' dir='ltr'><strong>et</strong></span> <span class='ocrx_word' id='word_1_353' title='bbox 878 3367 959 3423; x_wconf 88' lang='lat' dir='ltr'><strong>nulla</strong></span> <span class='ocrx_word' id='word_1_354' title='bbox 972 3362 1104 3438; x_wconf 86' lang='lat' dir='ltr'><strong>quaestio</strong></span> 
     </span>
    </p>
   </div>
   <div class='ocr_carea' id='block_1_3' title="bbox 59 3472 237 3532">
    <p class='ocr_par' dir='ltr' id='par_1_3' title="bbox 59 3472 237 3532">
     <span class='ocr_line' id='line_1_39' title="bbox 59 3472 237 3532; baseline -0.045 1"><span class='ocrx_word' id='word_1_355' title='bbox 59 3472 237 3532; x_wconf 82' lang='lat' dir='ltr'><strong>remanebit.</strong></span> 
     </span>
    </p>
   </div>
   <div class='ocr_carea' id='block_1_4' title="bbox 430 3535 752 3603">
    <p class='ocr_par' dir='ltr' id='par_1_4' title="bbox 430 3535 752 3603">
     <span class='ocr_line' id='line_1_40' title="bbox 430 3535 752 3603; baseline -0.037 0"><span class='ocrx_word' id='word_1_356' title='bbox 430 3544 552 3603; x_wconf 83' lang='lat' dir='ltr'><strong>CAP.</strong></span> <span class='ocrx_word' id='word_1_357' title='bbox 594 3535 752 3598; x_wconf 93' lang='lat' dir='ltr'><strong>XXlX.</strong></span> 
     </span>
    </p>
   </div>
   <div class='ocr_carea' id='block_1_5' title="bbox 62 3625 1106 3779">
    <p class='ocr_par' dir='ltr' id='par_1_5' title="bbox 62 3625 1106 3779">
     <span class='ocr_line' id='line_1_41' title="bbox 62 3625 1106 3722; baseline -0.037 -11"><span class='ocrx_word' id='word_1_358' title='bbox 62 3655 146 3722; x_wconf 85' lang='lat' dir='ltr'><strong>Quod</strong></span> <span class='ocrx_word' id='word_1_359' title='bbox 159 3652 250 3707; x_wconf 80' lang='lat' dir='ltr'><strong>omnia</strong></span> <span class='ocrx_word' id='word_1_360' title='bbox 265 3665 335 3720; x_wconf 79' lang='lat' dir='ltr'><strong>puae</strong></span> <span class='ocrx_word' id='word_1_361' title='bbox 349 3641 502 3714; x_wconf 77' lang='lat' dir='ltr'><strong>physiologi</strong></span> <span class='ocrx_word' id='word_1_362' title='bbox 516 3639 553 3692; x_wconf 85' lang='lat' dir='ltr'><strong>ad</strong></span> <span class='ocrx_word' id='word_1_363' title='bbox 565 3638 693 3696; x_wconf 74' lang='lat' dir='ltr'><strong>inondum</strong></span> <span class='ocrx_word' id='word_1_364' title='bbox 704 3639 850 3702; x_wconf 78' lang='lat' dir='ltr'><strong>partesque</strong></span> <span class='ocrx_word' id='word_1_365' title='bbox 867 3627 923 3679; x_wconf 75' lang='lat' dir='ltr'><strong>eim</strong></span> <span class='ocrx_word' id='word_1_366' title='bbox 942 3625 1106 3688; x_wconf 76' lang='lat' dir='ltr'><strong>retulerunt,</strong></span> 
     </span>
     <span class='ocr_line' id='line_1_42' title="bbox 283 3698 889 3779; baseline -0.04 -7"><span class='ocrx_word' id='word_1_367' title='bbox 283 3720 321 3774; x_wconf 84' lang='lat' dir='ltr'><strong>ad</strong></span> <span class='ocrx_word' id='word_1_368' title='bbox 330 3729 413 3769; x_wconf 79' lang='lat' dir='ltr'><strong>unum</strong></span> <span class='ocrx_word' id='word_1_369' title='bbox 421 3725 515 3766; x_wconf 80' lang='lat' dir='ltr'><strong>oerum</strong></span> <span class='ocrx_word' id='word_1_370' title='bbox 524 3707 613 3760; x_wconf 85' lang='lat' dir='ltr'><strong>Deum</strong></span> <span class='ocrx_word' id='word_1_371' title='bbox 622 3707 729 3779; x_wconf 83' lang='lat' dir='ltr'><strong>referre</strong></span> <span class='ocrx_word' id='word_1_372' title='bbox 740 3698 889 3754; x_wconf 76' lang='lat' dir='ltr'><strong>debuerint.</strong></span> 
     </span>
    </p>
   </div>
   <div class='ocr_carea' id='block_1_6' title="bbox 65 3783 1108 3977">
    <p class='ocr_par' dir='ltr' id='par_1_6' title="bbox 65 3783 1108 3977">
     <span class='ocr_line' id='line_1_43' title="bbox 131 3783 1107 3890; baseline -0.034 -18"><span class='ocrx_word' id='word_1_373' title='bbox 131 3814 264 3890; x_wconf 85' lang='lat' dir='ltr'><strong>Namque</strong></span> <span class='ocrx_word' id='word_1_374' title='bbox 279 3809 380 3868; x_wconf 81' lang='lat' dir='ltr'><strong>omnis</strong></span> <span class='ocrx_word' id='word_1_375' title='bbox 391 3823 463 3880; x_wconf 78' lang='lat' dir='ltr'><strong>quac</strong></span> <span class='ocrx_word' id='word_1_376' title='bbox 477 3802 511 3858; x_wconf 86' lang='lat' dir='ltr'><strong>ab</strong></span> <span class='ocrx_word' id='word_1_377' title='bbox 527 3801 568 3855; x_wconf 92' lang='lat' dir='ltr'><strong>eis</strong></span> <span class='ocrx_word' id='word_1_378' title='bbox 584 3815 621 3854; x_wconf 87' lang='lat' dir='ltr'><strong>ex</strong></span> <span class='ocrx_word' id='word_1_379' title='bbox 630 3797 755 3860; x_wconf 87' lang='lat' dir='ltr'><strong>istorum</strong></span> <span class='ocrx_word' id='word_1_380' title='bbox 765 3789 886 3847; x_wconf 87' lang='lat' dir='ltr'><strong>deorum</strong></span> <span class='ocrx_word' id='word_1_381' title='bbox 897 3783 1043 3864; x_wconf 83' lang='lat' dir='ltr'><strong>theologie</strong></span> <span class='ocrx_word' id='word_1_382' title='bbox 1056 3801 1107 3841; x_wconf 83' lang='lat' dir='ltr'><strong>ve-</strong></span> 
     </span>
     <span class='ocr_line' id='line_1_44' title="bbox 65 3868 1108 3977; baseline -0.033 -20"><span class='ocrx_word' id='word_1_383' title='bbox 65 3903 114 3959; x_wconf 89' lang='lat' dir='ltr'><strong>lut</strong></span> <span class='ocrx_word' id='word_1_384' title='bbox 127 3897 253 3977; x_wconf 85' lang='lat' dir='ltr'><strong>physicis</strong></span> <span class='ocrx_word' id='word_1_385' title='bbox 266 3883 433 3954; x_wconf 79' lang='lat' dir='ltr'><strong>rationibus</strong></span> <span class='ocrx_word' id='word_1_386' title='bbox 446 3885 618 3946; x_wconf 80' lang='lat' dir='ltr'><strong>referuntur</strong></span> <span class='ocrx_word' id='word_1_387' title='bbox 631 3879 667 3938; x_wconf 83' lang='lat' dir='ltr'><strong>cd</strong></span> <span class='ocrx_word' id='word_1_388' title='bbox 679 3875 835 3949; x_wconf 86' lang='lat' dir='ltr'><strong>muudum,</strong></span> <span class='ocrx_word' id='word_1_389' title='bbox 863 3891 949 3952; x_wconf 86' lang='lat' dir='ltr'><strong>quam</strong></span> <span class='ocrx_word' id='word_1_390' title='bbox 970 3871 1034 3928; x_wconf 86' lang='lat' dir='ltr'><strong>sinc</strong></span> <span class='ocrx_word' id='word_1_391' title='bbox 1048 3868 1108 3924; x_wconf 90' lang='lat' dir='ltr'><strong>ullo</strong></span> 
     </span>
    </p>
   </div>
   <div class='ocr_carea' id='block_1_7' title="bbox 0 0 1315 4396">
    <p class='ocr_par' dir='ltr' id='par_1_7' title="bbox 0 0 1315 4396">
     <span class='ocr_line' id='line_1_45' title="bbox 0 0 1315 4396; baseline 0 0"><span class='ocrx_word' id='word_1_392' title='bbox 0 0 1315 4396; x_wconf 95' lang='lat' dir='ltr'><strong> </strong></span> 
     </span>
    </p>
   </div>
  </div>
 </body>
</html>
