2538 4392
195 213 260 274 DE
283 204 503 273 clvrrnrs
527 210 606 270 DEI
632 210 714 268 ΜΒ.
736 210 833 268 ΧΙΧ.
973 217 1035 277 229

32 372 112 452 eligio
124 368 299 440 Christiana,
325 365 396 445 quid
413 386 465 444 per
484 368 556 424 alias
576 375 723 422 terrarum
738 373 837 442 partes
851 366 975 426 forsitan
987 367 1033 426 is-

34 469 90 516 tum
101 456 145 527 sit,
157 472 213 512 non
226 451 286 508 luit
298 468 421 508 neccsse
432 452 611 527 perquirere.
643 448 766 506 Interim
780 447 856 524 quod
869 451 988 524 seimus,
1001 451 1034 511 lu

32 543 126 600 lvitctc
145 535 295 596 notissima
317 545 348 592 et
369 535 602 592 eminentissima
621 531 802 610 Cartbagine
819 531 935 589 Africae
951 532 1032 592 Gau·

33 626 120 682 entius
132 621 266 679 etlovius
288 620 409 676 comites
423 617 609 694 Imperatoris
625 615 770 687 Honorii,
796 625 902 692 quarto
920 611 1033 674 decimo

32 706 149 766 [alendos
161 705 267 779 Aprilis
280 703 423 760 salsorum
436 701 556 758 deorum
569 702 676 775 templa
690 708 875 772 everterunt,
902 709 932 756 et
944 701 1033 756 obnu-

32 810 90 850 icra
105 789 260 869 fregerunt.
292 785 341 843 Ex
353 805 411 862 quo
424 785 566 862 usquead
579 783 635 841 boe
648 793 761 858 tempus
774 801 827 858 per
838 784 962 862 triginta
974 783 1034 840 ler-

32 896 55 932 ιο
78 891 162 932 annos
184 874 250 948 quis
273 889 334 926 non
356 869 456 927 videat
478 877 618 944 quantum
639 867 765 925 creverit
788 869 882 922 cultus
907 867 1035 924 nominis

32 959 129 1030 bristi,
152 956 321 1032 praesertim
339 963 547 1028 posteaquam
564 953 649 1008 multi
668 969 768 1008 eorum
787 948 947 1007 Christiani
965 949 1036 1006 facti

32 1054 90 1112 unt,
116 1043 162 1117 qui
178 1050 316 1115 tanquam
338 1055 408 1095 vcra
429 1039 482 1092 illa
503 1035 686 1093 divinatione
705 1033 919 1091 revocabantur
937 1031 1036 1104 abde,

32 1144 125 1210 amque
138 1125 275 1198 completo
289 1121 389 1178 eodem
403 1139 549 1178 annorum
562 1136 684 1176 numero
699 1119 818 1176 inanem
827 1116 1037 1192 ridendamque

32 1205 159 1267 iderunti
180 1207 242 1264 Nos
256 1223 328 1283 ergo
343 1205 394 1279 qui
408 1222 508 1261 sumus
521 1219 721 1276 vocamurque
734 1199 910 1271 Christiani,
931 1200 1037 1256 nonin

33 1304 122 1350 etrum
134 1289 287 1359 credimus,
312 1286 408 1344 sedin
422 1305 509 1362 quem
524 1285 648 1342 credidit
659 1282 781 1340 Petrus:
807 1281 889 1338 Petri
902 1283 937 1338 de
951 1280 1036 1339 Chri·

32 1399 51 1434 :o
66 1375 208 1434 aedificati
227 1371 426 1442 sermonibus,
452 1387 514 1426 uon
532 1366 712 1425 carminibus
734 1365 887 1437 venenati3
913 1384 968 1422 nec
986 1363 1037 1420 de-

32 1462 83 1536 epti
94 1457 256 1528 maleficiis,
279 1453 331 1510 sed
349 1451 501 1510 beneficiis
521 1453 584 1508 eius
598 1449 700 1506 adiuti.
736 1448 789 1504 llle
801 1447 883 1504 Petri
896 1449 1038 1526 magister

32 1545 135 1601 hristus
148 1544 179 1600 in
191 1540 337 1608 doctrina,
350 1555 425 1613 quac
438 1535 475 1594 ad
488 1537 581 1593 vitam
594 1533 674 1590 ducit
687 1542 850 1604 aeternam,
874 1532 938 1606 ipse
952 1540 997 1587 est
1010 1539 1040 1587 ct

32 1630 146 1708 lagister
160 1633 269 1682 noster.

65 1711 123 1770 Sed
137 1708 290 1784 aliquando
313 1709 371 1764 iam
394 1705 601 1764 concludamus
624 1703 701 1760 bunc
723 1701 847 1773 librum,
871 1697 930 1756 bue
948 1714 1041 1773 usque

34 1803 191 1864 sserentes,
206 1801 236 1848 et
244 1799 383 1866 quantum
397 1793 468 1848 satis
481 1792 579 1848 visum
592 1797 637 1844 est
647 1787 892 1856 demonstrantes,
906 1782 1041 1858 quisnam

32 1892 42 1938 t
54 1881 175 1936 duarum
188 1874 364 1945 civitatum,
380 1876 514 1932 coelestis
527 1882 620 1948 atque·
629 1881 775 1940 terrenae,
800 1869 836 1925 ab
848 1867 936 1924 initio
948 1882 1041 1939 usque

45 1965 135 2021 finem
146 1961 358 2036 permixtarum
369 1960 501 2016 mortalis
515 1973 667 2012 excursus.
683 1955 814 2020 Quorum
825 1953 877 2007 illu
891 1967 967 2024 quae
980 1957 1041 2004 ter-

34 2067 74 2106 na
88 2055 152 2116 est,
176 2044 246 2100 iecit
264 2041 321 2098 sibi
334 2059 407 2116 quos
421 2042 529 2110 voluit,
551 2039 600 2095 vel
612 2035 824 2108 undecunque,
842 2035 890 2089 vel
903 2032 991 2086 etism
1005 2046 1043 2086 ex

32 2130 166 2189 minibus
187 2127 278 2184 salsos
298 2123 385 2195 deos,
413 2123 519 2198 quibus
538 2115 732 2176 sacrificando
752 2115 893 2172 serviret:
920 2113 972 2167 illa
991 2129 1043 2168 au-

32 2238 58 2273 m
79 2231 155 2292 quac
168 2209 303 2267 eoelestis
315 2207 523 2285 peregrinatur
535 2203 568 2258 in
581 2211 672 2270 terra,
698 2197 789 2254 falsos
803 2195 873 2253 deos
886 2212 948 2252 non
960 2183 1042 2266 lacit,

32 2300 49 2356 d
63 2319 81 2356 a
93 2313 168 2355 vero
181 2293 246 2352 Deo
259 2295 324 2366 ipsa
336 2289 386 2363 fit,
410 2290 493 2346 euius
506 2303 609 2344 verum
622 2280 801 2339 sacrificium
814 2281 878 2355 ipsa
891 2278 940 2334 sit.
973 2277 1044 2334 Am·

33 2392 163 2440 atamen
172 2373 394 2450 temporalibus,
406 2375 455 2432 vel
465 2371 549 2428 bonis
560 2369 672 2443 pariter
685 2373 819 2436 utuntru,
832 2364 882 2420 vel
893 2362 978 2418 molis
990 2379 1043 2437 pa·

32 2487 71 2524 :er
84 2464 269 2541 affliguntur,
283 2457 400 2515 diversa
412 2456 481 2530 fide,
495 2453 611 2511 diversa
624 2467 686 2525 spe,
700 2447 820 2504 diverso
825 2464 936 2518 amore,
950 2443 1044 2502 donce

32 2555 101 2608 :imo
114 2545 226 2604 iudicio
238 2550 428 2618 separentur,
442 2549 474 2596 et
485 2535 626 2614 pereipiat
638 2548 832 2606 unaquaeque
845 2547 932 2586 suum
944 2527 1045 2599 finem,

32 2639 78 2692 ius
97 2632 200 2690 nullus
214 2636 259 2686 cst
271 2625 354 2684 finis:
381 2624 417 2682 de
431 2623 535 2700 quibus
549 2617 699 2676 ambarum
712 2613 819 2672 finibus
833 2610 939 2670 deinde
952 2611 1045 2668 disse·

32 2719 122 2778 ndum
136 2723 193 2770 est.

32 2872 1035 2922 mwwwmwmwwwww

183 3037 353 3111 LIBER
385 3030 637 3109 DECIMVS
672 3023 867 3102 NONVS.

394 3202 417 3262 C
437 3205 462 3262 A
482 3201 506 3258 P
527 3199 552 3255 V
575 3199 601 3256 T
640 3198 661 3254 l.

35 3313 74 3365 od
82 3311 116 3364 in
128 3303 303 3378 quaestione,
313 3315 395 3370 quom
405 3299 437 3353 dc
444 3295 692 3370 finibusbonorum
702 3301 731 3344 et
746 3291 879 3342 malorum
888 3283 1053 3354 pbilosophi-

49 3399 86 3435 ca
99 3374 263 3448 disputatio
273 3367 426 3440 sculdasio,
442 3370 571 3422 docentor
581 3361 722 3432 octogiuta
733 3367 760 3412 et
769 3365 829 3412 octo
839 3363 928 3408 sectas
938 3368 993 3406 em
1159 3411 1161 3415 Α
1178 3371 1204 3404 ..

342 3455 431 3511 poree,
451 3436 538 3490 Varro
548 3429 726 3506 perspexerit.

32 3559 172 3617 uoniam
194 3552 232 3610 de
245 3549 382 3610 Civitatis
395 3546 563 3620 utriusque,
586 3550 723 3598 terrenae
737 3533 850 3590 scilicet
863 3535 895 3584 et
908 3523 1055 3593 coelestis,

32 3645 103 3701 »itis
125 3639 247 3697 finibus
269 3634 409 3706 deinceps
428 3625 500 3686 mihi
512 3623 598 3683 video
617 3615 843 3696 disputandum
869 3610 950 3688 prius
964 3623 1055 3682 expo-

32 3727 94 3786 rda
110 3731 194 3782 sunt
208 3727 350 3797 quantum
363 3713 470 3790 Operis
483 3709 571 3766 buius
584 3699 763 3764 terminandi
779 3699 855 3756 ratio
870 3694 996 3770 patitur,
1010 3707 1058 3746 or-

32 3819 148 3869 menta
162 3805 347 3873 mortalium,
361 3797 467 3874 quibus
482 3793 538 3852 sibi
551 3793 610 3869 ipsi
622 3783 834 3847 beatitudinem
847 3779 945 3838 faeere
955 3777 989 3832 in
1003 3772 1058 3830 hu-

50 3898 150 3953 vitac
166 3889 347 3947 infelicitate
362 3881 458 3940 moliti
470 3887 557 3952 sunt,
581 3884 615 3932 ut
627 3873 662 3932 ab
677 3889 778 3929 corum
791 3867 879 3926 rebus
891 3862 977 3922 vanis
991 3871 1058 3931 spes
