2510 4404
166 221 226 280 DE
249 221 465 282 CIVITATE
490 223 571 282 DEI
594 225 674 282 ΜΒ.
696 226 792 283 ΧΧΙ.
927 235 986 296 349

320 375 341 434 C
363 376 388 432 A
407 374 439 432 Ρ.
481 371 639 434 XVIII.

39 453 69 506 tis
79 453 121 522 qni
128 453 262 508 notissimo
272 455 385 520 iudicio,
401 465 514 525 propter
524 455 725 511 intercessiones
735 468 900 525 sanctorum,
910 465 982 520 nessi

184 542 242 578 nem
252 525 385 579 iscsninnsn
395 535 497 594 patant
511 542 565 578 csse
581 527 767 580 damnandnm.

39 629 112 690 Sunt
124 633 221 704 etiarn,
249 633 347 707 quoles
361 635 392 690 in
407 635 650 691 collocutionibus
663 637 771 692 nornis
784 639 846 711 ipse
859 657 923 696 sum
936 658 980 699 es-

38 734 89 786 us,
103 716 147 790 qni
159 733 245 791 quum
257 719 394 774 venerari
407 716 562 775 videantur
574 716 739 793 Scripturas
753 730 885 794 sanctas,
898 725 985 781 mori-

40 797 210 873 improbandi
222 809 308 872 sont3
335 811 365 858 et
377 800 490 880 agendo
504 820 620 858 causam
632 821 730 874 snam,
743 805 835 861 multo
848 807 987 864 maiorem

38 903 56 938 ιι
79 883 124 938 isti
145 883 373 940 miscricordiam
385 884 449 942 Deo
462 884 595 942 tribuunt
617 904 687 966 erga
704 884 863 945 humanum
885 909 987 969 genus.

37 975 82 1022 mt
95 967 166 1022 enim
178 966 212 1022 de
225 968 308 1024 malis
322 978 352 1024 et
363 967 528 1025 infidelibus
538 966 701 1026 hominibus
714 969 855 1029 divinitus
869 973 986 1049 quidcm

37 1069 70 1105 m
87 1049 258 1124 praedictum
277 1069 355 1124 esse,
383 1051 460 1128 quod
472 1051 555 1131 digni
567 1062 754 1129 suntpoena:
781 1055 832 1111 sed
850 1075 937 1132 quum
953 1055 988 1114 od

37 1136 104 1190 :ium
115 1143 230 1190 ventum
242 1133 345 1206 tuerit,
364 1135 594 1192 misericordiam
606 1155 671 1192 csse
684 1147 891 1212 superaturam.
926 1139 987 1196 Do-

37 1228 47 1273 t
62 1218 136 1273 enirn
148 1235 208 1289 eos,
222 1218 375 1294 inquiunt,
388 1219 553 1277 misericors
565 1217 644 1276 Deus
655 1221 788 1295 precibus
803 1231 833 1278 et
846 1223 987 1280 interces-

36 1301 98 1357 ibus
112 1311 276 1358 sanctorum
289 1319 416 1359 suornm.
448 1299 483 1360 Si
496 1302 573 1359 enim
587 1301 709 1360 orabant
720 1322 772 1380 pro
787 1305 859 1376 illis,
873 1305 988 1380 quando

36 1383 210 1460 satiebantur
223 1385 375 1456 inimicos,
388 1395 497 1461 quanto
510 1387 605 1465 magis
619 1384 733 1463 quando
743 1385 884 1446 videbunt
896 1388 988 1444 hunri-

38 1469 218 1544 uppliccsque
230 1464 413 1544 prostratosi
431 1467 532 1547 Neque
542 1470 620 1526 enim
632 1468 809 1528 credendum
822 1480 878 1544 est,
895 1473 988 1544 aiunt,

60 1555 215 1608 amissuros
238 1561 354 1609 sanctos
373 1553 489 1612 viscera
507 1551 739 1628 misericordiae,
764 1573 851 1632 quum
877 1554 987 1612 fuerint

35 1636 146 1691 {ssimae
158 1653 191 1692 ac
204 1633 433 1711 perfectissimae
444 1639 706 1716 sanctitatis,utqni
718 1647 788 1696 tuuc
799 1635 922 1696 orabant
933 1657 986 1714 pro

35 1720 89 1776 icis
102 1720 176 1791 suis,
198 1719 313 1795 qnando
326 1730 356 1778 et
368 1722 424 1798 ipsi
437 1721 503 1778 sine
513 1733 633 1798 peccato
646 1740 707 1780 non
720 1731 819 1795 erant,
842 1731 914 1781 tunc
927 1741 986 1780 non

35 1814 47 1860 t
70 1819 121 1878 pro
143 1802 321 1880 supplicibus
344 1806 422 1878 suis,
447 1802 562 1882 quando
581 1805 694 1863 nnllam
712 1805 864 1881 coeperint
880 1803 986 1863 habere

34 1897 119 1944 atum.
157 1887 214 1944 sut
229 1907 301 1945 vero
314 1887 395 1946 Deus
416 1899 487 1947 tunc
503 1906 554 1946 eos
571 1908 630 1947 non
650 1889 787 1948 exaudiet
802 1898 846 1948 tot
864 1899 894 1946 et
912 1892 986 1946 tales

55 1989 140 2039 suos,
165 1969 280 2046 quando
300 1973 332 2028 in
345 1982 427 2030 tanta
440 1989 540 2029 eornm
552 1973 708 2029 sanctitate
725 1974 836 2030 nullum
856 1973 986 2030 invcniet

34 2055 101 2110 onis
112 2050 364 2130 impedimentumi
384 2053 598 2111 Testimonium
609 2071 681 2112 vero
694 2052 814 2124 Psalmi,
826 2063 856 2110 ct
866 2055 910 2109 illi
920 2057 985 2129 qui-

33 2138 86 2212 qui
94 2136 266 2212 permittunt
275 2135 408 2194 infideles
422 2147 508 2212 atquc
521 2136 623 2210 impios
636 2133 769 2194 hominos
779 2136 883 2194 saltam
896 2137 985 2216 longo

33 2239 87 2277 orc
100 2221 241 2291 cruciari,
267 2228 297 2276 et
308 2229 408 2296 postca
421 2219 456 2276 de
472 2219 556 2274 malis
570 2218 706 2277 omnibus
719 2219 800 2291 erni,
826 2217 878 2275 sed
890 2221 984 2298 magis
1040 2294 1042 2298 Ι

35 2323 72 2360 ro
86 2321 117 2359 se
131 2304 233 2361 dicunt
246 2322 324 2376 esse,
351 2303 402 2359 nbi
419 2304 543 2382 legitur:
569 2298 717 2382 Numquid
728 2301 917 2367 obliviscetur
929 2305 983 2360 nsi-

33 2391 52 2445 ·i
77 2386 180 2458 Dens,
207 2399 260 2445 nat
282 2386 442 2446 continebit
464 2388 494 2444 in
518 2385 567 2443 ira
589 2402 645 2444 ean
664 2386 869 2446 miserationes
894 2384 985 2444 suasi

33 2474 75 2527 ius
89 2481 144 2542 cst,
158 2471 310 2546 inquiunt,
323 2482 356 2527 ut
368 2489 466 2527 omnes
479 2468 594 2548 indigni
605 2466 785 2526 beatitudine
798 2472 983 2546 sempiterne,

33 2554 180 2611 Ludicante
192 2556 351 2628 puniantur
363 2555 501 2629 supplicio
518 2554 705 2628 sempiterno.
748 2550 807 2610 Sed
821 2554 847 2609 si
858 2555 906 2611 vel
918 2555 982 2609 lon·

55 2640 106 2695 vel
118 2657 238 2714 prorsus
252 2639 344 2694 ullum
357 2656 421 2693 esse
432 2637 610 2712 permiserit,
636 2636 766 2712 proiecto
780 2645 814 2693 ut
825 2637 919 2710 possit
929 2634 982 2692 hoe

57 2723 224 2778 continebit
237 2722 269 2777 in
281 2723 327 2776 ira
345 2739 397 2776 sua
409 2720 611 2776 miserationes
624 2738 708 2790 suas,
733 2718 811 2796 quod
824 2737 889 2775 cum
900 2718 981 2800 Psoi·

33 2806 110 2861 dicit
134 2823 196 2861 non
219 2823 284 2860 esse
306 2804 458 2860 facturum.
501 2802 568 2860 Non
590 2804 746 2877 enimait,
771 2803 919 2879 Numquid
934 2803 982 2860 diu

33 2888 113 2945 nebit
126 2889 159 2944 in
173 2891 218 2945 ira
231 2907 283 2945 sua
294 2889 497 2946 miserationes
512 2883 599 2944 suasi
626 2885 678 2944 sed
691 2886 767 2964 quod
786 2905 904 2963 prorsus
921 2905 981 2944 non

33 2973 129 3045 nebit,
145 2971 282 3030 ostendit.

33 3061 59 3112 ic
82 3075 157 3136 ergo
177 3059 228 3115 isti
245 3059 348 3116 volunt
367 3057 468 3114 iudicii
487 3055 544 3114 Dei
565 3057 820 3115 comminationem
837 3074 898 3112 ιιοιι
917 3073 981 3111 esse

33 3160 131 3212 acem,
159 3143 290 3219 quamvis
304 3143 343 3196 sit
356 3142 501 3196 neminem
514 3139 719 3212 damnaturus,
745 3139 981 3215 quernadmodum

33 3227 300 3295 ominationem,
315 3242 371 3298 qua
384 3223 470 3292 dixit,
484 3239 652 3278 eversurum
665 3241 697 3278 se
711 3242 775 3284 esse
789 3222 926 3279 Ninivcm
939 3225 980 3276 ci-

33 3327 83 3378 m,
111 3307 283 3364 mendacem
306 3323 366 3362 non
387 3321 541 3379 possumus
566 3303 679 3376 dicere;
706 3313 736 3360 et
750 3314 849 3359 tanuen
864 3321 924 3358 non
938 3303 980 3358 fn·

33 3398 99 3460 est,
116 3391 277 3462 inquiunt,
295 3385 372 3462 quod
386 3388 450 3442 sine
463 3388 522 3442 nlla
536 3386 704 3442 conditione
716 3384 870 3460 praedixit.
913 3385 979 3442 Non

33 3473 96 3540 ait,
126 3471 237 3527 Ninive
253 3479 417 3541 evertetur,
443 3471 468 3525 si
481 3489 541 3526 non
555 3471 671 3547 egerint
683 3470 908 3542 poenitentiam,
935 3487 980 3524 se-

35 3555 226 3611 orrexerint:
257 3554 309 3610 sed
331 3551 387 3608 hcc
411 3572 470 3610 ιιοιι
494 3552 591 3609 addito
614 3553 832 3628 praenuntiavit
855 3550 980 3610 futurem

34 3656 132 3693 onem
160 3639 238 3694 illius
266 3637 402 3695 civitatis.
436 3639 529 3704 Quam
551 3638 806 3694 comminationem
828 3645 980 3710 propterea

33 3741 76 3777 em
90 3729 218 3797 putant,
231 3719 364 3799 quiahoc
376 3721 522 3796 praedixit
535 3720 615 3778 Deus
630 3719 706 3796 quod
719 3739 788 3777 vere
800 3719 883 3798 digni
897 3729 981 3776 erant

39 3806 186 3882 quamvis
206 3804 260 3864 hoc
278 3824 338 3862 non
358 3815 436 3861 esset
449 3807 511 3880 ipsc
525 3805 664 3861 facturus.
708 3803 782 3860 Nam
795 3814 825 3859 et
838 3790 979 3878 sispoeni-

33 3909 71 3946 us
86 3892 235 3966 pepercit,
249 3891 396 3967 inquiunt,
411 3891 512 3967 utiquc
522 3891 588 3946 illos
601 3889 810 3964 poenitentiam
821 3905 880 3945 non
894 3888 979 3966 igno-
