2576 4396
267 192 326 251 DE
354 192 571 255 clvll'lTE
598 196 676 256 DEI
700 202 781 261 LlB.
803 205 863 264 Xl.
1032 215 1092 274 325

53 354 153 404 eutem
167 344 258 402 nimis
271 343 425 424 indiguum
436 355 481 404 est
493 347 530 404 ad
541 349 627 406 istem
637 351 864 426 disputationem
874 361 1028 439 religionis
1042 365 1092 422 atl-

52 429 187 487 mitterer
210 429 340 484 maxime
353 430 432 504 quod
445 431 520 505 apud
534 451 584 488 eos
599 435 650 508 qui
662 437 762 491 multis
776 437 832 494 diis
846 457 994 500 saerorum
1009 448 1092 504 obse-

53 512 155 589 quium
176 509 367 568 deferendum
379 522 499 587 putant,
526 515 578 570 isti
589 514 776 592 philosophos
793 530 925 578 eaeteroa
939 526 1093 585 nobilitate

51 602 141 670 etque
153 594 333 650 auctoritate
344 596 497 667 vicerunt,
522 615 583 653 non
597 599 632 656 ob
646 599 740 672 aliud,
769 603 828 658 nisi
843 607 911 678 quia
924 608 1014 684 longo
1028 611 1091 684 qui-

52 676 118 734 dem
130 677 309 747 intervallo,
334 688 536 735 verumtamen
553 683 673 756 reliquis
686 686 911 760 propinquiores
930 699 1001 745 sunt
1013 693 1091 746 veri-

51 761 115 817 tati.
159 758 208 817 An
221 758 299 815 forte
312 760 594 836 substantianr'Dei‚
613 781 700 839 quam
712 785 768 823 neo
781 769 952 841 includunt,
972 791 1027 828 nee
1041 773 1091 828 de·

51 843 232 912 terminant,
258 859 315 898 nee
332 841 505 901 distendunt
522 847 602 917 loeo,
629 848 680 903 sed
699 867 779 921 eam,
805 852 881 908 sieut
895 853 930 909 tle
943 853 1008 910 Deo
1020 873 1091 920 ‚sen-

50 926 108 982 tire
123 924 324 1002 dignement,
351 925 483 982 fatentur
501 929 857 1004 incorporeapraeseutia
869 935 976 1010 ubique
989 946 1092 1009 totam,

51 1008 181 1064 stantis
199 1007 332 1063 loeorum
349 1017 434 1064 extra
452 1011 592 1067 mundum
612 1015 713 1087 spatiis
732 1014 882 1072 absentem
900 1037 965 1074 esse
985 1019 1091 1076 dicturi

52 1099 138 1161 runt,
166 1097 271 1146 etune
283 1097 412 1162 tautum,
438 1100 525 1166 atque
547 1095 579 1149 in
599 1099 817 1170 comparatione
835 1101 914 1154 illius
934 1101 1090 1158 infinitatis

51 1183 110 1228 tam
124 1173 238 1250 exiguo
251 1172 336 1243 loeo,
354 1175 386 1229 in
400 1191 456 1248 quo
468 1176 594 1232 mundus
609 1187 671 1248 est,
685 1177 872 1252 ooeupatami
894 1179 962 1237 Nou
976 1185 1090 1256 opinor,

53 1274 102 1312 eos
115 1256 151 1312 in
161 1253 237 1310 haee
248 1255 418 1331 vaniloquia
430 1275 650 1335 progressuros.
693 1259 766 1316 Cum
784 1263 876 1338 igitur
894 1281 986 1318 uuum
1005 1283 1091 1320 mun-

51 1337 121 1394 dum
132 1338 253 1416 ingenti
265 1337 383 1412 quidem
401 1341 478 1410 mole
497 1358 652 1414 corporea,
678 1341 794 1398 finitum
806 1352 904 1399 tamen
918 1353 947 1399 et
960 1347 1024 1401 loeo
1039 1365 1091 1402 suo

51 1421 296 1492 determinatum,
323 1430 354 1477 et
367 1431 508 1495 operante
522 1421 587 1479 Deo
600 1423 710 1480 iactum
729 1442 793 1480 esse
811 1423 925 1482 dieunt:
952 1428 1029 1501 quod
1043 1445 1091 1482 re-

50 1503 199 1579 spondent
211 1503 248 1560 de
260 1503 386 1560 infinitis
401 1513 486 1561 extra
498 1506 640 1562 muudum
652 1507 748 1577 loeis‚·
770 1527 822 1564 eur
839 1509 871 1564 iu
891 1511 934 1564 eis
953 1509 988 1564 ab
1004 1528 1091 1582 opere
1173 1500 1176 1510 ¹

51 1586 134 1644 Deus
157 1595 253 1656 esset3
278 1584 333 1642 hoe
357 1586 413 1642 sibi
434 1587 648 1663 respondeant,
675 1589 711 1646 (le
725 1590 851 1647 infinitis
870 1601 940 1647 aute
952 1591 1090 1648 mundum

49 1669 246 1744 temporibus,
262 1687 314 1725 eur
325 1669 358 1725 in
371 1670 413 1724 eis
427 1670 463 1726 ab
477 1690 566 1745 opere
579 1671 660 1729 Deus
674 1676 841 1730 cessaverit.
884 1673 925 1730 Et
938 1675 1017 1729 sieut
1029 1692 1090 1731 nou

50 1762 94 1809 est
107 1769 310 1826 consequens,
336 1761 371 1810 ut
389 1752 510 1810 fortuito
527 1757 628 1830 potius
648 1775 736 1831 quam
754 1759 869 1813 ratione
883 1757 984 1813 divina
997 1754 1090 1827 Deus,

49 1854 108 1892 non
122 1836 200 1906 alio,
226 1833 279 1889 sed
292 1836 350 1891 isto
363 1836 395 1890 in
410 1853 466 1910 quo
480 1847 526 1893 est
538 1840 618 1909 loeo,
641 1839 782 1896 mundum
795 1841 997 1910 constituerit,
1023 1858 1090 1894 eum

48 1920 160 1993 pariter
178 1916 305 1974 infinitis
323 1917 432 1992 ubique
453 1921 620 1994 patentibus
643 1924 724 1978 nullo
747 1924 958 1978 excellentiore
982 1922 1089 1976 merito

47 2010 149 2076 posset
171 1997 221 2055 hio
244 2001 331 2078 eligi,
357 2003 489 2075 quamvis
509 2003 632 2060 eandem
651 2003 780 2060 divinam
797 2005 957 2074 rationem,
984 2001 1090 2076 quaid

47 2083 160 2140 suetum
173 2091 236 2153 est,
262 2084 344 2139 nulla
361 2085 456 2157 possit
472 2083 599 2141 humane
618 2085 876 2160 comprehendere:
903 2088 945 2140 ita
965 2102 1025 2140 uon
1045 2092 1090 2138 est

49 2183 252 2242 consequens,
277 2174 311 2221 ut
330 2164 394 2221 Deo
412 2166 522 2241 aliquid
541 2169 740 2226 existimemus
759 2168 902 2225 aeoitlisse
924 2165 1089 2236 fortuitum,

48 2250 126 2326 quod
139 2251 193 2306 illo
207 2251 305 2322 potius
319 2266 407 2323 quam
419 2251 566 2306 anteriore
576 2259 708 2326 tempore
720 2247 1009 2317 condiditmundum,
1024 2265 1090 2302 eum

47 2334 214 2408 aequaliter
233 2332 383 2388 anteriora
402 2338 533 2407 tempora
545 2351 597 2408 per
610 2334 759 2392 infinitum
772 2343 851 2392 retro
865 2332 990 2404 spatium
1003 2347 1088 2404 prae-

46 2419 205 2487 terissent,
232 2433 288 2470 nee
305 2413 412 2470 fuisset
431 2416 529 2491 aliqua
546 2414 711 2474 differentia
727 2417 806 2476 unde
827 2423 941 2486 tempus
964 2413 1088 2486 tempori

48 2499 186 2578 eligendo
199 2505 438 2572 praeponeretur.
467 2497 589 2564 Quodsi
602 2498 718 2565 dieunt,
744 2497 848 2553 inanes
862 2513 927 2549 esse
939 2493 1089 2548 hominum

49 2583 267 2660 cogitationes,
294 2580 396 2654 quibus
409 2578 527 2634 infinita
540 2581 739 2652 imaginantur
752 2577 832 2644 loca,
848 2593 914 2630 eum
926 2577 1007 2630 loeus
1020 2575 1088 2628 nul-

48 2667 91 2720 lus
109 2667 151 2720 sit
170 2671 291 2738 praeter
308 2661 463 2718 mnndum:
489 2657 683 2733 respondetur
696 2658 755 2728 eis,
780 2657 838 2712 isto
856 2653 941 2711 modo
959 2655 1089 2710 inaniter

49 2747 181 2804 homines
196 2747 329 2823 cogitare
341 2745 501 2820 praeterita
514 2750 646 2816 tempora
664 2739 828 2798 vacationis
842 2737 915 2808 Dei,
942 2753 1007 2796 oum
1021 2739 1088 2796 nul-

48 2833 106 2887 lum
119 2840 235 2904 tempus
253 2829 293 2884 sit
311 2837 380 2884 ante
398 2824 546 2886 mundum.

456 2993 578 3052 CAP.
621 2993 682 3051 Vl.

54 3091 208 3148 Creats'oas‘r
217 3090 312 3144 mundi
321 3099 348 3143 et
361 3099 508 3159 temporum
519 3107 601 3144 unum
616 3107 671 3142 esse
682 3089 861 3158 principium,
882 3103 929 3139 nee
944 3085 1021 3137 aliud
1034 3083 1089 3136 elio
1189 3137 1195 3144 ,

488 3159 654 3230 praeveniri.

111 3251 147 3309 Si
160 3252 243 3308 euim
256 3258 338 3306 reete
352 3247 560 3306 discernuntur
573 3249 732 3306 aeterniter
746 3255 776 3302 et
786 3256 911 3318 tempus,
925 3241 1002 3317 quod
1014 3251 1087 3298 tem·

52 3351 101 3408 pus
109 3336 176 3390 siue
184 3334 285 3408 aliqua
294 3332 395 3390 mobili
407 3331 602 3387 mutabilitate
614 3348 675 3386 uon
689 3338 742 3400 est,
756 3329 788 3384 iu
802 3328 976 3399 aeternitate
989 3335 1089 3379 autem

51 3419 130 3473 nulla
143 3415 270 3472 mutatio
285 3423 344 3486 est;
370 3414 437 3488 quis
456 3431 517 3470 non
530 3412 629 3469 videat
641 3410 719 3486 quod
731 3420 863 3483 tempora
876 3425 936 3463 non
949 3406 1088 3471 fuissent,

51 3501 108 3564 nisi
121 3507 260 3556 ereatura
272 3496 372 3567 fieret,
386 3513 460 3570 quae
474 3493 585 3568 aliquid
597 3496 695 3570 aliqua
707 3493 838 3548 motione
850 3495 991 3556 nrutaret3
1006 3486 1087 3539 euius

52 3583 191 3639 motionis
205 3589 237 3636 et
249 3579 420 3636 mutationis
435 3595 501 3634 oum
514 3576 591 3632 aliud
604 3585 691 3652 atque
702 3573 797 3644 eliud,
824 3581 898 3646 quae
918 3567 1006 3622 simul
1025 3582 1088 3620 ιιιι

54 3682 111 3722 non
124 3671 263 3740 possunt,
278 3660 356 3718 cedit
368 3670 454 3737 atque
467 3658 609 3730 suoeedit,
620 3661 652 3714 in
665 3655 848 3714 brevioribus
860 3651 908 3709 vol
920 3647 1088 3724 productio-

55 3747 133 3804 ribus
158 3763 309 3804 morarum
333 3744 497 3799 intervallis
524 3748 636 3816 tempus
663 3731 855 3815 sequeretur?
901 3730 972 3790 Cum
997 3731 1089 3808 igitur

55 3825 149 3903 Deus,
173 3831 206 3886 in
226 3829 311 3884 euius
326 3827 500 3882 aeternitate
520 3825 600 3878 nulla
618 3832 663 3878 est
677 3822 794 3878 omnino
808 3817 948 3884 mutatio,
975 3821 1089 3870 oreator
