2592 4396
160 241 166 274 Ι
226 177 286 237 DE
312 175 529 238 ClVlTllTE
554 179 631 238 DEl
653 181 737 239 LlB.
761 181 856 240 Xlll.
1005 189 1063 244 387

32 333 228 413 peccantibus
240 330 403 388 bominibus
416 333 533 408 primis,
560 335 649 390 etiem
666 335 839 391 naturaliter
851 347 1021 412 sequeretur
1034 342 1067 398 in

33 418 228 477 nascentibus
242 418 372 472 caeteris.
414 415 516 492 Neque
529 419 607 472 enim
624 417 665 474 ita
679 415 768 475 ‘homo
782 437 819 474 ex
831 417 965 492 homine,
991 423 1068 479 sicut

32 504 119 561 homo
148 517 188 556 ex
213 501 341 575 pulvere.
383 497 482 556 Pulvis
507 518 630 576 namque
655 500 766 558 homini
782 503 916 560 facienda
930 508 1066 561 materies

32 589 103 644 fuit:
130 585 220 641 home
234 592 332 639 autem
349 582 459 640 homini
472 585 621 662 gignendo
634 603 750 660 parens.
792 585 920 644 Proinde
935 587 1010 664 quod
1023 598 1067 644 est

31 683 124 742 terra,
140 687 205 726 non
217 667 275 722 boc
289 676 334 722 est
346 683 427 740 earo,
442 670 574 742 quamvis
589 686 625 724 ex
637 678 716 725 terra
727 669 804 728 facta
817 673 856 726 sit
874 689 951 728 earo.
984 671 1068 738 Quod

32 767 73 812 est
87 764 195 811 autern
206 767 312 826 parens
325 749 420 823 homo,
434 751 490 808 hoc
504 761 591 808 estet
604 755 698 827 proies
711 752 804 813 bomo.
820 753 855 812 ln
867 757 961 831 primo
974 757 1068 834 igitur

30 840 152 896 homine
167 853 223 912 per
233 833 370 890 feminam
382 837 415 892 in
431 839 600 914 progeniem
617 839 810 896 transiturum
827 841 997 896 universum
1015 858 1067 917 ge-

31 943 85 982 nus
100 922 266 978 humanum
277 919 352 990 fuit,
377 919 491 996 quando
505 922 555 976 illa
569 923 727 1000 coniugum
741 925 843 998 copula
857 923 985 980 divinam
999 941 1066 978 scn-

31 1010 156 1066 tentiam
172 1021 243 1059 suae
256 1003 449 1059 damnationis
466 1006 595 1078 excepit:
608 1013 638 1060 et
650 1005 724 1080 qnod
734 1005 820 1063 homo
831 1007 925 1063 sactus
935 1016 990 1078 est,
1004 1025 1067 1063 non

31 1113 96 1148 cum
122 1096 288 1158 crearetur,
314 1087 365 1142 set
383 1105 449 1142 cum
471 1098 605 1162 peccaret
625 1097 658 1163 ¹et
680 1091 850 1163 puniretur,
876 1090 930 1146 hoc
952 1093 1067 1168 genuit,

31 1184 178 1250 quantum
195 1171 314 1246 quidem
332 1168 438 1226 attinet
455 1171 491 1226 etl
508 1173 622 1246 peceati
640 1181 670 1226 et
687 1175 791 1228 mortis
804 1175 956 1251 originem.
998 1172 1067 1229 Non

29 1262 112 1315 enim
124 1257 166 1313 ed
177 1249 342 1312 infantilem
354 1253 556 1311 hebetudinem
570 1264 600 1309 et
609 1255 808 1311 infirmitatem
820 1258 910 1312 animi
924 1265 953 1311 et
966 1273 1067 1328 eorpo-

26 1345 92 1413 ris,
117 1358 206 1416 quam
217 1337 349 1395 ridemus
362 1339 394 1394 in
407 1339 551 1412 parvulis,
570 1347 690 1411 peccato
703 1339 750 1394 rel
763 1357 857 1414 poena
870 1341 920 1394 ille
933 1339 1068 1395 redactus

26 1436 91 1482 est:
110 1441 186 1500 quae
197 1422 277 1479 Deus
290 1423 385 1478 voluit
397 1439 461 1496 esse
474 1429 610 1496 tanquam
623 1422 780 1496 primordia
794 1425 972 1495 catulorum,
995 1441 1067 1498 quo-

25 1529 96 1566 rum
110 1516 249 1584 parentes
272 1507 304 1562 in
328 1497 479 1561 bestialem
500 1507 592 1561 vitam
609 1513 788 1580 mortemque
807 1507 967 1580 deiecerat:
992 1508 1069 1562 sieut

27 1585 177 1669 seriptum
190 1600 245 1660 est,
259 1587 355 1646 Home
368 1607 430 1645 cum
440 1591 470 1645 in
481 1587 589 1645 bonore
603 1600 691 1658 earet,
705 1607 761 1645 non
774 1589 938 1664 intellexi&
950 1607 1066 1668 compa-

23 1689 119 1736 ratus
138 1685 187 1733 eet
200 1673 360 1754 peceribus
378 1671 701 1747 non'a'ntelligentibaa,
728 1683 758 1730 et
776 1673 881 1730 similis
892 1675 1004 1746 fectae
1022 1683 1069 1730 est

26 1762 102 1818 illia.
127 1759 198 1816 Nisi
211 1753 289 1832 quod
301 1753 430 1812 inientes
443 1755 618 1811 infirmiores
632 1758 720 1812 etiam
734 1759 878 1814 cernimus
893 1760 924 1814 in
937 1756 991 1814 usu
1005 1777 1068 1814 mc-

23 1855 120 1920 tuque
133 1841 333 1899 membrorum
345 1848 374 1894 et
391 1857 477 1896 sensu
490 1839 643 1914 appetendi
657 1851 744 1916 atque
756 1841 884 1914 vitandi,
899 1841 985 1918 quam
998 1851 1069 1899 sunt

25 1931 158 1986 aliorum
173 1924 326 1983 tenerrimi
338 1922 432 1979 foetus
452 1925 637 1980 animalium:
657 1933 797 2000 tanquam
811 1944 843 1981 se
858 1935 940 1982 tanto
955 1927 1070 1982 attollat

24 2012 231 2070 excellentius
245 2025 334 2082 supra
346 2017 460 2062 caetera
473 2008 633 2063 animantia
645 2010 689 2064 ris
702 2007 838 2079 humana,
851 2019 960 2083 quanto
973 2011 1068 2085 magis

22 2102 173 2172 impeturn
187 2111 287 2162 suum,
300 2093 383 2147 velut
395 2093 519 2169 sagitta,
532 2109 598 2146 cunr
611 2109 695 2148 arcus
710 2091 893 2162 extenditur,
907 2101 1069 2149 retrorsum

21 2183 155 2238 reducta
169 2175 326 2234 distulerit.
357 2174 424 2230 Nou
439 2193 509 2252 ergo
523 2173 559 2229 ad
572 2175 629 2230 ista
642 2175 790 2232 infantilia
803 2174 970 2231 rudimenta
981 2193 1067 2251 prae-

19 2266 183 2323 sumtione
196 2261 301 2317 illicita
315 2268 345 2314 et
358 2257 544 2316 damnatione
557 2260 635 2315 iusta
644 2261 798 2336 'prolapsus
811 2261 858 2317 rel
871 2259 1011 2334 impulsus
1024 2269 1069 2316 est

19 2352 142 2427 primus
160 2346 264 2403 homo:
292 2343 343 2400 sed
359 2341 497 2398 hactenus
510 2344 542 2398 in
556 2361 592 2398 eo
605 2353 710 2401 natura
727 2342 853 2400 bumana
865 2345 968 2400 vitiata
982 2353 1069 2418 atquc

18 2441 145 2492 mutata
159 2439 224 2502 est,
248 2437 281 2483 ut
297 2435 509 2505 repugnantem
527 2434 676 2500 pateretur
693 2429 726 2482 in
743 2427 879 2481 membris
897 2425 1069 2481 inobedien-

18 2521 102 2576 tiam
116 2511 364 2588 coneupiseendi,
378 2519 408 2566 et
420 2509 655 2586 obstringeretur
666 2511 839 2564 necessitate
853 2507 1012 2578 moriendi3
1024 2515 1069 2562 at-

18 2621 86 2679 que
99 2604 145 2657 ita
157 2598 190 2655 i'd
203 2596 281 2673 quod
292 2597 368 2654 vitio
378 2609 529 2672 poenaque
542 2592 636 2647 factus
650 2601 711 2662 est,
725 2589 755 2646 id
769 2600 829 2662 est,
843 2591 987 2647 obnoxios
1000 2609 1068 2664 pec-

18 2697 98 2746 eato
112 2683 264 2756 mortique
277 2687 440 2758 generaret.
476 2675 571 2751 Aquo
584 2677 698 2750 peceati
711 2675 840 2748 vinculo,
854 2677 879 2730 si
893 2671 1068 2750 perMedia-
1141 2697 1143 2706 ·

16 2772 108 2830 toris
125 2767 251 2845 gratiam
264 2765 417 2820 solvuntur
429 2759 573 2832 infantes,
600 2759 677 2816 hane
699 2761 789 2816 solam
812 2768 936 2816 mortem
958 2759 1071 2834 perpeti

14 2859 180 2934 possunt,
202 2867 277 2924 quae
294 2849 418 2903 animam
438 2845 568 2922 seiungit
585 2862 603 2900 a
624 2861 757 2920 corpore:
784 2845 815 2900 in
829 2841 986 2900 secundam
998 2861 1069 2900 vero

16 2941 118 2996 illam
142 2936 207 2991 sine
230 2931 289 2988 fine
311 2932 462 3008 poenalem
487 2929 602 2985 liberati
624 2947 642 2984 a
665 2930 778 3004 peceati
804 2927 982 3008 obligatione
1009 2946 1069 2984 non

14 3028 201 3082 transeunt.

440 3099 462 3156 C
483 3101 507 3156 Α
528 3099 560 3155 Ρ.
603 3094 662 3152 lV.

15 3203 91 3256 Our
108 3198 145 3251 ab
160 3197 203 3249 bie
217 3196 328 3266 qui-per
339 3196 461 3264 gratiam
475 3193 688 3264 regenerationis
702 3193 819 3245 absoleti
836 3201 900 3245 eunt
919 3209 935 3244 a
947 3201 1070 3260 peceato,

244 3284 298 3319 noo
308 3265 455 3336 auferetur
464 3281 544 3327 more,
553 3265 583 3314 id
592 3271 640 3326 est,
653 3280 739 3332 poena
747 3262 864 3330 peccati.

96 3359 133 3416 Si
143 3374 231 3434 quem
240 3367 310 3414 vcro
320 3363 427 3426 moret,
441 3373 495 3412 cur
506 3356 555 3411 vel
566 3355 661 3426 ipsam
673 3354 832 3428 patiantur,
847 3352 872 3406 si
886 3352 988 3422 etipsa
1000 3339 1069 3422 p'oe-

8 3470 58 3510 na
83 3445 208 3522 peceati
228 3451 289 3512 est,
312 3451 434 3520 quorum
452 3457 504 3512 per
522 3438 649 3516 gratiam
662 3444 758 3492 reatus
772 3435 918 3502 abolenm
944 3433 1001 3486 iam
1015 3433 1071 3485 ista

8 3530 171 3612 quaestio
182 3527 214 3582 in
224 3527 286 3581 alio
294 3532 396 3580 nostro
407 3523 512 3598 Opere,
528 3519 604 3596 quod
617 3521 784 3595 scripsimus
799 3516 834 3572 de
847 3515 989 3588 baptismo
1002 3529 1070 3586 par-

8 3619 187 3682 vulorum,
201 3617 328 3665 tractata
341 3623 376 3662 ac
389 3609 483 3663 sohrte
497 3613 555 3660 est:
574 3605 622 3660 ubi
635 3603 744 3660 dictum
758 3610 813 3672 est,
827 3597 931 3655 adhoc
944 3595 1072 3670 relinqui

8 3703 153 3760 animae
171 3693 403 3768 experimentum
422 3689 644 3764 separationisa
664 3703 799 3762 corpore,
826 3681 956 3758 quamvis
976 3677 1071 3734 ablato

8 3791 84 3846 [am
112 3778 251 3836 criminis
273 3793 369 3846 nexu,
402 3774 537 3848 quoniam
556 3773 582 3827 si
600 3769 836 3850 regenerationis
859 3773 1071 3820 sacramentum

8 3866 182 3932 continuo
198 3867 369 3935 sequeretur
381 3857 581 3914 immortalitas
596 3855 737 3994 corpor-pp,
755 3854 817 3927 ipsa
830 3849 901 3908 tides
916 3865 1071 3906 enervare·

728 3938 746 3996 b
764 3939 784 3992 2
