2538 4392
183 223 238 284 DE
267 219 489 286 clvlrn‘rn
513 223 593 282 DEI
614 223 700 282 LlB.
723 223 850 284 xvlll.
969 232 1030 290 22³

34 379 146 452 acipiunt
164 383 332 450 potestatem
350 376 541 450 corporaliter
560 374 725 454 affligendi,
752 387 892 439 exercent
905 381 966 439 eius
979 400 1029 456 pa-

34 464 149 532 lentiam
164 461 188 520 si
200 458 401 536 tantummodo
414 461 490 518 male
504 459 658 519 sentiendo
673 459 876 532 adversantur,
891 475 1029 522 exercent

34 548 71 602 ius
84 543 257 618 sapientiam
282 551 316 603 ut
333 551 432 600 autem
453 543 542 600 etiarn
561 543 674 601 inimici
687 543 864 622 diligantur,
888 557 1029 608 exercent

34 633 69 684 lus
82 626 317 696 benevolentiam,
331 635 383 686 aut
396 627 484 686 etiam
495 625 734 697 beneficentiam,
750 628 813 684 sive
826 627 963 686 suadibili
976 627 1027 686 do-

34 713 96 767 :rina
109 727 167 766 euno
179 710 222 766 eis
236 717 352 785 agatur,
367 711 428 766 sive
442 708 567 766 terribili
580 707 744 782 disciplina.
775 709 818 768 Ac
830 729 883 784 per
895 709 950 770 hoe
964 709 1026 766 dia·

34 797 84 851 olus
96 793 221 867 princeps
234 792 339 864 impiae
352 790 498 862 Civitatis,
525 790 665 850 adversus
677 793 915 870 peregrinantem
929 794 960 854 in
972 791 1027 852 hoe

35 876 106 934 undo
116 874 265 932 Civitatem
274 873 332 930 Dei
344 893 415 931 vasa
427 876 545 949 proprie
559 873 778 946 commovendo,
791 874 865 934 nihil
877 877 906 932 ei
919 895 1028 936 nocere

34 961 179 1016 inmittitur.
213 955 269 1015 Cui
281 959 382 1031 procul
396 956 483 1016 dubio
497 967 527 1016 et
539 957 627 1017 rebus
640 960 787 1035 prosperis
803 949 984 1031 consolatio,
997 967 1031 1016 ut

34 1042 218 1120 infrangatur
232 1039 379 1112 adversis3
406 1049 436 1098 et
451 1041 539 1098 rebus
557 1039 691 1098 adversis
703 1043 891 1114 exercitatio,
915 1051 949 1102 ut
970 1059 1029 1103 non

34 1133 193 1199 irrumpatur
203 1125 361 1198 prosperis,
387 1141 440 1197 per
457 1122 587 1201 divinam
607 1122 820 1198 providentiam
840 1135 1029 1199 procuratur:

35 1227 87 1284 que
99 1209 137 1263 ita
149 1215 323 1280 temperatur
335 1214 491 1280 utrumque
505 1205 540 1262 ab
555 1207 709 1276 alterutro,
727 1208 805 1262 utin
820 1205 935 1262 Psalmo
948 1210 1030 1262 illam

34 1310 103 1347 soem
116 1307 173 1346 non
185 1287 301 1346 aliunde
314 1303 507 1366 agnoscamus
522 1277 671 1368 exortamr
683 1286 848 1346 Secundum
861 1289 1030 1346 multitudi-

34 1394 66 1430 em
80 1372 203 1432 delorem
215 1389 344 1428 nieorum
358 1372 389 1438 in
402 1371 490 1429 corde
503 1389 580 1442 neec,
607 1361 825 1442 consolationes
845 1381 915 1431 tuae
929 1373 1030 1428 incan-

34 1465 142 1515 icernnt
158 1455 285 1510 animam
302 1471 404 1514 meam.
432 1453 511 1510 Hine
524 1463 570 1510 est
583 1464 617 1510 et
625 1453 699 1512 illut
710 1454 856 1528 Apostoli:
867 1437 870 1451 ¹
883 1451 941 1532 Spe
953 1439 1029 1529 pan-

34 1548 109 1608 ntes,
122 1539 151 1594 in
164 1536 356 1594 tribulatione
363 1538 528 1613 patientes.

56 1622 129 1678 Nem
141 1628 170 1676 et
181 1618 221 1689 id,
235 1618 312 1694 qnod
326 1621 368 1676 ait
381 1619 457 1677 idem
469 1620 581 1690 doctor,
598 1619 884 1695 Quicunque-volant
896 1619 926 1678 in
942 1617 1029 1682 Ciri-

34 1726 42 1762 ι
50 1705 105 1782 pie
116 1704 229 1773 cicere,
248 1705 487 1779 persecutionem
503 1705 682 1779 patientur,
709 1703 798 1769 nullis
812 1701 972 1780 pptendum
986 1710 1031 1760 est

34 1806 97 1845 esse
109 1803 192 1860 posse
204 1784 392 1858 temporibus.
415 1787 490 1853 Quia
503 1795 532 1842 et
547 1803 614 1850 cum
627 1784 666 1850 ab,
678 1785 720 1848 eis
735 1787 785 1858 qni
798 1785 872 1852 foris
886 1794 955 1840 sunt
969 1803 1028 1840 non

34 1869 208 1940 avientibus,
233 1867 350 1926 videtur
364 1887 429 1924 esse
442 1871 651 1943 tranquillitas,
679 1878 708 1924 et
721 1886 754 1924 re
767 1886 840 1930 vcra
851 1877 911 1939 est,
937 1868 1029 1942 pluri·

34 1971 128 2026 unque
142 1951 350 2012 consolationis
364 1947 605 2023 affert,maxi1ne
622 1951 764 2019 infirmis3
791 1960 964 2016 nontamen
978 1949 1028 2004 de-

34 2047 75 2107 nt,
89 2038 146 2090 imo
159 2035 244 2098 multi
258 2043 328 2089 sunt
340 2035 433 2103 intus,
447 2035 499 2107 qui
516 2033 605 2089 corda
617 2034 665 2104 pie
678 2033 844 2096 viventium
857 2033 918 2089 suis
932 2031 1030 2103 perdi-

39 2119 171 2176 mcribus
190 2118 336 2177 cruciant:
364 2117 503 2190 quoniam
520 2135 572 2189 per
592 2133 641 2171 eos
659 2112 875 2190 blasphemetur
889 2111 1031 2174 Christia-

34 2223 60 2258 nr
76 2211 106 2256 et
120 2198 295 2266 catholicum
308 2216 430 2254 nornen:
458 2198 534 2272 quod
547 2207 658 2272 quanto
672 2205 718 2250 est
732 2195 829 2260 carius
844 2195 898 2264 eis,
913 2195 965 2268 qui
977 2211 1030 2250 vo·

34 2297 52 2342 t
67 2286 117 2358 pie
131 2285 231 2342 vivere
246 2284 277 2343 in
289 2279 417 2352 Christo,
440 2289 524 2339 tanto
538 2281 633 2356 magis
647 2279 761 2348 dolent,
783 2275 860 2351 quod
872 2295 925 2350 per
938 2276 1030 2332 nialus

34 2387 68 2425 ns
82 2367 195 2440 positos
208 2365 253 2436 fit,
265 2373 300 2422 ut
311 2365 407 2422 minus
419 2381 504 2438 quani
516 2365 632 2438 piorum
644 2371 758 2428 mentes
773 2359 951 2429 desiderant,
964 2359 1029 2414 dili-

34 2469 84 2510 ur.
110 2449 171 2524 lpsi
185 2465 299 2523 quoque
312 2444 462 2513 haeretiei,
476 2465 542 2504 cunr
558 2443 780 2520 [Christianum]
797 2445 966 2519 cogitantur
979 2439 1030 2496 hu-

34 2557 51 2592 e
70 2551 182 2590 nomen
195 2541 226 2587 et
238 2537 422 2588 sacramenta
436 2527 618 2598 Christiana,
639 2535 668 2581 et
680 2525 861 2600 Scripturas,
876 2534 907 2580 ot
918 2523 1029 2598 proies·

34 2636 114 2686 rem,
140 2633 283 2692 magnum
297 2613 428 2668 dolorem
441 2611 554 2666 faciunt
568 2612 599 2666 in
614 2601 759 2674 cordibu⁴
764 2610 892 2682 piorum:
920 2607 989 2679 quia
1003 2613 1032 2658 et

34 2703 68 2758 lti
95 2700 235 2756 volentes
262 2715 327 2754 esse
353 2693 529 2764 Christiani,
563 2701 682 2767 propter
708 2709 808 2749 eorum
831 2688 1032 2756 dissensiones

34 2786 136 2840 sitnrc
152 2787 318 2858 coguntur,
344 2777 474 2834 etmulti
494 2775 630 2831 maledici
653 2775 740 2840 etiarn
758 2775 789 2828 in
809 2771 854 2836 his
874 2771 1033 2828 inveniunt

34 2868 142 2924 :eriam
157 2861 377 2938 blasphemandi
390 2859 591 2918 Christianum
604 2872 728 2928 nomen;
755 2857 822 2932 quia
841 2864 871 2910 et
888 2855 945 2928 ipsi
958 2871 1031 2930 quo-

50 2947 149 3006 modo
165 2945 328 3004 Christiani
341 2945 534 3020 appellantur.
572 2941 627 2998 His
649 2949 736 3014 atque
755 2937 922 3006 huiusmodi
934 2937 1033 3011 pravis

34 3035 115 3088 ibus
131 3038 164 3086 et
178 3029 327 3089 erroribus
340 3027 490 3087 homiuum
502 3026 738 3099 persecutionem
750 3025 904 3098 patiuntur
917 3021 967 3096 qui
980 3039 1032 3076 vo·
1131 3028 1135 3034 '

34 3139 39 3173 ;
54 3118 91 3172 in
106 3112 231 3172 Christo
244 3113 292 3186 pie
305 3113 416 3181 vivere,
431 3111 519 3166 etiam
532 3110 612 3164 nullo
626 3107 786 3164 infestante
798 3124 893 3180 neque
905 3112 1035 3180 vexante

34 3217 85 3255 rus
106 3198 242 3260 illorum.
277 3193 436 3250 Patiuntur
450 3192 555 3266 quippe
568 3188 644 3246 hene
657 3191 901 3262 persecutionem,
928 3187 1034 3242 nonin
1086 3229 1089 3235 Δ

34 3280 174 3350 roribus,
190 3277 287 3334 sedin
302 3275 445 3332 cordibus.
470 3271 556 3328 Vnde
568 3273 619 3328 illa
633 3287 690 3327 vox
704 3278 762 3324 est:
785 3267 948 3328 Secundam
961 3263 1035 3320 naai-

34 3365 146 3422 dinem
162 3359 299 3418 dolorem
312 3375 440 3417 meorum
454 3356 484 3410 in
498 3355 586 3412 cende
597 3371 667 3408 meo.
687 3349 755 3406 Non
766 3349 907 3418 enimait,
920 3345 955 3406 ln
969 3363 1034 3400 cor-

34 3467 40 3501 ι
64 3463 154 3505 meo.
194 3441 254 3498 Sed
272 3457 374 3498 rursus
394 3437 533 3521 quoniam
547 3435 718 3512 cogitantur
731 3429 922 3492 immutabilia
935 3426 1036 3490 divina

34 3530 144 3598 nisse,
160 3535 194 3582 et
208 3523 286 3600 quod
298 3525 341 3578 ait
352 3520 525 3596 Apostolus,
550 3515 641 3574 Novit
654 3513 799 3570 Dominus
813 3511 864 3586 pai
878 3519 948 3576 sant
960 3510 1035 3576 eins,

34 3629 57 3668 *s
72 3611 164 3668 enim
173 3607 358 3686 praescivit,
372 3614 402 3666 et
408 3599 655 3679 praedestinavit
665 3595 832 3666 conformes
847 3589 947 3668 [fieri]
963 3592 1036 3646 ima-

34 3712 49 3750 s
67 3691 160 3750 Filii
174 3692 241 3763 sni,·
253 3707 291 3744 ex
304 3689 347 3742 eis
360 3686 457 3760 perire
470 3683 568 3740 nullus
582 3688 694 3756 potest:
715 3677 781 3734 ideo
795 3675 926 3748 sequitur
938 3675 970 3730 in
983 3674 1036 3730 illo
1088 3723 1091 3730 .

35 3794 112 3832 rno:
135 3772 366 3834 Consolationes
381 3778 451 3826 tuce
464 3765 701 3822 incandavernnt
714 3761 842 3828 anienem
855 3776 956 3815 meam.
975 3755 1036 3813 Do-

34 3867 148 3914 sutem
164 3857 243 3930 ipse,
271 3855 321 3927 qui
334 3852 370 3918 fit
381 3852 411 3906 in
426 3847 561 3916 cordibus
575 3847 707 3920 piorum,
736 3859 808 3916 quos
821 3849 1037 3914 persequuntur
