2530 4392
189 226 243 285 un
271 213 491 289 crvrsinn
515 229 598 290 oni
627 229 710 292 nus.
731 231 814 296 xx.
951 245 1013 304 ms

62 383 114 437 nnio
125 391 209 438 cutem
230 379 298 452 filii
313 392 384 439 aunt
396 401 537 460 nequam.-
562 385 698 444 inimicae
711 396 810 447 umen
823 394 876 466 qni
886 397 1014 456 semina-

62 483 92 534 ιιι,
103 474 141 524 eu
152 464 292 522 diodolus:
305 469 409 556 nepesin
417 477 515 525 cutem
528 473 737 528 consummatio
750 473 866 531 saccali
871 487 925 548 est,
938 497 1013 537 nes-

62 565 78 603 n
88 567 148 607 cero
160 545 262 625 Angels'
270 558 348 606 eunt.
369 547 455 608 Sicut
468 569 539 628 ergo
554 551 736 628 colliguntur
746 556 884 628 zizania,
902 571 934 617 ct
944 564 1013 636 igni

62 632 203 705 inunctum·
218 635 262 689 sic
275 634 335 692 erit
348 635 378 691 in
392 636 640 692 consummatione
652 639 773 694 soeculi.
799 637 903 700 Mutet
916 641 1013 700 Filius

62 717 112 772 inis
122 714 239 791 Angelos
252 733 335 786 suos,
350 727 379 774 et
393 717 533 794 colligent
545 719 580 775 de
592 737 685 795 regno
698 723 760 778 eius
772 726 870 780 onnia
883 727 1011 784 scanda-

65 810 91 855 et
102 816 145 856 eos
158 801 204 875 poi
214 799 343 870 faciunt
355 801 558 878 iniquitatem,
585 812 615 858 et
628 805 748 861 mittent
760 823 808 863 eoa
821 809 853 862 in
867 811 1013 866 concinunt

62 899 85 938 r:
107 882 145 938 iot
154 883 208 940 ecit
218 883 313 958 fletus
327 894 357 940 et
370 882 486 941 stridor
500 885 638 942 dentium.
670 885 839 948 rancum·
842 890 1012 970 fulgebunt

62 966 119 1022 tsol
130 967 157 1021 in
171 985 258 1042 regno
269 964 375 1023 Putris
389 985 496 1024 eorum.
511 967 574 1038 Qui
587 968 675 1026 labet
689 989 779 1030 nureo
793 974 944 1046 audiendi,
959 995 1009 1032 na-

62 1091 64 1104 .
87 1049 140 1105 Hic
151 1049 260 1125 quidem
273 1049 415 1108 iudicium
426 1053 475 1107 vel
488 1051 566 1109 diem
579 1053 682 1109 iudicii
694 1071 754 1111 non
770 1058 945 1129 concinant,
960 1058 1012 1114 scd

62 1153 76 1189 o
90 1151 150 1189 cnm
162 1135 265 1189 clarius
279 1135 350 1210 ipsis
365 1135 453 1192 rebus
468 1137 623 1216 expressit,
644 1139 718 1193 etin
732 1137 792 1195 fine
806 1143 914 1199 saeculi
929 1142 1011 1198 lutu-

64 1237 124 1273 csse
136 1216 283 1291 praedixit.

62 1311 115 1356 tem
127 1301 270 1375 discipulis
285 1303 361 1359 suis:
386 1301 489 1372 Amen,
503 1304 610 1378 inquit,
626 1303 690 1360 dico
703 1303 795 1375 codis,
809 1306 886 1382 qnod
896 1323 948 1363 coa
963 1311 1015 1384 qni

62 1388 78 1440 ιι’
88 1386 157 1441 estis
169 1401 226 1455 ne,
253 1388 284 1441 in
299 1387 543 1462 regeneratione,
570 1405 634 1443 cuns
652 1388 766 1445 cederit
778 1387 875 1445 Filius
888 1388 1012 1446 dominia

62 1470 92 1524 de
105 1469 266 1524 maiestatis
280 1485 363 1538 auce,
384 1469 525 1526 sedebitis
540 1479 570 1526 ct
582 1487 633 1526 cos
648 1487 739 1548 super
752 1473 837 1529 aedes
851 1473 1012 1542 duodecim,

62 1561 144 1607 untes
157 1551 304 1608 duodecim
318 1552 414 1609 tribua
429 1549 536 1609 Iacuit.
569 1551 649 1610 llinc
663 1553 800 1610 discimus
814 1573 880 1612 cum
893 1557 954 1611 suis
967 1556 1012 1612 di·

63 1636 98 1689 lis
111 1633 301 1690 iudicaturum
314 1634 419 1691 lesum.
451 1633 534 1692 Vnde
548 1646 579 1692 et
592 1637 662 1692 alibi
675 1637 791 1694 ludaeis
805 1638 895 1695 dixit:
910 1636 947 1696 'Si
959 1659 1013 1716 ego

62 1717 178 1775 wlnodud
192 1719 276 1775 eiicio
290 1719 456 1788 doemonia,
467 1718 534 1790 filii
544 1722 642 1777 uestri
653 1723 683 1777 in
698 1739 753 1798 quo
767 1720 912 1779 eiicienti
940 1719 1012 1780 Ideo

62 1802 161 1858 'udices
173 1803 268 1858 uestri
279 1812 377 1859 erunt.
412 1801 475 1858 Nec
493 1805 630 1878 qnoniam
651 1821 741 1878 super
760 1803 913 1862 duodecim
926 1806 1011 1862 sedes

62 1903 111 1940 ros
125 1885 258 1955 essenii,
280 1884 432 1941 duodecim
445 1888 521 1948 solos
535 1885 669 1944 homines
683 1907 751 1945 cum
763 1890 815 1945 illo
829 1889 1012 1946 iudicaturos

62 1989 76 2024 c
91 1967 233 2024 debemus.
266 1965 457 2025 Duodenario
478 1972 584 2046 quippe
597 1989 738 2044 numero,
762 1974 903 2030 universa
916 1991 1011 2048 ‘qnae-

62 2051 216 2129 cignificatn
229 2061 275 2108 est
286 2051 478 2109 iudicantium
490 2053 664 2124 multitudo,
690 2063 810 2129 propter
824 2055 896 2110 duas
914 2063 1012 2128 partes

62 2139 86 2191 ri
100 2137 268 2210 septenarii,
279 2153 337 2211 quo
348 2134 534 2214 significatur
544 2138 715 2212 plerumque
729 2139 923 2193 universitas:
938 2155 1013 2212 quse

62 2229 169 2294 partes,
182 2219 212 2274 id
226 2229 281 2288 est,
295 2220 353 2275 tria
369 2227 399 2275 et
413 2227 550 2294 quatuor,
564 2221 658 2276 ultera
669 2237 721 2294 per
734 2221 857 2277 alteram
870 2221 1011 2295 multipli-

65 2303 220 2360 duodecim
232 2304 355 2360 faciunt.
375 2302 450 2360 Nam
460 2311 492 2359 et
505 2311 631 2378 quatuor
641 2311 700 2375 ter,
709 2311 745 2360 et
754 2305 814 2360 trin
826 2312 927 2381 quater
938 2303 1012 2360 duo-

76 2395 160 2444 snnt:
176 2389 244 2442 etsi
257 2405 315 2462 qns
328 2387 386 2444 alia
399 2385 485 2443 huius
500 2385 673 2443 duodenarii
687 2389 814 2460 numeri,
827 2405 900 2463 quac
912 2385 1013 2444 adhoc

68 2513 78 2544 ,
106 2472 182 2526 ratio
195 2471 351 2546 reperitur.
385 2469 523 2546 Alioquin
537 2472 677 2546 qnoniam
690 2471 722 2527 in
740 2473 836 2528 locum
849 2471 1011 2528 hidaetra-

63 2575 68 2611 ι
84 2556 260 2628 Apostolum
271 2553 425 2612 Matthiam
436 2555 561 2632 legimus
572 2554 752 2626 ‹ndinntum3
765 2554 920 2629 Apostolus
932 2553 1012 2610 l‘an·

63 2641 85 2694 ri
100 2641 167 2713 plus
183 2640 243 2694 illis
258 2638 393 2694 omnibus
407 2637 563 2710 laboravit,
584 2637 636 2692 nbi
649 2636 887 2694 adiudicandum
898 2637 1011 2709 sedeat,

63 2723 175 2779 sbebit:
205 2724 256 2797 qui
273 2720 407 2796 proiecto
429 2739 495 2777 cum
512 2721 577 2778 eliis
591 2721 702 2776 sanctis
716 2721 753 2777 ad
766 2737 921 2777 numerum
934 2719 1010 2776 iudi·

63 2827 70 2860 >
86 2807 244 2880 pertinere
257 2806 449 2877 demonstrat,
469 2823 535 2862 cum
548 2803 634 2861 dicit:
660 2801 792 2862 Nescitis
806 2805 876 2882 quic
890 2802 1012 2880 angelos

63 2887 184 2946 binuso?
214 2888 261 2945 Dc
280 2889 352 2963 ipsis
371 2905 487 2965 quoqne
499 2887 664 2945 indicendis
683 2889 716 2944 in
725 2886 785 2944 <hoc
798 2906 922 2946 numero
938 2886 1011 2943 duo·

63 2991 82 3028 ο
99 2973 210 3028 similis
225 2989 314 3030 causa
328 2981 381 3030 est.
418 2971 486 3030 Non
500 2974 579 3030 enim
593 2973 663 3048 quin
676 2971 787 3029 dictum
801 2981 857 3045 cst,
877 2972 1013 3029 iudican-

63 3056 179 3112 cdecinn
193 3057 292 3114 tridua
305 3054 416 3128 deruit,
434 3057 526 3114 tribus
538 3056 624 3130 Leni,
639 3073 714 3132 qnae
728 3058 816 3113 tertia
830 3055 943 3113 decima
957 3065 1012 3125 est,

63 3139 234 3196 iudicanda
248 3159 309 3197 nou
325 3142 397 3213 erit,
417 3151 469 3197 ant
483 3143 576 3197 solum
592 3143 673 3197 illum
686 3142 834 3215 populum,
849 3157 910 3196 non
924 3139 1014 3194 etiam

64 3242 89 3278 rs
104 3232 220 3300 gentes
235 3223 414 3280 indicabunt.
448 3221 709 3294 armassemus,
729 3225 759 3278 in
773 3221 1012 3298 regeneratione,

69 3306 168 3362 dnbio
185 3316 373 3364 mortuorum
386 3308 634 3362 resurrectionem
647 3305 767 3361 nomine
780 3304 876 3360 voluit
886 3319 1012 3378 regene-

64 3407 76 3443 s
93 3390 244 3466 intelligi.
280 3387 332 3446 Sic
346 3391 425 3444 enim
440 3406 509 3446 caro
523 3398 628 3446 nostra
646 3386 874 3464 regenerabitur
893 3401 945 3458 per
965 3385 1013 3438 in-

64 3473 202 3545 ionem,
230 3471 470 3548 quemadmodum
483 3482 529 3529 est
542 3473 640 3529 anima
653 3478 755 3526 nostra
768 3473 944 3546 regenerata
961 3483 1013 3540 per

65 3641 112 3695 lta
128 3649 311 3714 praetereo,
335 3657 409 3716 quae
423 3639 576 3697 de-ultimo
595 3637 706 3695 indicio
724 3637 767 3692 ita
788 3633 846 3690 dici
864 3629 1014 3699 videntur,

64 3731 174 3798 genter
194 3725 384 3780 considerato
401 3725 587 3796 reperiantur
610 3721 765 3794 ombignu‚
790 3717 839 3772 ccl
861 3715 954 3794 magis
978 3713 1015 3771 ed

64 3808 266 3878 certina-,utin
293 3807 356 3862 aive
375 3805 489 3861 scilicet
512 3803 548 3860 nd
570 3821 636 3859 eum
655 3799 818 3859 salvatoris
843 3797 1014 3867 adventum,

64 3909 71 3944 .·
94 3901 207 3947 totum
227 3890 283 3947 hoc
302 3899 415 3966 tempus
435 3889 467 3946 in
484 3887 617 3945 Ecclesia
637 3903 689 3942 suc
706 3885 803 3959 venit,
825 3881 880 3940 hcc
901 3891 959 3953 est,
985 3882 1014 3937 iu

667 3967 724 4028 82
