2592 4396
210 207 229 260 8
440 191 539 252 DlVl
562 185 756 248 AVRELll
777 185 1028 246 AVGVSTlNl

211 353 350 421 tristitia,
376 348 435 404 nisi
454 346 590 402 voluntas
606 343 639 398 in
660 339 873 396 dissensionem
893 338 928 395 ab
941 337 987 394 his
1000 355 1074 414 quae
1086 339 1237 406 nolumusl

211 436 270 495 Sed
285 452 351 490 eum
365 428 564 486 consentimus
583 422 744 499 appetendo
765 441 800 479 en
817 441 893 498 quae
907 423 1059 495 volumus,
1085 424 1239 499 eupiditss;

211 537 278 577 eum
288 524 386 572 autem
399 511 599 568 consentimus
612 507 738 564 fruendo
751 505 796 562 his
809 523 883 581 quae
898 506 1048 578 volumus,
1066 507 1177 563 laetitia
1191 526 1240 564 vo-

213 610 304 658 eatur.
337 595 466 670 Itemque
482 612 549 649 eum
562 591 751 648 dissentimus
765 588 801 645 ab
816 587 943 664 eoquod
956 588 1088 646 accidere
1102 591 1240 662 nolumus,

211 684 279 740 telis
292 682 427 738 voluntas
441 687 536 733 metus
550 685 613 746 est3
640 693 707 730 eum
729 682 825 730 sutem
848 671 1036 727 dissentimus
1059 672 1094 728 ab
1115 673 1240 748 eoquod

212 762 381 822 nolentibus
395 759 516 830 aeeidit,
545 760 612 815 talis
627 759 764 815 voluntas
773 757 900 811 tristitie
913 763 967 811 est.
1009 752 1050 810 Et
1061 756 1181 810 omnino
1194 775 1242 830 pro

213 849 357 906 varietate
370 862 470 898 rerum
484 859 557 917 quae
569 848 747 915 appetuntur
760 848 847 913 atque
859 836 1029 916 fugiuntur,
1055 839 1135 894 sieut
1155 839 1240 894 alliei-

213 941 262 986 tur
275 930 323 986 vel
336 924 494 982 offenditur
506 925 643 980 voluntas
656 921 799 990 hominis,
822 924 863 976 ita
876 922 907 978 in
920 920 973 976 hos
987 922 1036 978 vel
1049 922 1115 976 illos
1129 919 1242 978 affeetsn
1264 946 1265 972 ι

214 1021 343 1068 mutatur
363 1019 393 1064 et
410 1010 544 1064 vertitur
588 1007 769 1079 Quapropter
786 1002 871 1060 homo
893 1005 942 1078 qui
964 1002 1125 1060 seeundum
1144 1002 1266 1073 Deum,

215 1112 274 1151 non
289 1090 448 1150 seeundum
458 1089 605 1146 hominem
617 1089 702 1158 vivit,
717 1096 832 1162 oportet
845 1095 878 1142 ut
891 1088 931 1142 sit
945 1095 1058 1142 amator
1071 1087 1158 1144 boni:
1172 1086 1244 1143 unde
1266 1120 1267 1162 l

215 1177 250 1234 fit
263 1192 445 1249 consequens
458 1183 493 1229 ut
504 1174 611 1229 malum
626 1171 729 1227 oderit.
751 1167 791 1225 Ει
803 1170 942 1245 quoniam
955 1187 1041 1226 nemo
1055 1178 1172 1240 natura,
1198 1168 1268 1230 ιιι

216 1261 348 1334 quisquis
361 1259 454 1313 malus
469 1265 530 1328 est,
544 1257 618 1313 vitio
633 1255 726 1310 malus
742 1261 800 1308 ιιι·
811 1251 972 1325 perfeetum
982 1252 1082 1308 odium
1093 1251 1178 1308 debet
1189 1270 1246 1307 ma·
1268 1294 1269 1334 p

215 1344 268 1414 lis,
294 1343 345 1415 qui
369 1337 529 1398 seeundum
551 1337 648 1396 Deum
670 1337 760 1407 vivit3
786 1344 819 1391 ιιι
838 1353 892 1390 neo
909 1336 1146 1410 proptervitium
1159 1334 1247 1390 oderit
1269 1382 1270 1404 ,

214 1422 373 1494 hominem,
389 1441 443 1479 nee
457 1431 535 1479 umet
546 1423 650 1478 vitium
663 1428 782 1494 propter
795 1415 957 1490 hominem3
967 1416 1022 1474 sed
1032 1416 1127 1473 oderit
1137 1418 1246 1488 vitium,
1270 1468 1271 1490 ,

215 1516 293 1564 amet
305 1505 461 1562 hominem.
506 1503 619 1562 Sennto
633 1505 712 1559 enim
724 1503 813 1570 vitio,
840 1509 934 1556 totum
947 1498 1025 1576 quod
1040 1518 1153 1572 aurare,
1179 1498 1246 1556 nihil
1271 1556 1272 1574 ,

215 1598 315 1645 autem
327 1587 402 1662 quod
416 1588 518 1644 debeat
532 1585 644 1656 odisse,
665 1585 836 1641 remanebit.

602 1733 726 1792 CAP.
769 1733 856 1790 Vll.

217 1829 341 1882 Amorem
351 1837 379 1881 et
389 1829 557 1881 dilectionem
566 1827 815 1950 indifferenter
768 1839 796 1881 et
806 1829 836 1882 im
845 1827 911 1880 dono
922 1836 950 1880 ιι
959 1828 988 1880 in
998 1831 1067 1880 naulo
1077 1830 1249 1896 aperissem

629 1897 714 1952 iteras
723 1898 850 1952 inveniri.

286 2003 362 2062 Nam
375 2005 458 2060 euius
471 2006 653 2080 propositum
671 2015 716 2063 est
728 2023 826 2062 amare
838 2003 949 2076 Deum,
976 2013 1006 2060 et
1018 2021 1077 2061 non
1092 2005 1251 2062 seeundum

215 2090 381 2160 hominem,
405 2086 456 2143 sed
469 2087 629 2145 seeundum
642 2088 738 2146 Deum
751 2105 850 2144 amare
865 2089 1047 2162 proximum,
1074 2089 1152 2160 sient
1165 2091 1251 2145 etiam

216 2194 248 2230 se
261 2175 371 2247 ipsum3
397 2173 501 2245 procul
519 2170 605 2228 dubio
624 2182 745 2246 propter
761 2170 840 2227 hune
853 2188 982 2246 amorem
995 2169 1102 2226 dieitur
1115 2173 1253 2228 volunta-

215 2259 254 2312 tis
276 2255 385 2324 bonae,
414 2271 488 2327 quae
505 2255 642 2310 usitatius
660 2257 693 2310 in
706 2253 866 2328 seripturis
889 2254 980 2310 saeris
1003 2253 1110 2310 caritas
1124 2257 1251 2328 appello-

215 2349 277 2394 tur:
304 2336 356 2391 sed
374 2352 456 2390 amor
473 2351 586 2410 quoque
608 2335 767 2392 seeundum
781 2336 896 2392 eosdem
910 2352 1007 2392 saeros
1020 2337 1121 2392 literas
1135 2335 1252 2394 dieitur.

215 2419 291 2477 Nem
305 2428 334 2474 et
346 2427 506 2473 amatorem
517 2417 588 2474 boui
607 2417 677 2474 dicit
691 2419 849 2493 Apostolus
870 2437 934 2475 esse
956 2418 1076 2488 debere,
1104 2437 1195 2494 quern
1207 2440 1253 2476 re·

215 2502 311 2582 gendo
329 2502 435 2576 populo
455 2502 598 2574 praecipit
616 2501 793 2579 eligendum.
836 2500 876 2557 Et
896 2503 959 2575 ipse
972 2501 1116 2558 Dominus
1130 2501 1255 2559 Petrum

214 2587 384 2660 Apostolum
397 2585 597 2661 interrogem,
612 2603 678 2640 oum
693 2584 831 2653 dixisset,
845 2583 960 2660 Diligis
974 2603 1018 2642 me
1025 2584 1097 2661 plus
1111 2583 1184 2642 leis?
1202 2584 1255 2641 llle

213 2667 379 2744 respondit.
409 2665 547 2737 Domine,
566 2677 599 2724 tu
612 2683 672 2723 sesa
686 2669 757 2744 quia
770 2685 835 2723 emo
850 2677 888 2724 ιι.
931 2665 992 2722 Ft
984 2677 1091 2723 iterum
1104 2665 1256 2725 Dominus

214 2751 374 2827 quaesivit,
390 2767 451 2804 non
463 2759 562 2804 utrum
575 2757 702 2820 amaret,
721 2748 771 2805 sed
784 2758 883 2806 utrum
898 2748 1036 2848 diligeret
1049 2767 1117 2807 eum
1128 2747 1255 2808 Petrus:

213 2844 244 2890 at
257 2835 306 2888 ille
319 2817 492 2906 respondit
484 2839 605 2903 iterum,
632 2821 775 2902 Domine,
782 2842 815 2888 tu
828 2834 888 2888 seis
902 2833 973 2908 quia
986 2851 1050 2889 omo
1065 2843 1104 2890 te.
1148 2831 1257 2890 Tertia

212 2933 283 2971 vero
295 2913 528 2988 interrogatione
542 2915 647 2988 etipse
659 2913 803 2970 Dominus
822 2933 884 2971 non
898 2916 956 2986 sit,
982 2915 1092 2994 Diligis
1110 2933 1175 2988 me,
1204 2917 1257 2972 ιιι

212 2995 303 3054 Amos
316 2992 381 3051 me?
406 2993 457 3048 ubi
474 3003 589 3050 secutus
609 2997 652 3051 eit
669 2995 877 3075 Evangelista:
907 2995 1113 3056 contristatus
1132 3009 1182 3057 ιιι
1200 2997 1257 3057 Ps-

213 3091 290 3148 trus,
305 3077 375 3154 quie
389 3076 468 3133 dixit
482 3078 510 3133 ei
523 3079 628 3148 tertio,
641 3078 733 3136 Amos
747 3078 810 3136 mei
829 3079 902 3138 Cum
914 3079 1059 3138 Dominus
1074 3099 1135 3138 non
1150 3084 1256 3152 tertio,

213 3160 265 3217 sed
285 3159 374 3215 semel
394 3157 519 3231 dixerit,
545 3159 636 3218 Amos
650 3161 714 3220 me?
739 3163 895 3218 bisantem
908 3162 1033 3235 dixerit,
1061 3163 1169 3242 diligis
1191 3161 1257 3222 asel

212 3241 296 3300 Vnde
308 3242 519 3319 intelligimus,
546 3243 623 3318 quod
637 3247 725 3301 etiam
739 3263 805 3302 oum
819 3245 934 3302 dicebat
946 3245 1106 3318 Dominus,
1135 3245 1257 3324 Diligis

210 3323 277 3384 mei
303 3323 377 3382 nihil
390 3324 469 3381 aliud
481 3326 612 3398 dicebat,
628 3345 730 3402 quam,
750 3325 841 3385 Amas
855 3325 920 3385 moi
961 3327 1066 3386 Petrus
1080 3339 1181 3386 sutem
1195 3347 1257 3386 non

103 3477 105 3480 Ι
211 3410 336 3466 mutavit
349 3406 436 3463 huius
449 3410 537 3464 unius
550 3411 595 3464 rei
608 3409 749 3479 verbum,
763 3410 815 3466 sed
830 3413 919 3468 etiam
932 3413 1036 3482 tertio,
1051 3409 1194 3483 Domine,
1211 3413 1258 3468 in-

212 3494 292 3568 quit,
310 3501 343 3549 tu
357 3492 455 3547 omnio
469 3493 540 3561 sois,
556 3501 588 3548 tu
602 3493 662 3547 eois
677 3493 747 3568 quie
760 3511 825 3550 omo
839 3504 877 3552 ιι.

275 3573 342 3630 Hoe
360 3581 515 3647 propterea
529 3573 815 3632 conmemorandum
826 3578 944 3652 putavi,
971 3577 1039 3653 quie
1052 3579 1195 3634 nonnulli
1210 3595 1258 3634 ar·

211 3655 376 3725 bitmntur,
390 3653 469 3711 sliud
483 3673 548 3711 esse
561 3655 746 3712 dilectionem
759 3658 823 3715 sive
838 3661 1007 3732 caritatem,
1020 3659 1100 3717 aliud
1112 3678 1258 3718 amorem

212 3734 325 3790 Dicunt
337 3739 416 3792 enim
429 3737 615 3794 dilectionem
627 3739 826 3812 accipiendam
839 3761 905 3798 esse
919 3742 1057 3814 inbono,
1076 3761 1214 3800 amorem
1228 3744 1259 3797 in

211 3817 297 3871 malo.
341 3816 391 3874 Sic
411 3828 507 3875 autem
523 3837 577 3876 uec
595 3821 673 3894 ipsos
688 3831 822 3882 auctores
836 3827 1027 3885 saecularium
1039 3827 1199 3883 literarum
1214 3827 1259 3881 lo·
