2538 4392
207 211 269 266 ata
438 201 542 260 DlVl
569 201 756 260 nvnuntt
777 199 1034 260 AVGVSTlNl

209 355 399 430 funditusque
413 373 430 410 a
444 372 497 410 sno
512 371 622 430 regno,
648 353 697 408 ubi
717 354 775 408 iam
789 354 831 409 eis
846 353 1031 430 alienigenae
1051 352 1243 412 dominaban-

209 451 273 510 tur,
297 437 436 494 eradicati
455 435 638 511 dispersique
655 453 708 510 per
723 444 834 506 terras,
862 430 989 510 (quando
1007 435 1126 510 quidem
1142 438 1263 544 ubiquep

210 541 272 579 non
285 517 414 598 decana)
428 539 480 594 per
493 519 662 592 Scripturas
676 537 744 575 suas
757 519 925 576 testimonio
941 517 1024 574 nobis
1039 528 1112 574 sunt
1123 519 1243 594 prophe·
1262 555 1263 614 l

211 607 268 661 tias
281 623 335 660 nos
349 623 410 661 non
423 603 547 658 linxisse
561 601 596 656 de
610 599 741 674 Christ03
765 619 836 676 quas
854 602 974 674 plurimi
991 619 1096 657 eornm
1114 604 1243 658 conside-
1262 615 1263 682 1

210 697 330 757 rantes,
345 696 375 742 ct
388 695 457 742 ante
469 687 651 758 passionem,
666 695 696 740 et
708 686 834 740 maximo
845 693 912 758 post
925 685 987 740 eius
999 687 1242 745 remacensem
1262 711 1263 718 ¹

211 769 400 826 crediderunt
412 770 444 824 in
458 785 533 836 eum,
552 766 587 821 da
601 767 705 840 quibus
717 767 899 841 praedictum
912 775 972 823 eatt
990 765 1141 837 Sifuerit
1152 787 1242 826 aame-

211 869 264 910 raa
276 851 414 923 filiorum
427 847 529 906 Israil
542 849 621 906 sicut
634 865 728 906 crena
741 853 852 920 meris,
876 849 1020 926 reliquiae
1038 849 1146 908 eahae
1159 850 1241 921 fient.

212 933 329 990 Caeteri
348 936 419 988 itero
438 933 588 988 excoecati
607 941 693 1002 sunt,
719 931 755 986 de
775 933 878 1007 quibus
897 931 1079 1006 praedictum
1094 942 1152 989 est:
1175 932 1242 988 Fiat

210 1033 312 1072 mense
326 1033 536 1072 eorumeorurn
550 1015 624 1090 ipiois
636 1015 668 1069 in
682 1013 826 1090 laqueum,
841 1024 871 1072 et
882 1015 911 1070 in
925 1014 1159 1084 retributionem,
1171 1026 1200 1072 et
1212 1018 1242 1071 in

211 1097 393 1154 scandalum.
432 1093 639 1154 obtererentur
652 1096 731 1152 oculi
742 1115 851 1166 eorum,
870 1115 906 1154 ne
917 1097 1055 1172 videant3
1081 1108 1112 1154 ct
1130 1099 1244 1154 dorsum

211 1178 327 1235 illorum
340 1181 455 1258 semper
473 1181 607 1236 incuruo.
642 1177 769 1234 Proinde
782 1195 872 1252 quum
884 1177 1044 1252 scriptoris
1057 1181 1170 1236 nostris
1189 1199 1244 1236 non

211 1260 350 1333 credunt,
373 1264 557 1336 complentur
565 1262 602 1316 'in
615 1263 657 1316 eis
672 1277 752 1330 suae,
773 1277 845 1335 quas
860 1263 941 1317 coeci
953 1263 1071 1339 legunt:
1099 1264 1161 1318 nisi
1173 1263 1245 1319 forte
1262 1311 1263 1352 p

212 1345 279 1418 quis
293 1344 417 1415 dixerit,
443 1345 509 1400 illas
532 1341 700 1419 prophetias
718 1342 901 1400 Christianos
919 1344 1045 1400 linxisse
1067 1343 1105 1400 de
1120 1345 1263 1426 Christe}

212 1443 287 1500 quae
301 1425 431 1502 Sibyllae
443 1424 580 1498 nomine,
605 1429 654 1485 rel
667 1427 791 1482 aliorum
808 1427 1013 1501 proferuntur,
1040 1427 1158 1502 si'quae
1171 1440 1244 1500 sunt,
1262 1433 1263 1454 ³

213 1511 288 1582 quiae
302 1529 361 1566 non
374 1505 574 1584 pertinent&
588 1507 726 1584 populum
737 1506 919 1566 ludaeorum.
948 1507 1039 1566 Nobis
1052 1510 1174 1586 quidem
1182 1515 1245 1568 illae

212 1590 379 1661 sufficiunt,
405 1597 480 1665 (suae
496 1591 533 1646 ¹de
549 1602 717 1650 nostrorum
734 1593 920 1650 inimicorum
935 1589 1080 1650 codicibus
1095 1594 1244 1666 proferun-

212 1679 270 1740 tur,
284 1687 355 1746 qnos
369 1675 558 1748 agnoscimus
571 1671 690 1748 p'roptcr
703 1673 758 1730 hoc
771 1677 985 1747 testimonium,
1012 1676 1090 1750 quod
1103 1679 1190 1734 nobis
1204 1681 1244 1734 in·
1262 1675 1263 1746 ᾗ

211 1753 267 1808 viti
285 1752 440 1826 perhibent
455 1757 579 1812 'eosdem
601 1757 717 1812 codices
741 1754 874 1814 hahendo
898 1767 984 1833 atque
1008 1759 1174 1831 servando,
1197 1779 1263 1835 per¹

213 1851 314 1890 omnes
328 1845 435 1912 gentes
449 1839 538 1893 etiam
551 1840 630 1912 ipsos
644 1857 709 1894 ease
724 1839 880 1914 dispersos,
894 1851 1130 1916 quaquaversum
1144 1843 1245 1900 Christi

211 1914 345 1973 Ecclesia
360 1917 509 1974 dilatatur.
544 1919 620 1976 Nam
631 1921 785 1996 prophetia
800 1925 832 1980 iu
845 1922 984 1995 Psalmis,
1013 1942 1088 1999 quoa
1108 1928 1197 1983 etiam
1208 1930 1245 1982 le-

211 2007 304 2076 gunt,
326 1999 366 2055 'de
379 1999 434 2057 hac
445 2011 480 2057 re
492 2003 652 2076 praemissa
666 2014 725 2075 est,
751 2005 802 2062 nbi
815 2008 955 2080 scriptum
969 2016 1027 2064 est:
1054 2005 1143 2067 Deae
1164 2026 1245 2078 meae,
1262 2023 1263 2072 J

211 2083 496 2142 misericordiosius
506 2088 682 2160 praeveniet
695 2105 748 2144 me.
762 2086 845 2144 Deua
859 2105 938 2145 naeus
952 2090 1171 2148 demonstravit
1183 2091 1246 2148 asili
1262 2093 1263 2132 ἱ

212 2165 245 2220 in
257 2161 320 2240 [de]
336 2167 464 2222 inimicis
478 2170 559 2237 meis,
572 2175 609 2224 'ne
623 2171 767 2226 occideris
781 2187 840 2238 eoa,
859 2189 895 2227 ne
908 2173 1022 2247 quando
1037 2173 1244 2230 obliviscantur
1262 2199 1263 2248 4

212 2245 305 2322 legem
320 2257 419 2305 tuum:
446 2249 586 2326 disperge
599 2267 648 2306 eoo
663 2254 693 2308 in
705 2254 819 2308 virtute
839 2263 900 2309 tue.
943 2253 1171 2312 D'e'inonstravit
1183 2276 1244 2334 ergo
1262 2257 1263 2260 ’

212 2327 292 2382 Deus
305 2327 456 2384 Ecclesiae
475 2332 508 2385 in
527 2334 590 2384 cius
611 2334 739 2388 inimicis
752 2333 868 2389 ludaeis
887 2337 1012 2412 gratiam
1030 2339 1245 2396 misericordiae

212 2425 293 2478 suae,
307 2411 456 2483 quoniam,
471 2413 548 2468 sicut
558 2411 630 2468 dicit
636 2414 801 2488 Apostolus,
816 2417 954 2474 delictum
967 2419 1095 2490 illorum,
1109 2423 1195 2478 salae
1207 2431 1246 2478 eat
1262 2479 1263 2484 χ

210 2491 357 2567 gentibue.
391 2491 432 2548 Et
454 2494 519 2550 ideo
538 2513 598 2552 non
620 2515 670 2552 eos
685 2497 808 2568 occidit,
829 2498 928 2572 idest,
948 2519 1007 2558 non
1019 2503 1052 2558 iu
1066 2505 1110 2558 eis
1124 2504 1247 2578 perdidit

211 2571 288 2648 quod
302 2583 372 2630 sunt
384 2573 494 2648 ludaei,
509 2579 640 2652 quamvis
654 2597 672 2634 a
682 2577 823 2636 Romania
837 2581 948 2638 fuerint
961 2583 1070 2640 devicti
1086 2594 1117 2641 et
1130 2603 1245 2662 oppres

211 2655 252 2726 si3
277 2675 316 2712 ne
329 2657 413 2717 obliti
425 2661 523 2737 legem
536 2659 604 2733 Dei,
631 2660 746 2733 adhoc,
774 2662 809 2718 de
823 2682 880 2739 quo
898 2667 1022 2741 agimus,
1048 2670 1246 2726 testimoninm

210 2735 284 2793 nihil
295 2740 438 2797 valerent.
464 2742 533 2798 ldeo
548 2759 652 2816 parurn
662 2744 731 2816 fuit,
745 2755 778 2802 ut
791 2743 912 2818 diceret,
924 2745 968 2805 Ne
981 2749 1128 2807 occideris
1143 2770 1203 2822 eos,
1215 2772 1246 2809 aa

210 2823 327 2896 quando
341 2823 557 2880 obliviscantur
571 2826 664 2902 legem
674 2838 776 2885 'seems
802 2830 862 2884 nisi
872 2831 962 2886 'etiarn
975 2831 1105 2900 adderet,
1120 2833 1244 2912 Disper-

208 2919 246 2974 ge
260 2919 326 2956 eos:
340 2907 512 2976 quoniamsi
526 2923 592 2962 cum
601 2911 657 2964 isto
666 2912 833 2968 testimonio
845 2909 1064 2985 Scripturarnnr
1073 2917 1107 2970 in
1117 2935 1175 2973 sna
1187 2927 1245 2972 tan-

209 2982 357 3038 tummodo
370 2992 460 3056 terra,
471 3000 535 3042 'nan
547 2990 656 3064 ubique
669 3003 784 3062 essent,
805 2994 935 3067 prolecto
947 2993 1081 3052 Ecclesia
1095 3015 1173 3072 quae
1187 3000 1244 3055 nhi-

209 3079 266 3134 que
279 3072 334 3134 est,
349 3081 399 3120 eos
408 3067 639 3142 prophetiarum,
673 3089 728 3130 nac
740 3072 902 3132 de‘Chritto
914 3079 1191 3154 praenituerunt,
1205 3093 1243 3137 te·
1262 3117 1263 3152 3

208 3151 269 3200 stes
281 3145 316 3202 in
330 3149 463 3206 omnibus
476 3153 615 3230 gentibus
629 3093 735 3214 hahere
749 3169 809 3216 non
821 3169 928 3234 posset.
1262 3155 1263 3184 ³

556 3319 679 3378 CAP.
723 3321 892 3380 xuvlt.

206 3407 250 3464 Aa
259 3409 455 3478 acte'tempora
470 3409 630 3468 Christiana
641 3418 728 3486 aliqui
742 3419 855 3492 fiterint
870 3428 950 3472 extra
961 3413 1150 3477 israeliticam
1157 3441 1244 3495 genua

361 3480 408 3547 qui
418 3482 585 3535 ad‘co'elesti'a
597 3484 899 3542 Civitatia‘eomoitium
910 3489 1092 3556 pertinerent.

268 3568 454 3642 Quapropter
468 3572 603 3646 quisquis
617 3575 800 3654 alienigene,
823 3577 853 3632 id
867 3585 923 3648 est,
949 3597 1010 3635 non
1024 3597 1063 3634 ex
1075 3580 1171 3638 ls'i‘affl
1184 3599 1244 3656 pro

206 3650 341 3723 genitus,
362 3669 417 3706 nec
431 3652 466 3707 ab
480 3654 531 3708 illo
547 3659 653 3730 populo
667 3659 699 3714 i'n
714 3677 855 3715 canonem
865 3662 1017 3717 'sacrarum
1030 3659 1192 3720 literaruin
1204 3683 1245 3720 re·

208 3737 320 3799 ceptus,
334 3733 447 3806 legitur
455 3735 564 3810 aliquid
575 3737 765 3814 prophetasse
776 3743 811 3796 de
822 3739 951 3813 Christo,
966 3745 991 3799 si
1005 3745 1037 3799 in
1052 3756 1189 3802 noemam
1201 3764 1245 3801 no

206 3807 302 3863 titiam
321 3815 417 3881 venit,
444 3825 496 3872 aut
516 3818 645 3890 venerit,
670 3822 707 3877 ad
731 3825 880 3880 cumulum
893 3843 911 3880 a
925 3825 1009 3882 nobis
1028 3828 1247 3886 commemorari
