2538 4392
221 195 281 256 DE
308 195 526 256 ClVlTATE
551 197 633 258 DEl
664 199 894 262 lte.xv111.
1017 209 1076 267 169

5 361 17 412 i
42 357 78 414 iu
91 355 216 410 locorum
230 349 418 426 quantislibet
430 349 664 423 diversitatibus,
677 353 764 410 unius
777 363 875 412 tamen
888 357 1076 436 eiusdemque

40 445 165 497 naturae
178 433 300 511 quodam
315 435 518 492 communione
531 434 684 508 devincta,
702 438 846 494 utilitates
860 449 891 495 et
903 441 1076 516 cupiditates

40 539 112 579 suos
125 517 286 594 quibusque
300 519 492 591 sectantibus,
507 517 573 574 dum
587 517 617 574 id
631 519 708 594 quod
720 523 876 596 appetitur,
890 532 941 580 aut
952 529 1076 600 nemini,

4 609 14 626 ”
39 613 165 662 autnon
178 599 311 657 omnibus
324 599 448 672 suflicit,
475 603 544 676 quia
562 621 623 659 nou
644 611 690 669 est
706 601 851 679 idipsum,
878 606 1031 666 adversum
1045 627 1077 666 sc

37 691 136 764 ipsam
148 687 316 760 plerumque
330 682 482 756 dividitur,
496 694 527 741 et
538 703 605 760 pars
616 694 741 760 partem,
759 704 834 762 quae
846 692 1007 765 praevalet,
1023 709 1076 766 op-

36 771 150 848 primit.
177 766 300 822 Victrici
313 768 390 823 enim
404 769 482 824 victa
496 769 669 840 succumbit,
683 769 878 830 dominationi
892 774 1016 846 scilicet,
1028 778 1077 832 rel

38 855 130 911 etiam
144 851 270 908 libertati
284 851 514 927 qualemcunque
527 869 631 928 pacem
642 851 812 927 praeferent
824 873 859 912 ac
872 858 1011 915 salutem:
1035 859 1079 915 ita

3 991 5 1000 ,
37 947 77 996 ut
88 953 209 1013 maguae
222 933 335 990 fuerint
348 933 546 1007 admirationi,
572 937 623 1012 qui
634 937 732 1010 perire
744 955 830 1014 quam
843 941 955 996 servire
968 943 1078 998 malue-

3 1015 4 1022 '
37 1029 122 1078 runt.
140 1017 211 1075 Nam
224 1018 257 1074 in
271 1017 405 1076 omuibus
419 1018 482 1074 iere
494 1019 632 1097 gentibus
646 1020 771 1095 quodam
783 1021 871 1080 modo
882 1039 942 1080 vox
955 1033 1079 1081 naturae

37 1109 101 1162 ista
112 1102 276 1178 personuit,
295 1109 330 1156 ut
342 1101 495 1180 subiugari
507 1103 668 1159 victoribus
681 1105 812 1176 mallant,
834 1107 938 1181 quibus
952 1109 1079 1186 contigit

37 1187 139 1257 vinci,
164 1201 249 1260 quam
265 1183 371 1241 bellica
390 1182 576 1243 omnifariam
595 1182 776 1262 [omnifaria]
796 1191 962 1246 vastatione
975 1191 1077 1248 deleri.

2 1340 5 1345 y
37 1270 122 1329 Hinc
136 1267 242 1324 sactum
254 1277 310 1340 est,
323 1277 357 1324 ut
369 1287 430 1326 non
442 1271 507 1326 siue
517 1268 575 1326 Dei
584 1269 779 1344 prouidentia,
793 1273 826 1328 in
838 1273 922 1328 cuius
931 1282 1077 1347 potestate

2 1425 5 1432 7
37 1364 107 1425 est,
128 1359 162 1410 ut
175 1353 295 1428 quisque
308 1351 385 1408 bello
398 1362 450 1410 aut
463 1353 655 1431 subiugetur,
669 1362 720 1409 aut
733 1355 880 1433 subiuget,
897 1355 1015 1431 quidam
1029 1375 1076 1413 es-

2 1449 6 1515 [
35 1446 109 1496 sent
119 1436 220 1514 regnis
231 1435 368 1508 praediti,
382 1436 498 1512 quidam
510 1435 706 1515 regnantibus
720 1437 843 1496 subditi:
858 1439 1002 1496 sed-inter
1013 1442 1076 1515 plu.

2 1535 3 1540 ’
34 1527 116 1580 rima
128 1537 220 1598 regna
232 1527 395 1591 terrerum,
418 1520 450 1576 in
463 1537 539 1596 quse
551 1529 687 1576 terrenae
699 1521 851 1594 utilitatis,
874 1524 923 1580 rel
935 1523 1077 1598 cupidita-

2 1618 6 1625 '
33 1609 91 1677 tis,
107 1611 153 1659 est
165 1601 258 1660 divise
271 1604 405 1674 societas,
420 1598 520 1679 (quam
533 1602 690 1661 Civitatem
701 1603 805 1662 muudi
817 1603 904 1662 buius
919 1607 1078 1665 univerrali

2 1758 6 1766 ,
32 1687 181 1748 vocabulo
194 1682 418 1764 nuncupemus,)
432 1687 490 1744 duo
502 1705 597 1766 regna
610 1687 756 1744 cernimus
770 1689 860 1767 longe
872 1690 995 1770 eqeteris
1009 1707 1079 1764 pro-

32 1773 160 1832 venisse
172 1771 307 1841 clariora,
320 1769 508 1845 Assyriorum
520 1765 660 1844 primum,
687 1769 792 1828 deisme
805 1769 1021 1845 Romanorum,
1046 1779 1080 1829 ut

1 1849 2 1876 ³
32 1852 234 1930 temporibus,
247 1853 290 1908 ita
302 1854 374 1909 locis
387 1855 468 1910 inter
480 1871 512 1910 se
526 1853 662 1910 ordinata
672 1863 760 1928 atque
770 1853 920 1912 distincte.
934 1853 1009 1920 Nam
1022 1873 1079 1932 quo

1 1928 4 1960 ³
31 1939 126 1998 modo
140 1935 212 1992 illud
225 1936 317 2011 prius,
333 1933 389 1992 hoc
401 1937 563 2011 posterius;
591 1955 625 1992 eo
639 1936 724 1994 modo
737 1937 812 1993 illud
823 1929 856 1994 iu
870 1937 1005 2009 Oriente,
1024 1938 1080 1996 hoc

30 2029 67 2082 in
84 2019 248 2078 Occidente
263 2021 408 2076 surrexit:
426 2019 553 2094 denique
566 2021 598 2074 in
611 2019 691 2074 illius
706 2018 766 2076 tine
778 2018 865 2076 huius
877 2021 995 2076 initium
1008 2040 1080 2078 con-

30 2107 140 2166 festim
153 2103 217 2158 huit.
253 2101 358 2180 Regna
371 2110 496 2172 caetera,
512 2109 700 2176 caeterosque
713 2117 799 2180 reges
813 2104 894 2160 velut
905 2102 1080 2177 appendices

29 2195 165 2249 istorum
178 2185 311 2242 dixerim.

98 2271 198 2330 Ninus
219 2287 291 2346 ergo
310 2271 369 2328 iam
386 2269 531 2328 secundus
552 2285 607 2326 rex
621 2277 685 2325 erat
697 2267 905 2346 Assyriorum,
930 2269 982 2344 qui
1004 2269 1082 2344 patri

28 2376 93 2418 suo
107 2355 181 2412 Belo
195 2362 394 2425 successerat,
417 2355 505 2432 regni
517 2354 596 2410 illius
617 2354 712 2427 primo
725 2354 801 2430 regi,
825 2351 941 2428 quaudo
956 2353 1083 2410 interra

28 2438 254 2502 Chaldaeorum
267 2445 353 2493 notus
368 2447 413 2494 cst
424 2435 578 2494 Abraham.
620 2435 694 2492 Erat
711 2437 802 2492 etiam
820 2445 949 2510 tempore
968 2437 1021 2492 illo
1034 2452 1083 2492 re:

26 2543 133 2607 gnum
151 2519 359 2596 Sicyoniorum
381 2519 534 2576 admodum
551 2535 690 2594 parvum,
714 2535 801 2594 aquo
821 2519 871 2574 ille
890 2518 1082 2593 undecunque

28 2607 228 2668 doctissimus
245 2603 361 2661 Marcus
381 2602 475 2659 Varro
498 2602 630 2658 scribens
656 2600 691 2655 de
714 2610 804 2677 gente
827 2601 927 2675 populi
944 2599 1082 2673 Romani,

26 2695 121 2752 velut
135 2690 259 2764 antiquo
274 2696 415 2762 ternpore,
429 2703 554 2742 exorsus
569 2694 621 2741 est.
665 2684 708 2742 Ab
722 2682 768 2739 his
781 2685 860 2739 euim
875 2681 1084 2759 Sicyoniorum

23 2775 162 2856 regibus
177 2771 214 2828 ad
227 2769 421 2828 Athenienses
433 2771 584 2845 pervenit,
607 2786 625 2824 a
639 2767 744 2844 quibus
758 2766 795 2823 ad
808 2766 940 2837 Latinos,
964 2766 1033 2823 inde
1047 2766 1082 2823 ad

22 2863 201 2921 Romanos.
241 2853 300 2912 Sed
318 2864 387 2912 ante
410 2853 559 2911 conditam
571 2851 694 2910 Romam
712 2852 744 2908 in
763 2851 983 2926 comparatione
996 2849 1084 2928 regul

21 2943 232 3019 Assyriorum
245 2939 407 3017 perexigua
419 2939 478 2996 ista
494 2945 702 2995 memorantur.
736 2934 875 3002 Quamvis
887 2933 1083 3012 Athenienses

21 3034 60 3088 in
79 3025 217 3084 Graecia
229 3023 384 3098 plurimum
398 3023 538 3078 claruisse
560 3022 688 3077 fateatur
702 3019 790 3076 etiam
804 3016 961 3076 Sallustius
974 3015 1083 3074 Rema-

19 3129 88 3172 nue
102 3108 280 3176 historicus,
292 3107 358 3181 plus
370 3114 468 3162 tamen
481 3105 568 3175 foma,
583 3121 669 3179 quem
681 3121 714 3160 re
727 3103 799 3179 ipsa.
821 3100 896 3158 Nam
909 3103 1034 3178 loquens
1048 3099 1084 3156 de

18 3197 109 3254 illis:
153 3188 411 3262 „Atheniensium,
435 3189 542 3264 inquit,
564 3205 614 3242 res
627 3195 744 3263 gestae,
762 3187 850 3240 sicuti
863 3203 920 3262 ego
934 3187 1083 3251 existimo,

18 3279 133 3355 „sads
150 3275 266 3349 amplae
278 3271 510 3350 magnificaeque
522 3269 656 3326 fuerunt:
675 3285 777 3324 verum
790 3269 942 3341 aliquanto
955 3268 1084 3322 minores

18 3375 177 3438 „tamem
195 3375 282 3433 quam
294 3354 372 3412 fama
385 3353 533 3411 feruntur.
572 3350 631 3408 Sed
644 3352 714 3426 quia
727 3367 891 3424 provenere
904 3349 944 3404 ibi
959 3349 1084 3421 scripto·

16 3464 126 3522 „rum
142 3459 256 3519 magna
268 3440 405 3517 ingenie,
431 3455 483 3512 per
498 3444 643 3492 terrarum
657 3433 757 3490 orbem
770 3430 995 3489 Atheniensium
1008 3428 1085 3484 facta

14 3548 112 3608 „pro
128 3524 273 3583 maximis
289 3523 484 3582 celebrantur.
520 3518 678 3576 ltaeorum
692 3516 743 3591 qui
757 3514 866 3585 fecere,
894 3513 988 3570 virtus
1002 3519 1104 3592 tetrto¹

9 3612 209 3690 „habetur,
234 3615 374 3683 quantum
387 3623 451 3660 eam
468 3601 566 3659 verbis
585 3609 706 3674 potuere
719 3597 860 3654 extollere
873 3596 1026 3668 praeclara
1038 3596 1084 3651 in-

7 3694 190 3778 „genia.“
235 3690 357 3747 Accedit
376 3687 444 3744 huic
463 3685 577 3741 civitati
595 3703 656 3740 non
674 3681 872 3757 porrectione
893 3695 930 3734 ex
949 3679 1042 3735 literis
1057 3687 1086 3734 ct

31 3774 226 3852 hilosophis
240 3776 351 3852 gloria,
379 3769 456 3848 quod
469 3769 510 3825 ibi
523 3768 707 3842 potissimum
721 3765 791 3820 talia
805 3763 903 3820 studia
916 3763 1086 3840 viguerunt.

0 3876 9 3921 Ι
44 3883 107 3922 am
126 3868 278 3937 quantum
291 3858 399 3916 attinet
412 3853 448 3910 ad
463 3852 630 3928 imperium,
654 3848 769 3906 nullum
786 3848 879 3904 neuim
897 3847 999 3923 primis
1013 3855 1086 3904 teor-
