2576 4396
227 205 292 262 282
459 195 555 256 DIVI
575 193 764 252 sunnin
784 190 1038 253 Avuvsulrll

233 353 309 425 dem,
329 367 415 428 quam
429 347 552 406 credunt
565 365 629 406 esse
642 347 843 406 universitatis
857 346 1000 416 enboam,
1021 345 1138 404 aliunde
1150 347 1259 406 beatam

233 456 297 494 essc
311 453 396 511 quam
409 441 555 490 nostram:
581 431 670 506 idque
682 449 747 489 esse
759 433 860 490 lumen
871 429 948 506 quod
960 430 1024 503 ipsa
1038 447 1098 487 non
1112 439 1168 502 cst,
1182 433 1259 490 seda

231 539 288 597 quo
303 527 399 576 creato
413 527 474 588 est,
487 526 517 572 et
529 535 587 591 quo
601 515 828 594 intelligibiliter
840 515 1027 574 illuminante
1039 515 1259 592 intelligibiliter

230 607 318 660 lueet.
348 601 409 660 Dat
422 601 512 658 ctiam
526 599 747 664 similitudinem
759 598 795 658 ad
807 599 859 656 illa
871 599 1045 673 incorporea
1058 597 1095 654 de
1107 595 1154 654 his
1168 602 1258 656 eoele-

230 687 323 745 stlbus
340 685 506 760 conspicuis
520 685 680 760 amplisque
694 682 881 756 corporibus,
894 690 1035 756 tanquam
1048 683 1098 738 ille
1112 683 1152 738 sit
1165 685 1217 753 sol,
1232 693 1258 740 et

229 773 293 847 ipsa
306 771 345 826 sit
357 771 435 826 luna.
449 767 561 828 Lunam
574 769 680 843 quippe
692 769 765 824 solis
779 765 895 824 obiectu
907 766 1069 822 illuminari
1081 775 1193 840 putant.
1207 766 1257 824 Di-

230 858 270 912 cit
283 873 354 931 ergo
368 854 419 910 ille
431 869 555 930 magnus
569 850 753 922 Platonicus,
774 851 900 916 enimam
912 850 1103 920 rationalem,
1123 843 1197 925 (sire
1210 870 1258 925 po·

229 940 289 994 tius
303 937 509 992 intellectualis
524 933 648 992 dicende
661 936 716 1007 sit,
744 953 781 990 ox
800 952 857 1009 quo
875 951 985 1012 genere
1005 935 1095 990 etiam
1113 933 1258 990 immorta-

228 1023 301 1077 lium
313 1021 522 1095 beatorumque
535 1021 647 1078 animan
661 1037 726 1076 esse
739 1019 890 1096 intelligit,
905 1018 1019 1092 quasin
1031 1017 1202 1074 coelestibus
1214 1037 1259 1074 se-

230 1104 313 1160 dibus
327 1103 458 1160 babitare
470 1121 531 1161 non
546 1099 693 1180 dubitut‚)
707 1121 768 1160 non
780 1101 887 1160 habere
900 1117 988 1176 snpra
1001 1118 1033 1156 sc
1047 1110 1191 1172 neutram,
1205 1103 1260 1158 nisi

229 1187 304 1260 Dei,
328 1189 378 1263 qni
391 1187 549 1244 fabricatus
565 1196 611 1246 ert
622 1186 778 1260 mundum,
803 1205 820 1243 a
834 1205 892 1261 quo
905 1194 936 1242 et
955 1187 1018 1260 ipsa
1031 1183 1108 1242 fecta
1122 1194 1180 1242 est:
1208 1205 1259 1242 nec

229 1271 347 1328 aliunde
359 1272 418 1328 illis
432 1273 567 1346 supernis
580 1272 819 1346 praeberi-vitam
831 1269 961 1341 beatem,
989 1277 1019 1324 et
1036 1270 1135 1328 lumen
1153 1270 1260 1326 intelli-

121 1396 122 1399 *
229 1357 348 1434 gentiae
369 1355 520 1426 raritatis,
548 1373 635 1432 qnam
653 1354 731 1412 unde
751 1333 911 1430 praebetur‘
926 1361 956 1410 et
969 1353 1070 1426 nobis;
1097 1370 1259 1410 consonans

227 1439 406 1517 Evangelio,
432 1438 482 1494 ubi
498 1440 623 1516 legitur:
649 1436 722 1496 Fuit
738 1438 819 1496 lromo
837 1438 945 1496 niseus
959 1455 979 1496 n
991 1433 1079 1510 Deo,
1100 1438 1150 1494 eni
1161 1455 1259 1496 nonen

228 1533 297 1580 erat
310 1520 455 1578 Ioannes:
478 1520 526 1578 bio
538 1524 619 1580 venit
631 1523 663 1578 in
677 1523 888 1590 testinnonium,
906 1521 1150 1580 attestimoniare
1159 1520 1259 1597 perbi-

228 1607 311 1663 beret
323 1607 359 1662 de
373 1603 490 1674 lumine,
505 1614 539 1661 nt
552 1621 648 1662 omnes
662 1605 818 1662 eraderent
824 1622 885 1682 per
898 1623 971 1664 enm.
996 1600 1060 1660 Non
1074 1613 1143 1660 erat
1156 1603 1206 1662 ille
1219 1605 1259 1660 ln-

228 1708 302 1758 rnen,
315 1688 369 1744 aed
380 1697 415 1744 at
428 1689 626 1745 testimoniam
632 1688 808 1765 perbiberet
821 1689 857 1746 de
870 1687 985 1746 lamine.
1016 1683 1097 1744 Erat
1109 1686 1203 1744 lumen
1215 1707 1259 1744 ve-

228 1776 310 1841 runt,
337 1771 414 1848 qnod
430 1769 579 1830 illuminet
597 1789 707 1830 mneos
719 1770 861 1830 bominem
873 1772 1035 1830 venientem
1048 1771 1080 1826 in
1091 1768 1168 1828 banc
1179 1789 1257 1828 mnn-

229 1855 306 1912 dum.
320 1853 355 1910 ln
369 1872 428 1930 qun
441 1850 607 1912 differentia
620 1849 691 1912 satis
705 1853 882 1925 ostenditur,
895 1855 1022 1912 animam
1034 1855 1206 1935 rationalem
1215 1856 1259 1910 vel

228 1939 467 2009 intellectualem,
481 1939 576 2013 qualis
589 1940 653 1996 erat
665 1940 697 1998 in
707 1937 829 2011 loanne,
844 1939 900 1996 sibi
913 1939 1011 1994 lumen
1022 1935 1086 1994 csse
1097 1957 1157 1996 non
1166 1955 1258 2014 posse,

227 2021 280 2078 sed
293 2023 413 2078 alterius
427 2023 492 2078 veri
504 2023 623 2080 luminis
636 2024 864 2096 participatione
876 2023 984 2078 lucere.
1017 2017 1083 2078 Hoc
1097 2023 1201 2098 etipse
1213 2021 1259 2077 lo-

228 2123 320 2162 annes
334 2107 460 2177 latenrr,
487 2104 538 2164 ubi
551 2107 579 2160 ei
591 2105 749 2180 perhibens
762 2107 962 2165 testimonium
975 2103 1061 2162 dicit:
1091 2101 1153 2164 Nos
1166 2122 1259 2164 omnen

229 2191 264 2248 de
271 2190 460 2267 peraudire
473 2191 537 2248 eins
549 2191 726 2268 accepimus.

626 2303 750 2364 CAP.
792 2305 868 2363 111.

227 2385 271 2438 De
282 2403 344 2438 nere
354 2383 409 2438 Dei
420 2386 504 2448 cultu,
515 2402 532 2436 a
542 2401 593 2454 pao
604 2384 757 2450 Platonici,
778 2387 898 2456 quamuis
911 2395 1062 2440 erectorem
1075 2389 1259 2453 unicerntctis

271 2455 464 2519 intellexerint,
474 2454 618 2510 &natant
627 2456 855 2582 comodffizm
865 2458 921 2511 sice
930 2458 1009 2512 bonor
1019 2458 1073 2510 siue
1082 2459 1167 2512 malos
1176 2461 1221 2514 to·

291 2617 373 2684 Quae
387 2635 452 2673 oum
465 2619 507 2674 ita
520 2617 597 2688 sint,
616 2617 644 2672 ai
654 2615 818 2690 Platonici,
835 2620 883 2676 vel
896 2620 1061 2694 quicunque
1074 2620 1126 2675 alii
1138 2621 1181 2676 ita
1195 2639 1258 2676 sen·

227 2708 341 2771 rerunt,
358 2709 574 2780 cognoscenter
587 2699 701 2772 Deum,
721 2702 802 2758 sicut¹
811 2700 907 2760 Deum
919 2702 1136 2780 glorificarent,
1150 2713 1181 2760 et
1194 2723 1260 2784 gra·

225 2787 283 2842 tias
297 2794 431 2862 agerent,
454 2803 509 2841 nec
523 2794 735 2842 evanescerent
747 2785 779 2842 in
793 2785 1022 2865 cogitationibus
1034 2788 1114 2859 suis,
1140 2807 1197 2845 nec
1210 2805 1260 2862 po-

221 2870 360 2944 pulorum
373 2869 522 2949 erroribus
535 2870 643 2942 partim
655 2878 791 2926 auctores
800 2869 919 2944 fierent,
931 2872 1039 2946 partim
1051 2873 1191 2928 resistere
1203 2891 1261 2928 non

222 2951 379 3022 auderent3
396 2953 528 3026 prolecto
542 2952 764 3028 confiterentur,
778 2963 808 3011 ct
820 2954 880 3009 illis
891 2953 1100 3011 immortalibus
1111 2955 1260 3027 subeatis,

226 3042 256 3090 et
267 3034 351 3090 nobis
362 3037 534 3092 mortalibus
548 3055 582 3093 ac
595 3037 721 3110 miseris,
734 3047 768 3095 ut
777 3039 958 3096 immortales
972 3057 1006 3095 ae
1021 3038 1100 3094 beati
1114 3057 1178 3096 esse
1191 3059 1259 3115 pos-

226 3119 333 3188 simus,
357 3137 450 3176 unum
462 3117 559 3178 Deum
578 3121 697 3178 deorum
718 3121 886 3193 colendum,
909 3124 959 3198 qui
981 3133 1011 3179 et
1029 3131 1128 3179 noster
1153 3133 1210 3196 eet,
1233 3133 1260 3179 et

222 3202 350 3257 illorum.

287 3281 384 3340 *Huic
397 3303 451 3342 nos
465 3287 653 3370 servitutem,
666 3307 740 3365 quae
752 3283 875 3369 λατρεία
888 3288 1002 3346 Graece
1019 3287 1138 3361 dicitnr,
1152 3290 1260 3347 sivein

224 3367 390 3445 quibusque
402 3373 604 3444 sacnmentis,
618 3374 681 3430 sive
694 3374 726 3428 in
736 3373 904 3448 nobisipsis
915 3373 1062 3430 debemus.
1075 3371 1173 3432 liuius
1183 3377 1261 3432 enin

220 3453 360 3527 templum
371 3455 457 3510 simul
471 3474 582 3527 omnes,
597 3465 627 3512 et
638 3457 749 3533 singuli
760 3460 869 3532 ¹templa
882 3473 1000 3532 sumus3
1013 3458 1080 3533 quia
1089 3467 1119 3514 et
1129 3461 1259 3516 omnium

222 3537 426 3610 concordiam,
453 3548 484 3594 et
500 3541 635 3618 singulos
648 3537 813 3597 inhabitare
826 3541 978 3619 dignatur:
1004 3560 1064 3599 non
1077 3543 1110 3598 in
1123 3544 1259 3600 omnibns

221 3621 353 3695 quamin
366 3622 492 3700 singulis
510 3625 619 3695 maior3
645 3624 782 3698 quoniam
804 3643 859 3681 nec
881 3627 959 3682 mole
981 3624 1179 3699 distenditur,
1207 3645 1259 3684 nec

220 3704 382 3776 partitione
393 3707 544 3762 minuitur.
581 3705 655 3763 cnm
667 3704 705 3762 ad
716 3708 798 3764 illum
811 3726 928 3766 sursum
941 3719 1001 3783 est,
1027 3711 1091 3767 eius
1106 3720 1153 3768 est
1166 3713 1260 3768 altare

223 3801 275 3839 cor
287 3795 439 3846 nostrum:
466 3791 528 3845 eius
542 3787 703 3868 Vnigenito
717 3809 784 3848 eum
797 3793 948 3851 sacerdote
959 3796 1123 3870 placamus:
1147 3796 1179 3852 ei
1194 3813 1260 3852 cru·

223 3875 308 3924 eume
321 3871 456 3933 victimas
470 3871 634 3947 caedimus,
654 3874 769 3954 quando
784 3895 878 3955 usque
891 3877 928 3936 ad
941 3880 1114 3957 sanguinem
1126 3897 1184 3956 pro
1199 3880 1260 3936 eius
