2510 4404
180 241 240 300 DE
262 241 485 301 ClVleTE
508 241 585 302 DEl
618 243 698 302 LlB.
721 243 818 304 XXl.
957 249 1019 308 353

35 397 83 451 cris
102 393 219 465 eruditi,
245 395 464 453 mundationem
486 405 517 452 et
536 399 625 476 regni
645 399 793 455 coelorum
807 398 1018 458 beatitudinem

35 489 56 535 ιι
70 480 273 554 qualiacunque
287 489 317 536 et
334 489 562 557 quantacunque
580 483 741 556 supplicia,
767 483 1017 562 qualibuscunque

35 564 256 638 quantiscunque
270 565 386 640 angelis
399 563 585 621 inviderunt:
611 564 663 621 sed
680 567 779 640 potius
792 567 931 623 viderunt
943 567 1019 624 divi-

35 667 60 702 m
72 648 182 703 vacuari
196 648 243 702 vel
256 648 400 704 infirmari
413 666 473 704 non
488 665 574 722 porse
588 651 782 721 sententiam,
812 667 900 724 quarn
913 650 1020 708 sc·Do-

35 748 84 785 nus
96 731 311 802 praenuntiavit
321 733 352 787 in
362 731 470 787 iudicio
480 734 662 807 prolaturum
675 741 762 809 atque
777 732 934 804 dicturum,
948 733 1021 790 Die-

35 816 83 870 lite
96 832 114 868 ι
126 831 168 869 me
180 813 336 871 maledicti
348 816 379 870 in
394 817 491 890 ignem
505 826 669 886 oeternum,
688 819 880 893 qaiparotua
895 829 941 874 ιιι
956 819 1022 874 dio-

35 898 91 953 'oet
103 895 215 972 angelis
229 899 301 954 eius.
331 895 382 954 Sic
396 899 500 973 quippe
514 895 643 955 ostendit
655 908 776 955 aeterno
789 901 860 977 igne
875 900 1020 956 diabolum

35 981 148 1057 angelos
162 981 225 1036 eius
239 998 369 1038 arsuros.
403 979 443 1036 Et
462 981 539 1056 quod
560 973 764 1056 scriptumest
784 985 816 1039 in
830 984 1021 1060 Apocalypsi:

35 1063 129 1122 adalae
141 1065 192 1140 qui
204 1065 362 1122 seducebat
375 1081 434 1133 eos,
448 1068 556 1122 missua
570 1077 615 1122 eat
628 1068 659 1122 in
672 1075 811 1142 stagnum
824 1069 905 1142 ignia
919 1077 949 1124 ιι
960 1067 1022 1123 sol-

35 1149 104 1216 aria,
128 1165 181 1225 quo
195 1157 225 1204 et
238 1147 334 1205 bestia
352 1159 382 1205 et
398 1147 678 1226 pseudopropheta
703 1159 733 1205 et
746 1150 960 1207 cruciabuntur
974 1151 1022 1207 die

36 1241 117 1287 noete
130 1233 159 1288 in
172 1230 293 1287 soeculo
306 1231 500 1289 soeculorum.
521 1231 607 1298 Quod
620 1231 662 1288 ibi
675 1231 785 1288 dictum
799 1241 844 1288 ιιι
857 1243 1021 1302 oeternum,

49 1313 153 1369 dictum
167 1323 212 1370 ιιι
225 1316 256 1370 in
269 1314 390 1372 soeculo
404 1314 607 1371 soeculorum:
621 1313 726 1390 quibus
738 1315 836 1371 verbis
850 1314 924 1371 nihil
938 1314 1021 1372 Scri-

37 1416 70 1452 ra
82 1396 178 1454 divina
191 1397 360 1474 significare
373 1399 541 1468 consuevit,
568 1400 628 1454 nisi
649 1398 727 1473 quod
748 1399 838 1455 finem
856 1417 917 1456 non
935 1397 1023 1454 babet

35 1481 130 1554 rporir.
153 1481 344 1547 Quamobrem
356 1498 479 1554 prorsus
493 1499 548 1536 neo
559 1483 617 1538 alia
630 1499 729 1553 eausa,
744 1501 800 1538 nec
814 1483 919 1538 iustior
932 1491 1022 1556 atquc

35 1564 164 1622 nilestior
177 1565 306 1618 inveniri
314 1573 422 1638 potest,
436 1581 490 1618 cur
498 1565 653 1620 verissima
660 1565 770 1638 pictate
780 1575 920 1621 teneatur
930 1565 1022 1621 lixum

35 1647 192 1718 immobile,
213 1647 325 1702 nullum
338 1663 508 1724 regressum
521 1646 558 1702 ad
570 1649 715 1704 iustitiam
730 1650 881 1723 vitamque
902 1658 1021 1704 sancto-

35 1751 48 1787 ι
66 1730 207 1786 diabolum
229 1738 259 1786 et
277 1731 399 1808 angelos
420 1731 482 1784 eius
500 1727 669 1803 habituros,
695 1732 754 1788 nisi
777 1733 845 1807 quia
859 1729 1022 1806 Scriptura,

35 1833 56 1869 ιι
71 1815 216 1870 nominem
230 1813 321 1884 fallit,
344 1813 417 1870 dicit
431 1815 474 1869 eis
488 1812 585 1870 Deum
598 1833 659 1871 non
677 1817 860 1890 pepercisse,
887 1824 917 1871 ιι
930 1816 972 1870 ric
986 1815 1022 1870 ab

46 1915 110 1952 csse
128 1898 248 1952 interim
264 1897 505 1971 praedamnatos,
531 1907 566 1953 ut
586 1899 755 1954 carceribus
776 1899 913 1976 caliginis
932 1899 1023 1954 inferi

35 1977 119 2054 ferni]
134 1981 241 2036 retrusi
255 1980 444 2038 traderentur
456 1980 605 2052 servandi,
628 1991 714 2056 atque
728 1983 831 2037 ultimo
845 1981 955 2036 iudicio
969 1999 1022 2054 pu-

35 2063 93 2135 ndi‚
107 2063 221 2139 quaudo
236 2073 438 2120 cooaeternus
452 2064 531 2140 ignia
545 2065 685 2137 accipiet,
701 2061 753 2118 ubi
766 2063 978 2118 cruciabuntur
991 2064 1022 2118 in

35 2149 96 2203 cula
110 2149 302 2204 sacculorum.
320 2145 405 2213 Quod
419 2149 445 2202 si
458 2148 501 2200 ita
514 2153 570 2215 cst,
585 2145 730 2219 quomodo
744 2145 779 2200 ab
795 2144 880 2200 huius
894 2146 1024 2200 aeterni·
1092 2172 1095 2176 ·

36 2254 39 2284 ι
53 2249 177 2304 poenae,
197 2231 246 2287 vel
259 2231 402 2301 universi,
427 2231 475 2286 vel
487 2227 604 2303 quidam
616 2227 750 2284 homines
764 2237 831 2302 post
844 2229 1023 2302 quantumli-

41 2317 182 2389 temporis
196 2313 415 2384 subtrahentur,
430 2332 464 2369 ac
477 2331 537 2368 non
552 2313 650 2367 statim
665 2312 855 2368 enervabitur
868 2309 952 2382 fides,
967 2329 1024 2386 qua

37 2399 107 2454 litur
120 2399 330 2472 sempiternum
343 2395 517 2452 daemonum
533 2395 667 2450 futurum
682 2413 747 2450 esse
762 2391 955 2468 suppliciuml
990 2393 1024 2449 Si

37 2503 57 2537 n
76 2482 182 2556 quibus
196 2481 320 2551 dicetur,
341 2479 497 2536 Discedite
511 2496 531 2532 o
544 2495 588 2533 me
601 2475 755 2534 maledieti
767 2479 797 2533 s'n
812 2481 909 2553 ignem
923 2488 1023 2534 oeter-

38 2587 63 2634 ι,
83 2567 136 2642 qui
143 2574 279 2641 paratur
293 2573 337 2619 ιιι
352 2562 467 2618 diabolo
488 2571 518 2618 ιι
531 2560 647 2635 angelis
666 2563 744 2631 eiua,
769 2563 818 2617 vel
830 2562 965 2616 universi
976 2561 1024 2615 vel

38 2650 68 2704 ui
82 2665 185 2704 eorum
199 2665 261 2702 non
274 2663 388 2719 semper
402 2645 444 2701 ibi
457 2653 561 2713 erunt;
587 2642 659 2718 quid
679 2661 783 2700 causae
798 2652 843 2700 ιιι
856 2661 909 2699 our
923 2642 1024 2699 diobo-

39 2742 65 2788 ct
79 2732 182 2808 angeli
196 2731 259 2786 eiua
279 2745 396 2801 semper
413 2727 456 2783 ibi
473 2726 566 2783 futuri
585 2745 651 2782 ιιιι
670 2723 847 2784 credanturl
882 2726 929 2784 An
947 2725 1025 2782 forte

46 2815 212 2884 sententia,
238 2830 311 2887 quae
325 2813 356 2867 in
370 2813 461 2868 malos
476 2819 507 2866 et
520 2812 643 2888 angelos
657 2820 687 2866 et
699 2809 833 2868 homines
847 2809 1025 2886 proferetur,

40 2900 154 2976 ¹ngelos
175 2915 247 2952 vera
260 2898 333 2967 crit,
356 2896 390 2951 in
401 2893 534 2952 homines
548 2891 641 2951 falsal
677 2893 721 2950 lta
733 2897 820 2971 plane
833 2894 889 2951 hoo
903 2896 977 2966 erit,
999 2895 1025 2950 si

49 2981 131 3058 quod
145 2980 229 3038 Deus
246 2981 336 3053 dixit,
362 2978 413 3035 sed
426 2978 503 3056 quad
522 2981 711 3054 suspicantur
725 2977 856 3036 homines
869 2981 932 3054 plus
944 2980 1025 3036 vale-

62 3066 150 3133 Quod
174 3066 240 3124 fieri
265 3067 334 3142 quia
357 3083 419 3121 non
442 3073 555 3138 potest,
583 3081 645 3120 uon
663 3065 867 3140 argumentari
885 3063 1026 3120 adversus

41 3171 82 3221 m,
99 3151 154 3206 sed
167 3151 269 3208 divino
282 3151 391 3225 potius,
406 3147 473 3202 dura
487 3157 599 3220 tempus
615 3157 676 3216 est,
701 3148 809 3204 debent
823 3165 926 3221 parcre
940 3163 1025 3219 prae-

42 3254 75 3306 ι,
105 3236 158 3308 qui
172 3236 351 3308 sempiterno
366 3232 488 3303 cupiunt
502 3245 603 3283 carere
617 3230 769 3301 supplicio.
807 3229 924 3284 Deinde
939 3230 1026 3300 qualo

42 3327 195 3374 oeternum
214 3315 386 3389 supplicium
405 3328 459 3385 pro
472 3311 543 3388 igne
557 3308 690 3364 diuturni
704 3312 845 3382 temporis
860 3307 946 3385 [non]
963 3310 1026 3362 exi-

43 3419 113 3470 are,
140 3409 172 3455 et
189 3400 279 3454 vitam
303 3403 454 3450 aeternam
476 3391 596 3449 credere
617 3393 682 3447 sine
705 3392 780 3462 line,
804 3410 868 3447 cunr
893 3390 1027 3448 Christus

46 3503 78 3538 ιιι
91 3484 161 3555 ipso
175 3484 258 3550 loco,
285 3481 317 3534 in
331 3495 390 3533 una
404 3476 563 3552 eademque
581 3476 729 3531 sententia
743 3475 854 3532 dixerit
868 3483 1026 3548 utrumque

44 3567 168 3639 plexus,
179 3611 181 3618 ,
194 3561 246 3620 Sic
260 3563 343 3619 ibant
357 3562 413 3617 icti
428 3561 459 3616 ιἰι
472 3559 649 3637 supplicium
663 3567 828 3628 oeternum,
842 3559 916 3614 iusti
929 3567 1028 3614 autem

44 3652 117 3705 {tom
133 3643 310 3705 aeternam?
324 3643 356 3702 si
369 3653 522 3719 utrumque
533 3651 701 3712 aeternum,
709 3641 841 3716 profecto
852 3651 902 3698 aut
915 3649 1028 3696 ιιιιιιιιι-

45 3752 115 3790 oum
131 3731 196 3788 fine
209 3727 396 3798 diuturnum,
424 3737 474 3784 aut
492 3736 647 3800 utrumque
667 3725 732 3781 sine
752 3734 926 3802 perpetuum
944 3721 1030 3780 debet

47 3818 117 3895 ligi.
135 3815 207 3871 Pari
222 3813 300 3869 enim
314 3814 407 3868 relata
420 3821 500 3884 sunt,
513 3808 583 3866 hinc
597 3809 770 3883 supplicium
785 3819 947 3880 aeternum,
961 3806 1029 3862 inde

46 3911 191 3958 aeterna.
227 3895 335 3954 Dicere
348 3906 446 3953 autem
459 3897 491 3952 in
509 3893 565 3950 hoo
579 3911 638 3949 uno
658 3891 816 3969 eodemque
830 3911 936 3964 sensu,
962 3889 1030 3945 Vita

46 3985 53 4010 Γ
711 3979 737 4035 Ζ
