2530 4392
188 219 248 274 aro
388 227 390 234 ·
418 209 516 270 ιιιιι
542 205 727 268 ιιιιιιιι
747 175 1000 268 ιιιιιιιιιί

189 371 276 426 etiam
300 383 427 424 vermem
451 373 554 443 putant
571 360 793 442 intelligendum
813 381 885 420 esse.
920 361 994 420 Nam
1009 366 1155 442 scriptum
1168 380 1215 438 ert,

182 453 342 529 inquiunt,
368 446 453 508 Sicut
467 451 548 506 tinea
560 449 763 505 vestimentum
778 456 807 504 ct
819 449 926 505 ocrmic
940 446 1066 524 lignum,
1089 453 1137 506 sic
1149 471 1215 509 moe

187 556 238 594 ror
252 533 406 594 excruciat
418 552 469 590 cor
480 533 548 589 oiri.
578 531 635 599 Qui
646 547 717 587 vero
730 548 839 606 poenas
853 540 881 586 et
894 532 984 586 animi
997 541 1029 588 et
1043 537 1179 610 corporis
1191 537 1216 592 iu

187 620 237 675 illo
250 617 389 693 supplicio
403 615 514 672 futuras
529 632 665 670 essenon
681 613 827 685 dubitant,
853 615 923 692 igne
940 616 995 670 uri·
1006 635 1137 692 corpus,
1164 621 1217 676 uui-

187 721 265 760 mum
279 711 377 757 autem
387 699 452 757 rodi
465 697 588 775 quodam
601 697 686 754 modo
700 716 798 754 verme
811 699 950 754 moeroris
964 697 1127 757 affirment.
1143 702 1218 770 Quod

134 820 136 824 -
188 787 245 842 etsi
259 783 424 842 credibilius
438 782 561 854 dicitur;
588 783 655 857 quia
668 783 767 858 utique
781 781 937 838 absurdum
950 791 1011 854 est,
1033 783 1079 840 ibi
1092 783 1218 842 dolorem

187 879 239 926 aut
253 869 394 944 corporis,
409 876 459 923 aut
472 867 562 938 animi
576 864 756 922 defuturum:
781 884 835 942 ogo
849 874 946 922 tamen
959 865 1081 924 facilius
1100 879 1149 926 ιιι
1164 868 1218 946 [ιι-

187 947 298 1026 stimol,
312 961 345 1006 ut
358 949 394 1006 ad
406 969 510 1024 corpus
524 949 618 1006 dicam
631 959 784 1024 utrumque
794 949 953 1022 pertinere,
967 969 1057 1026 quam
1068 963 1220 1026 ιιιιιιιιιιις

189 1046 218 1092 ιι
232 1035 297 1092 idco
310 1035 432 1090 tacitum
446 1035 477 1090 in
487 1034 545 1090 illis
559 1032 676 1089 divinae
687 1035 848 1108 scripturae
860 1033 956 1090 verbis
970 1036 1065 1091 anirni
1081 1036 1218 1110 dolorem,
1258 1019 1259 1068 ἶ

189 1121 325 1195 quoniam
340 1135 522 1193 consequeus
535 1135 599 1173 esse
611 1117 801 1196 intelligitur,
823 1118 935 1174 etiamsi
955 1137 1015 1174 non
1039 1119 1173 1194 dicatur,
1193 1131 1220 1178 ut

189 1221 309 1278 corporo
323 1203 365 1258 sic
378 1201 493 1259 dolente
506 1202 619 1258 animus
634 1219 746 1276 quoque
759 1201 853 1257 sterili
864 1203 1051 1277 poenitentia
1065 1207 1218 1262 crucietur.

187 1286 308 1366 Legitur
321 1287 424 1361 quippe
437 1295 466 1341 et
478 1287 509 1345 in
530 1284 674 1344 veteribus
689 1282 863 1358 Scripturis:
895 1283 1035 1343 Vindicta
1050 1292 1161 1346 carnia
1174 1292 1219 1346 ιἰι-

179 1373 241 1450 pii,
256 1371 334 1447 ignit
348 1379 377 1426 ct
388 1371 503 1426 vermis.
538 1366 637 1424 Potuit
653 1368 770 1424 brevius
786 1369 854 1440 dici,
872 1367 1009 1425 Vindicta
1021 1371 1122 1446 impii.
1168 1371 1220 1430 Cur

187 1473 258 1532 ergo
273 1453 454 1523 dictumest,
481 1453 582 1514 cornia
596 1454 689 1528 impii,
715 1452 774 1508 nisi
785 1453 852 1528 quia
867 1460 1040 1528 utrumque,
1062 1453 1095 1510 id
1116 1466 1176 1531 est,
1197 1467 1220 1511 et

186 1539 264 1616 ignis
284 1546 313 1592 et
331 1537 452 1608 vermis,
477 1553 570 1611 poena
590 1537 645 1592 erit
669 1532 784 1592 carnisi
818 1537 878 1592 Aut
895 1537 920 1592 si
938 1535 1109 1595 vindictam
1132 1542 1219 1598 camir

186 1630 338 1695 propterea
352 1618 449 1675 dicore
464 1621 571 1691 voluit,
596 1617 731 1696 quiahoc
746 1621 776 1675 in
788 1617 905 1676 homine
918 1619 1138 1696 vindicabitur,
1151 1623 1219 1701 quod

186 1702 345 1760 secundum
358 1721 474 1758 carnem
487 1703 610 1774 vixerit,
630 1704 759 1779 (propter
772 1702 827 1760 hoc
841 1705 917 1759 enim
929 1705 1032 1760 veniet
1050 1707 1084 1763 in
1100 1719 1218 1764 mortem

187 1785 360 1855 secundam,
379 1803 466 1860 quam
479 1786 658 1863 significavit
670 1785 826 1860 Apostolus
840 1786 950 1859 dicens,
976 1785 1013 1844 Si
1027 1793 1112 1847 enim
1124 1809 1217 1850 ιιιιι-

187 1872 253 1930 dum
267 1888 384 1926 carnem
397 1871 546 1940 viceritis,
559 1869 761 1948 moriemini5)
786 1867 875 1948 eligat
887 1872 1007 1946 quisque
1021 1873 1108 1948 quod
1119 1878 1216 1951 placet,

186 1963 237 2010 aut
249 1955 347 2032 ignem
360 1953 488 2008 tribuere
501 1953 631 2028 corpori,
649 1953 745 2009 animo
758 1969 899 2026 vermem3
918 1952 972 2010 hoc
984 1959 1141 2032 proprie,
1154 1959 1217 2016 illud

186 2039 309 2114 tropicc;
323 2045 373 2093 aut
385 2042 543 2112 utrumque
554 2037 670 2115 proprie
683 2040 806 2112 corpori.
829 2037 889 2094 lam
902 2039 980 2094 enim
994 2042 1071 2097 satis
1088 2046 1217 2119 superius

186 2122 342 2198 disputavi,
354 2139 438 2197 posse
452 2122 588 2178 animalia
601 2122 687 2177 etiarn
702 2121 733 2176 in
747 2121 865 2198 ignibus
877 2123 987 2195 vivere,
1000 2125 1033 2180 in
1048 2128 1174 2184 ustione
1185 2129 1216 2182 ei-

186 2226 223 2264 ne
238 2207 450 2278 consumtioue,
468 2206 501 2261 iu
514 2205 612 2262 dolore
626 2206 690 2261 sine
703 2215 812 2274 morte,
831 2225 883 2280 per
896 2207 1073 2265 miraculum
1086 2213 1215 2287 omnipo

186 2290 344 2346 tentissimi
359 2287 521 2346 Creatoris:
549 2290 596 2345 cui
608 2287 662 2345 hoc
675 2289 890 2362 possibileesse
903 2291 953 2365 qui
965 2302 1071 2370 negat,
1085 2313 1106 2350 a
1121 2314 1176 2371 quo
1188 2295 1217 2350 lit

187 2371 323 2448 quicquid
341 2372 374 2428 in
392 2373 505 2428 naturis
529 2372 661 2428 omuibus
684 2373 808 2430 miratur
830 2375 956 2451 ignorat.
980 2423 983 2431 .
999 2373 1068 2450 lpse
1083 2381 1164 2436 enim
1178 2389 1217 2434 est

186 2455 284 2527 Deus,
311 2456 362 2530 qui
375 2457 472 2512 omnia
485 2457 516 2511 in
528 2454 582 2513 hoc
600 2453 708 2512 mundo
721 2475 827 2534 magua
841 2466 871 2513 et
881 2475 971 2531 parva
983 2461 1136 2518 miracula
1151 2481 1215 2538 quse

187 2540 487 2612 commemoravimus,
514 2549 543 2596 ct
555 2539 821 2614 incomparabiliter
832 2543 917 2615 plura
929 2559 1080 2616 quaenou
1094 2564 1214 2602 commc-

186 2625 379 2694 moravimus,
405 2623 494 2696 lecit,
521 2622 676 2698 eademque
696 2625 759 2698 ipso
778 2623 885 2681 mundo
906 2643 965 2682 uno
984 2636 1077 2702 atque
1090 2632 1215 2686 omnium
1258 2693 1259 2698 ἵ

183 2709 311 2764 maximo
324 2709 465 2764 miraculo
475 2709 605 2771 inclusit,
618 2706 717 2786 Eligat
731 2725 801 2785 ergo
815 2727 905 2765 unum
918 2707 954 2764 de
966 2709 1082 2768 duobus
1096 2716 1215 2789 qrrispue
1258 2715 1259 2730 ¹

184 2790 262 2867 quod
275 2793 381 2867 placet,
394 2799 492 2847 utrum
505 2801 535 2848 et
546 2811 673 2848 vermem
684 2791 720 2847 ad
731 2809 835 2866 corpus
845 2794 972 2870 proprie,
985 2811 1024 2850 an
1035 2796 1075 2852 ad
1087 2799 1215 2853 animum

184 2876 325 2931 translato
339 2892 357 2929 a
371 2875 567 2948 corporalibus
579 2875 615 2932 ad
625 2876 820 2950 incorporalia
833 2876 975 2933 vocabulo
986 2877 1144 2938 existimet
1153 2898 1214 2955 per-

185 2959 287 3012 tinere.
314 2955 389 3022 Quid
402 2966 498 3013 autem
510 2956 614 3013 borum
626 2977 726 3015 verum
739 2959 793 3029 sit,
820 2978 867 3016 res
884 2961 947 3035 ipsa
960 2961 1130 3036 expeditius
1144 2963 1214 3020 iudi·

185 3040 273 3108 cabit,
287 3037 401 3113 quando
417 3041 474 3096 erit
486 3041 609 3096 scientia
622 3050 703 3097 tanta
716 3051 898 3115 sanctorum,
924 3054 957 3101 ut
972 3046 1014 3100 eis
1029 3065 1212 3124 cognosceu-

184 3123 285 3187 darum
297 3123 413 3178 illarum
425 3141 582 3198 poenarum
598 3127 764 3182 necessaria
776 3145 836 3184 nou
848 3131 887 3183 sit
900 3129 1092 3203 experientia,
1119 3131 1171 3188 sed
1183 3148 1214 3185 ιι

185 3225 257 3284 quae
275 3215 345 3262 tunc
364 3207 422 3263 erit
438 3209 524 3282 plena
543 3218 630 3284 atque
648 3208 791 3284 perfecta,
815 3209 851 3266 ad
864 3209 919 3268 boc
931 3229 1049 3286 quoque
1063 3214 1214 3271 sciendum

184 3292 327 3367 sapientia
340 3291 402 3348 sola
414 3290 546 3348 sufficiet.
583 3291 668 3350 Nunc
681 3295 759 3350 euim
773 3311 810 3348 ex
827 3304 910 3370 parte
923 3296 1041 3368 scimus,
1056 3297 1152 3354 donee
1164 3317 1213 3354 ve·

183 3377 245 3433 niat
258 3374 334 3450 quod
350 3375 511 3449 perfectum
527 3385 578 3432 ιιι.
612 3375 691 3434 Dum
709 3385 807 3434 tamen
826 3379 905 3434 nullo
924 3377 1008 3434 modo
1022 3380 1075 3435 illa
1089 3399 1213 3456 corpora

182 3461 252 3517 talia
265 3459 364 3516 sutura
379 3477 443 3515 csse
457 3459 625 3530 credamus,
651 3470 684 3516 ut
702 3461 790 3517 nullis
809 3461 845 3518 ab
864 3463 934 3540 igne
952 3461 1121 3520 afficiantur
1135 3463 1212 3520 dolo-

182 3545 270 3600 ribus.

594 3625 716 3684 CAP.
757 3625 799 3684 X.

183 3721 461 3792 Anignitgcbennoe,
472 3724 497 3775 ri
510 3723 657 3790 corporalis
672 3732 726 3788 ιιι,
741 3725 829 3794 pouit
842 3725 972 3795 neclignos
986 3725 1118 3794 spiritur,
1127 3727 1159 3780 id
1167 3735 1210 3786 ιιι,

404 3793 540 3846 doenronet
550 3794 717 3862 incorporeos
727 3803 803 3848 tactu
813 3813 860 3848 tuo
870 3797 992 3848 adterere.

247 3877 304 3936 Hic
319 3884 445 3938 occurrit
458 3901 615 3958 quaerere,
637 3887 734 3942 sinon
750 3888 806 3942 erit
825 3886 903 3964 ignis
917 3887 1122 3961 incorporalis,
1140 3891 1208 3944 sieut
