2576 4396
10 223 11 260 ι
275 193 843 258 circummanentem
1009 207 1069 266 aon

37 371 96 434 gos
108 349 261 418 homines,
288 365 305 403 a
319 345 420 423 quihus
434 365 494 404 non
507 345 623 424 quidem
636 349 668 404 in
682 351 779 406 anima
792 353 995 429 intellectuali,
1018 377 1070 415 ve.

36 456 105 494 rum
117 435 226 490 saltem
239 432 272 486 in
286 432 382 486 anima
394 433 517 506 spiritali
530 440 701 509 purgentur,
715 433 879 509 inquirant;
894 447 923 492 et
935 442 1071 512 queniam

34 523 165 576 istorum
191 531 265 592 quos
290 512 485 590 philosophari
507 518 606 593 piget,
631 516 897 598 incomparabiliter
916 523 1010 578 maio,
1028 533 1072 579 „t

34 600 212 670 multitudo,
236 600 336 673 plures
349 597 385 653 ad
399 607 527 655 secretos
541 607 571 654 et
584 599 701 655 illicitos
716 603 871 679 magisstro
885 611 966 676 tuos,
985 623 1071 680 quam

34 687 70 744 ad
84 683 205 742 scholas
219 681 384 738 Platonicae
397 683 500 739 venire
513 691 663 762 cogantur.
706 681 771 742 Hoc
786 687 864 742 enim
878 687 932 744 tibi
945 689 1070 744 ἰιιιιιιιιιι-

34 769 152 828 dissimi
175 765 347 837 daemones,
373 765 442 823 deos
468 765 612 824 aetherios
637 786 669 822 se
693 785 757 823 esse
778 769 920 847 figentes,
947 789 1071 848 quorum

33 852 225 930 praedicator
237 859 267 906 et
279 851 401 928 angelus
421 851 514 907 iactus
527 869 575 922 es,
599 853 812 928 promiserunt3
838 855 914 931 quod
927 856 959 911 in
974 857 1071 912 anima

7 949 14 1014 l
35 936 166 1013 spiritali
178 932 333 1011 theurgica
346 942 408 990 arte
421 937 548 1012 purgati,
561 933 597 992 ad
609 934 726 992 Patrem
737 937 852 1011 quidem
862 957 921 995 non
933 939 1069 1011 redeunt,

35 1021 84 1078 sed
99 1037 192 1095 super
206 1019 301 1074 aerias
314 1019 414 1095 plagas
430 1019 508 1074 iuter
526 1019 594 1076 deos
617 1017 764 1076 aetherios
782 1019 959 1079 habitabunt.
1002 1021 1069 1080 Non

34 1106 115 1162 audit
132 1105 193 1159 ista
211 1099 361 1158 hominum
378 1102 549 1174 multitudo,
574 1112 692 1178 propter
712 1123 784 1181 quos
802 1105 1004 1163 adremonum
1017 1107 1069 1163 do-

34 1192 150 1246 minatu
171 1183 338 1242 liberandos
360 1183 491 1242 Christum
514 1185 640 1243 advenit.
682 1185 717 1243 lu
736 1187 787 1243 illo
805 1189 883 1244 enim
894 1187 1069 1245 habentmi-

36 1269 301 1330 sericordissimam
325 1269 547 1347 purgationem,
574 1277 604 1324 et
617 1271 739 1340 mentis,
766 1279 795 1326 et
808 1272 942 1346 spiritus,
962 1281 993 1328 et
1006 1291 1070 1328 cor·

35 1359 117 1433 poris
143 1355 198 1410 sui.
241 1351 401 1427 Propterea
418 1354 523 1428 quippe
539 1361 633 1409 totum
650 1351 797 1409 hominem
810 1356 874 1409 sine
887 1363 1007 1429 peccato
1021 1356 1071 1410 ille

36 1440 181 1514 suscepit,
208 1446 242 1493 ut
254 1445 349 1494 totum
364 1455 421 1512 quo
435 1445 552 1493 constat
564 1434 666 1507 homo,
692 1455 710 1492 a
727 1447 915 1511 peccatorum
927 1447 1010 1512 peste
1023 1456 1070 1495 sa-

35 1532 131 1582 naret.
155 1521 249 1590 Quem
272 1530 304 1576 tu
326 1537 440 1597 quoquc
458 1521 572 1577 utinam
591 1522 797 1598 cognovisses,
824 1523 908 1598 eique
921 1531 950 1578 te
962 1525 1070 1598 potius,

35 1627 121 1684 quam
134 1607 183 1663 vel
195 1615 266 1661 tuae
279 1605 397 1676 virtuti,
411 1622 486 1679 quae
498 1603 640 1675 humana,
655 1603 769 1684 fragilis
783 1613 813 1662 et
825 1606 942 1662 infirma
954 1616 1009 1680 est,
1023 1608 1072 1664 vel

34 1691 303 1768 perniciosissimae
317 1689 480 1744 curiositati
493 1686 654 1746 sanandum
665 1691 756 1746 t'utius
770 1691 972 1747 commisisses.
1001 1691 1070 1749 Non

35 1778 113 1832 enim
126 1784 157 1830 te
176 1773 354 1848 decepisset,
379 1789 464 1847 quem
482 1782 596 1844 vestra,
620 1785 653 1829 ut
672 1782 705 1830 tu
723 1774 786 1849 ipse
805 1773 926 1847 scribis,
952 1778 1070 1832 oracula

34 1868 168 1916 sanctum
186 1857 438 1932 immortalemque
457 1856 594 1913 confessa
613 1866 691 1914 sunt.
735 1857 781 1914 De
800 1875 857 1934 quo
877 1861 965 1916 etiam
983 1870 1070 1936 poeta

34 1943 252 2012 nobilissimus,
277 1942 390 2015 poetice
403 1939 534 2015 quidem,
560 1942 628 2017 quio
640 1943 673 1998 in
686 1943 807 1998 alterius
821 1940 990 2000 adumbrata
1002 1963 1069 2018 per·

34 2047 123 2099 sona,
137 2026 285 2082 veraciter
299 2032 412 2093 tamen,
426 2025 452 2079 si
461 2024 498 2080 ad
510 2026 605 2099 ipsum
617 2025 748 2098 referas,
771 2025 861 2082 dixit:

117 2108 165 2167 Tc
179 2109 266 2178 duce,
286 2109 312 2162 si
325 2125 381 2182 qua
393 2117 514 2164 manent
527 2110 645 2164 sceleris
658 2109 785 2188 vestigia
799 2110 903 2179 nostri,

117 2192 209 2249 Irrita
221 2200 361 2266 perpetua
373 2193 489 2247 solvent
505 2191 661 2248 formidine
675 2202 778 2249 terras.

30 2279 74 2337 Ea
88 2279 200 2353 quippe
213 2274 298 2347 dixit,
313 2293 386 2350 quae
400 2277 487 2332 etiam
498 2277 621 2332 multum
633 2275 847 2352 proficientium
857 2277 889 2333 in
902 2273 1011 2334 virtute
1024 2278 1069 2332 iu-

32 2365 135 2421 stitiae
148 2369 287 2435 possunt,
300 2368 418 2434 propter
431 2358 515 2416 huius
528 2360 607 2416 vitae
620 2360 836 2433 infirmitatem,
863 2361 918 2418 etsi
932 2380 991 2418 non
1005 2379 1069 2416 sce-

30 2450 113 2519 lera,
141 2445 286 2500 scelerum
304 2453 402 2499 tamen
419 2461 538 2500 manere
554 2445 696 2521 vestigia,
722 2461 796 2518 quae
815 2462 874 2502 non
892 2446 950 2500 nisi
969 2445 1069 2500 abillo

33 2531 190 2588 Salvatore
205 2537 357 2597 sanantur,
372 2525 407 2582 de
420 2545 477 2602 quo
491 2528 547 2581 iste
559 2543 662 2581 versus
676 2543 834 2598 expressus
848 2536 902 2582 est.
924 2526 1000 2582 Nam
1014 2525 1070 2581 hoc
1142 2583 1146 2591 ,

32 2619 134 2691 utique
146 2629 241 2669 nona
258 2593 290 2666 se
303 2611 365 2686 ipso
379 2609 491 2666 dixisse
504 2605 648 2685 Virgilius
662 2610 693 2664 in
705 2607 835 2686 Eclogae
854 2609 946 2684 ipsius
965 2619 1069 2684 quarto
1166 2619 1173 2637 ·

33 2701 125 2757 ferme
138 2713 229 2753 versu
241 2695 366 2765 indicat,
392 2691 442 2748 ubi
455 2693 510 2749 ait:

116 2779 228 2836 Vltima
242 2777 360 2836 Cumaei
373 2777 456 2834 venit
467 2777 526 2832 iam
539 2775 677 2832 carminis
691 2784 779 2834 aetas.

32 2865 119 2922 Vnde
134 2863 192 2920 hoc
210 2880 228 2918 o
241 2860 366 2919 Cumaea
378 2859 490 2937 Sibylla
503 2859 613 2916 dictum
633 2877 697 2916 esse
717 2862 921 2919 incunctanter
940 2872 1069 2938 apparet.

35 2949 168 3027 Theurgi
180 2964 254 3004 vero
267 2947 321 3017 illi,
334 2947 381 3002 vel
393 2946 490 3020 potius
505 2945 672 3017 daemones,
687 2944 806 3002 deorum
819 2949 930 3023 species
943 2947 1069 3028 figuras-

36 3053 91 3109 que
104 3033 270 3111 fingentes,
289 3031 448 3104 inquinant
460 3031 557 3104 potius
573 3047 659 3106 quam
671 3039 801 3110 purgant
812 3029 968 3090 humanum
982 3033 1068 3108 spiri-

34 3129 96 3174 tum
105 3115 236 3174 falsitate
250 3112 484 3189 phantasmatum
497 3123 526 3170 et
539 3112 706 3190 deceptoria
715 3133 858 3173 vanarum
869 3116 1069 3174 ludificatione

34 3202 206 3258 formarum.
232 3195 383 3264 Quomodo
397 3198 475 3252 enim
487 3207 617 3276 purgent
633 3197 759 3256 hominis
773 3202 922 3276 spiritum,
950 3203 1000 3276 qui
1014 3202 1068 3256 irn-

35 3286 174 3342 mundum
197 3281 308 3338 hahent
329 3277 495 3357 proprium?
538 3282 676 3357 Alioquin
695 3285 775 3340 nullo
792 3283 877 3340 modo
894 3284 1069 3341 carminibus

35 3369 127 3427 invidi
153 3367 283 3424 hominis
309 3365 490 3444 ligarentur,
516 3365 669 3440 ipsumque
691 3368 779 3422 inane
800 3365 973 3423 beneficium
994 3366 1071 3442 quod

34 3451 215 3530 praestaturi
233 3447 426 3520 videbantur,
452 3457 503 3504 aut
520 3457 599 3504 metu
619 3455 800 3523 premerent,
827 3456 877 3504 aut
890 3451 979 3504 simili
992 3449 1069 3504 invi-

35 3539 134 3594 dentia
153 3535 346 3614 denegarent.
376 3529 489 3590 Sufficit
502 3530 579 3608 quod
590 3533 769 3610 purgatione
782 3527 950 3608 theurgica,
977 3549 1071 3605 neque

35 3620 265 3680 intellectualem
278 3617 419 3687 saionem,
438 3613 493 3672 hoc
507 3623 569 3686 est,
589 3624 717 3672 mentem
730 3621 873 3684 nostram,
898 3611 971 3670 dicis
984 3631 1070 3689 posse

35 3707 171 3786 purgari,
201 3711 232 3759 et
247 3703 341 3778 ipsam
358 3699 538 3774 spiritalem,
564 3695 594 3754 id
613 3708 674 3772 est,
700 3705 818 3754 nostrae
831 3695 946 3753 animae
957 3705 1070 3773 partem

35 3801 132 3848 mente
146 3787 333 3857 inferiorem,
347 3799 434 3859 quam
446 3783 498 3840 tali
511 3790 574 3839 arte
585 3782 707 3862 purgari
718 3797 806 3858 posse
817 3781 937 3853 asseris,
950 3782 1069 3840 immor-

36 3877 121 3932 talem
140 3883 239 3931 tsmen
263 3878 470 3944 aeternamque
491 3885 550 3924 non
568 3883 656 3942 posse
672 3862 727 3924 hac
744 3871 808 3922 arte
826 3860 892 3921 ficri
912 3865 1068 3926 confiteris,
