2510 4404
160 225 220 285 DE
243 224 466 286 ClVlTATE
490 223 570 284 DEl
594 223 675 282 LlB.
700 223 800 282 XXl.
946 228 1008 285 365

32 398 89 436 ere:
114 379 240 454 prolecto
254 380 280 435 si
294 387 468 454 quaeratur,
494 395 568 452 quae
590 375 698 455 dignae
721 378 782 434 sint
804 379 1006 452 propeccatis

32 481 184 539 emosynae,
212 461 365 537 dequibus
383 459 594 518 etiamChristi
616 479 790 534 praecursor
812 461 862 515 ille
881 458 1005 530 dicebat,

32 549 82 604 cite
95 565 159 623 erge
168 545 298 618 fruetus
312 547 416 622 dignes
422 545 648 623 poenitentioe:
672 545 775 618 procul
788 543 873 598 dubio
886 561 946 598 non
959 545 1006 598 in·

32 632 131 686 cientur
148 647 194 686 eas
215 629 329 700 facere,
357 629 407 704 qui
418 629 510 684 vitam
524 645 604 683 suam
618 645 711 701 usquc
725 626 761 682 ad
774 635 896 682 mortem
912 625 1006 699 quoti-

32 731 126 770 norum
138 713 291 768 eriminum
305 712 520 786 perpetratione
539 709 721 766 confodiunt.
765 708 913 779 Primum,
940 709 1008 781 quia

32 795 182 853 ruferendis
194 795 281 850 rebus
294 796 399 851 alicnis
412 797 500 872 longe
512 795 597 867 plura
608 792 759 868 diripiunt,
773 810 812 848 ex
824 792 929 865 quibus
939 809 1007 865 per·

32 898 84 958 gua
99 879 268 954 pauperihus
287 876 455 956 largiendo,
482 873 631 933 Christum
644 894 676 931 se
692 874 795 932 adhoc
807 893 929 950 parcere
943 876 1006 930 exi-

32 972 111 1034 nant,
129 971 161 1018 ut
172 963 320 1018 licentiam
333 959 554 1018 malefactorum
567 959 602 1015 eh
616 961 667 1016 illo
680 978 712 1016 se
727 960 849 1030 emisse,
873 959 922 1015 vel
935 975 1006 1032 quo-

32 1047 150 1122 cpotius
163 1064 258 1104 emere
271 1043 440 1115 credentes,
467 1043 565 1099 securi
583 1041 759 1100 damnabilia
776 1051 859 1099 tanta
873 1041 1006 1098 commit-

32 1140 48 1186 t.
91 1131 145 1196 Qui
156 1131 182 1184 si
193 1147 246 1203 pro
260 1147 320 1186 uno
334 1125 446 1184 scelere
459 1127 558 1182 omnia
572 1143 627 1183 sua
640 1123 856 1182 distribuerunt
868 1125 1006 1201 indigen·

32 1232 51 1269 ιι
64 1211 195 1270 memhris
209 1211 335 1285 Christi,
348 1211 409 1268 nisi
422 1209 601 1267 desisterent
612 1227 630 1266 a
643 1209 749 1266 talibus
762 1207 861 1280 lactis,
874 1206 1007 1263 hahendo

32 1301 137 1366 itatem,
163 1313 236 1372 quae
254 1314 315 1354 uon
334 1295 398 1373 ogit
414 1310 584 1370 perperam,
609 1291 720 1369 aliquid
738 1293 781 1348 eis
797 1289 935 1368 prodesse
948 1307 1008 1344 non

32 1390 78 1436 ret.
120 1380 176 1446 Qui
194 1398 266 1458 ergo
286 1379 390 1458 dignas
409 1395 463 1453 pro
481 1377 542 1434 suis
561 1377 691 1452 peccatis
709 1377 908 1450 eleemosynas
926 1371 1008 1442 facit,

32 1483 53 1520 ιι
71 1481 118 1520 eas
130 1461 226 1519 facere
245 1464 369 1538 incipiat
381 1479 398 1517 a
411 1479 443 1516 se
455 1461 528 1537 ipso.
572 1459 730 1540 lndignum
748 1468 795 1515 est
808 1459 903 1528 enim,
931 1456 1009 1510 utin

32 1567 83 1605 con
101 1547 203 1618 saciat,
229 1549 279 1623 qui
298 1545 370 1602 lacit
386 1546 419 1602 in
436 1545 617 1620 proximum,
644 1561 732 1620 quum
749 1541 849 1599 audiat
862 1539 1007 1596 dicentem

32 1635 144 1702 ninum,
164 1629 284 1708 Diliges
291 1630 464 1710 proximum
478 1637 560 1686 tuum
573 1637 716 1706 tanquam
730 1637 760 1684 te
779 1627 882 1704 pesum.
920 1621 1008 1678 ltcm-

42 1715 156 1786 audiat,
182 1712 329 1772 Miserere
349 1723 420 1771 tuae
438 1712 557 1770 animae
567 1710 695 1792 placens
714 1708 789 1767 Dee.
832 1705 919 1763 Hanc
938 1721 1008 1781 ergo

32 1817 197 1875 mosynam,
212 1797 243 1854 id
256 1806 316 1869 est,
329 1805 362 1854 ut
372 1795 437 1854 Deo
449 1797 577 1871 placcat,
599 1813 658 1850 non
672 1793 784 1849 faciens
799 1792 915 1846 animae
928 1805 1009 1857 suae,

32 1882 112 1940 niodo
126 1881 229 1960 dignas
242 1899 295 1957 pro
313 1881 441 1956 peccatis
455 1880 516 1934 suis
535 1879 735 1952 eleemosynas
753 1873 849 1930 facere
868 1869 1009 1928 dicendus

55 1966 100 2022 Ad
112 1965 166 2022 hoc
179 1967 259 2022 enim
272 1973 303 2020 et
316 1963 390 2020 illud
402 1962 545 2036 scriptum
559 1969 619 2016 est:
645 1958 706 2028 Qui
718 1957 777 2014 citi
789 1956 939 2031 rnalignue
954 1963 1008 2020 est,

41 2052 131 2109 benuo
154 2047 233 2108 crit?
260 2046 419 2104 Orationes
433 2045 540 2118 quippe
552 2043 695 2098 adiuvant
713 2041 927 2112 eleemosynae.
971 2033 1009 2088 Et

32 2154 71 2192 ue
84 2131 257 2190 intuendum
271 2138 317 2186 est
330 2126 407 2204 quod
418 2127 559 2204 legimus:
584 2122 649 2181 Fert
654 2122 807 2200 peccasti,
831 2138 867 2175 ne
880 2118 1010 2174 adiicias

32 2239 95 2288 um,
110 2227 140 2274 et
153 2217 189 2274 de
195 2213 381 2294 praeteriise
394 2211 573 2288 deprecare,
583 2217 618 2264 set
631 2205 825 2262 dimittantur
838 2201 903 2258 titi.
938 2198 1010 2254 Pro-

32 2329 33 2332 *
47 2301 103 2358 hoc
116 2318 188 2379 ergo
202 2301 406 2372 eleemosynae
419 2289 572 2349 faciendae
583 2295 706 2358 suut,'ut
716 2303 784 2342 cum
795 2283 830 2341 dc
843 2282 1011 2359 praeteritis

32 2387 96 2444 tatis
110 2384 313 2460 deprecamur,
327 2376 535 2447 exaudiamur,
554 2391 616 2430 non
629 2372 706 2428 utin
721 2371 764 2426 cis
777 2375 1011 2442 perseverantes,

32 2472 119 2528 rtiam
124 2462 330 2524 malefaciendi
336 2480 389 2520 nos
396 2479 448 2539 per
459 2459 658 2534 eleemosynas
670 2471 838 2529 comparare
849 2450 1011 2508 credamus.

32 2553 100 2611 ldco
121 2561 219 2609 autem
232 2548 377 2606 Dominus
397 2553 428 2603 ct
447 2541 561 2600 dextris
580 2541 780 2614 eleemosynas
794 2535 829 2592 ab
844 2535 886 2590 eis
907 2534 1011 2600 lectas,

32 2639 144 2694 Lnistris
159 2653 219 2692 non
233 2632 325 2689 factas
338 2648 371 2686 se
388 2630 600 2704 imputaturum
619 2640 685 2680 esse
699 2616 864 2697 praedixit,
890 2625 925 2673 ut
943 2615 1012 2670 hinc

32 2721 140 2779 ederet
162 2726 305 2795 quantum
328 2715 448 2772 valeant
468 2711 672 2784 eleemosynae
696 2703 732 2760 ed
753 2703 853 2779 priora
879 2697 1012 2767 delenda,

49 2805 88 2861 ad
109 2811 252 2879 perpetua
273 2801 392 2874 impune
414 2791 620 2854 committenda
641 2797 771 2868 peccata.
815 2784 902 2844 Tales
916 2791 1014 2840 autem

32 2905 172 2964 mosynas
186 2903 246 2942 non
265 2880 382 2939 dicendi
399 2887 469 2937 sunt
484 2877 598 2947 facere,
625 2873 780 2951 quiritem
793 2871 929 2928 uolunta
943 2883 1013 2922 con-

32 2972 125 3028 udine
139 2972 286 3027 scelerum
298 2967 331 3024 in
343 2967 447 3022 melius
464 2969 652 3020 commutare.
692 2957 767 3026 Quia
780 2956 855 3012 etin
868 2950 923 3008 hoe
937 2946 1015 3025 qnod

48 3055 182 3126 Quando
195 3055 248 3112 uni
260 3071 298 3112 ec
309 3050 438 3109 minimis
451 3047 523 3105 mes'e
537 3064 593 3102 nen
604 3043 750 3117 fecialis,
775 3037 849 3096 mihi
861 3055 918 3094 non
929 3034 1014 3106 fecs'-

32 3161 35 3200 :
51 3137 188 3196 ostendit
200 3155 249 3194 eos
262 3153 323 3192 uon
336 3135 434 3192 facere
447 3132 536 3186 etiam
549 3126 664 3202 quando
678 3145 710 3180 se
724 3125 821 3180 facere
835 3121 1013 3178 existimant.

32 3225 96 3280 nim
111 3221 284 3278 Christiano
299 3215 444 3272 esurienti
457 3219 563 3284 pan'em
581 3217 720 3281 tanquam
735 3205 902 3261 Christiano
916 3199 1014 3275 [Chri-

38 3307 170 3373 darent,
196 3301 327 3376 profecto
340 3297 398 3352 sihi
415 3309 520 3369 penem
540 3289 686 3358 iustitiae,
714 3285 791 3358 quod
803 3281 1016 3357 ipsc'Christus

38 3408 104 3445 non
121 3391 285 3462 negarent:
300 3379 436 3454 quoniam
450 3373 549 3442 Deus,
563 3388 621 3426 non
637 3371 684 3424 cui
698 3367 801 3436 detur,
816 3364 867 3420 sed
880 3379 938 3436 quo
951 3361 1016 3416 ani-

32 3473 139 3538 detur,
169 3463 305 3522 attendit.
327 3461 390 3526 ,Qui
412 3476 483 3537 ergo
497 3454 644 3514 Christum
667 3451 764 3527 diligit
784 3449 816 3506 in
838 3445 1018 3514 Christiano,

39 3553 147 3608 animo
168 3551 195 3610 ei
215 3547 340 3624 porrigit
359 3545 573 3618 eleemosynam
594 3554 651 3612 quo
672 3532 784 3590 accedit
801 3529 838 3586 ad
858 3527 1018 3596 Christum,

54 3652 117 3712 quo
147 3635 213 3690 vult
238 3629 375 3688 recedere
401 3626 561 3700 impunitus
589 3639 606 3676 a
632 3617 759 3676 Christo.
817 3613 915 3672 Tanto
941 3611 1019 3668 enim

33 3725 61 3778 ἰι
93 3719 225 3794 quisque
255 3713 365 3770 deserit
388 3709 551 3777 Christum,
579 3712 688 3781 quanto
707 3699 801 3778 inagis
820 3697 917 3775 diligit
943 3693 1018 3770 quod

32 3806 118 3864 roliat
133 3801 279 3859 Christus.
323 3795 399 3854 Nam
413 3793 481 3870 quid
495 3793 629 3866 cuiquem
642 3785 775 3862 prodest,
795 3783 870 3860 quod
888 3781 1017 3854 baptiza-

46 3891 74 3946 si
91 3905 159 3944 non
175 3876 373 3944 iustificeturl
417 3877 524 3934 Nonne
538 3875 589 3951 qui
603 3872 696 3944 dixit,
723 3865 791 3926 Nisi
809 3869 873 3946 puis
894 3872 1018 3921 renatae
