2586 4396
230 207 270 264 80
455 199 551 258 DIVI
573 193 760 257 sunnin
781 188 1041 252 Avas'HNt

233 358 365 426 fuerent,
380 354 450 409 setis
463 361 565 428 operto
578 359 654 408 sunt.
698 349 768 416 Quis
782 347 860 404 enim
869 345 940 403 hseo
951 345 1107 424 diligenter
1120 357 1150 403 et
1162 350 1250 405 intel·

233 442 360 517 ligenter
372 435 553 507 advertens,
567 453 628 492 non
641 440 781 510 agnoscat
792 433 824 489 in
839 426 970 488 Christo?
998 429 1068 486 Sem
1081 432 1200 506 quippe,
1215 433 1251 488 de

232 525 313 578 ouius
327 522 437 576 somine
449 523 481 576 in
495 537 583 576 earne
596 525 681 575 notus
695 523 740 571 est
753 513 902 587 Christus,
930 515 1135 588 interpretetur
1151 518 1249 571 nomi-

231 613 324 661 natus.
354 603 444 672 'Quid
460 613 556 658 autem
575 601 751 658 nominatius
765 597 896 669 Christo,
923 599 1005 654 cuius
1025 616 1129 654 nomen
1139 597 1249 672 ubique

147 695 152 698 ’
230 691 288 744 iem
300 684 426 766 fragret,
451 688 542 743 ite'ut
554 687 586 742 iu
599 684 719 764 Centies
733 684 926 753 cantieorum,
954 683 1042 737 etiem
1059 683 1121 756 ipso
1138 684 1248 756 proeci-

229 780 318 829 nente
337 769 502 846 prophetie,
529 777 681 848 unguento
694 775 875 844 comparetur
888 763 991 822 effuso:
1016 767 1048 824 in
1061 767 1145 822 ouius
1159 764 1249 821 domi-

230 856 300 926 bus,
312 853 343 910 id
357 864 417 925 est,
435 853 565 911 ecelesiis
578 851 690 908 habitet
702 853 833 929 gentium
844 845 983 906 latitudot
1008 848 1082 906 Nam
1094 846 1195 923 lephet
1207 851 1249 905 Ιι-

230 937 323 993 titudo
336 939 554 1012 interpretatur.
569 935 658 994 (iham
667 951 764 1010 porro,
778 936 828 1010 qui
836 935 1046 1008 interpretatur
1056 932 1176 988 callidus
1188 929 1248 1008 [os-

230 1016 335 1095 lidusJ,
348 1019 625 1092 mediusNodfilius,
639 1029 776 1094 tanquam
782 1018 852 1074 seob
860 1026 983 1092 utroque
991 1016 1158 1073 disoernen
1164 1026 1194 1072 ιι
1203 1018 1248 1071 in-

229 1113 275 1159 ter
284 1113 440 1179 utrumque
450 1121 615 1175 remanens,
629 1122 684 1159 nee
692 1100 1080 1177 inprimitiislsretliterum
1093 1100 1248 1174 neoinple-

230 1187 365 1244 nitudine
372 1187 520 1260 Gentium,
534 1187 602 1264 quid
613 1185 759 1265 significet
771 1186 829 1242 nisi
841 1183 1053 1241 hoereticorum
1063 1185 1248 1261 genus-onlli-

231 1270 296 1326 dum
308 1265 460 1351 [calidum]
470 1312 478 1343 ,
490 1290 550 1328 non
556 1271 662 1347 spiritu
669 1271 838 1344 sapientiae,
852 1266 903 1324 sed
913 1267 1118 1343 impatientiae,
1133 1263 1250 1341 [spiritu

229 1356 390 1430 versipellis
402 1353 539 1435 astutiae]
555 1374 612 1430 quo
622 1356 717 1410 solent
726 1351 940 1409 haeretieorum
948 1352 1062 1408 fervere
1072 1349 1251 1425 praecordio,

229 1447 259 1494 et
269 1457 369 1512 paoem
380 1439 550 1514 perturbere
563 1432 748 1495 sanctorum?
771 1433 828 1492 Sed
840 1433 911 1491 haee
924 1437 956 1491 in
969 1453 1053 1491 urum
1066 1432 1173 1490 cedunt
1185 1451 1250 1508 pro·

228 1521 403 1592 tioientium,
416 1523 499 1577 iuxta
511 1522 582 1578 illud
593 1521 741 1596 Apostoli:
762 1516 889 1597 Oportet
900 1517 1037 1576 haereses
1051 1533 1123 1587 esse,
1137 1527 1171 1574 nt
1179 1535 1251 1594 pro-

229 1603 294 1660 teet
305 1603 551 1676 monifestifiant
563 1606 594 1662 in
605 1603 695 1663 vodis.
738 1602 821 1659 Vnde
834 1603 920 1658 etium
934 1603 1072 1676 seriptum
1085 1609 1144 1673 est,
1157 1599 1250 1656 Filius

229 1687 363 1743 eruditus
389 1688 509 1764 sapiens
536 1689 614 1758 erit,
651 1687 835 1765 imprudente
860 1695 958 1752 eutem
982 1686 1117 1741 ministro
1143 1694 1249 1740 utetur.

229 1767 320 1826 Multo
334 1769 437 1845 quippe
450 1769 487 1825 od
499 1768 585 1826 fidem
602 1767 771 1826 ootholieem
787 1769 981 1844 pertinentis,
1006 1767 1074 1824 dum
1089 1765 1249 1822 haeretieo-

229 1869 295 1908 rum
310 1851 414 1908 oslli'dn
428 1849 547 1929 [solida]
561 1851 762 1928 inquietudine
775 1853 979 1931 exagitentur,
1003 1862 1038 1908 ut
1050 1851 1187 1907 adversus
1200 1867 1249 1904 eos

231 1934 347 1991 defendi
359 1937 486 2012 possint,
514 1946 545 1993 et
557 1935 779 1994 considerantur
792 1933 980 2015 diligentius,
1007 1944 1037 1991 et
1044 1935 1250 2012 'intelliguntur

230 2020 354 2092 elarius,
381 2029 411 2076 et
434 2021 594 2078 instantius
622 2018 843 2096 praedicentur:
870 2029 900 2076 et
924 2020 958 2076 ob
985 2018 1150 2076 edversario
1175 2025 1251 2072 moto

230 2105 377 2177 quaestio,
404 2103 535 2162 disoendi
558 2106 676 2161 ιιιιίιιίι
695 2105 819 2161 occasio
862 2104 1000 2172 Quamvis
1020 2121 1080 2159 non
1099 2103 1192 2158 solum
1205 2101 1252 2174 qui

231 2196 300 2242 ιιιιιι
319 2189 499 2262 apertissime
517 2189 658 2264 separati,
684 2205 785 2245 verum
805 2189 892 2245 etiam
911 2205 1010 2245 omnes
1024 2188 1075 2262 qui
1088 2184 1251 2243 Christiano

230 2270 371 2326 vocabulo
387 2273 568 2347 glorientur,
595 2281 625 2328 et
640 2271 753 2347 perdite
770 2272 891 2343 vivunt,
916 2289 978 2328 non
996 2270 1118 2326 absurde
1134 2277 1252 2344 possunt

230 2351 324 2408 videri
335 2352 428 2408 medio
442 2353 504 2410 Noe
516 2353 578 2411 filio
592 2355 724 2433 figurati:
747 2357 913 2430 passionem
925 2356 1028 2430 quippe
1041 2352 1169 2424 Christi,
1183 2369 1252 2427 quse

231 2436 309 2492 illius
322 2433 447 2492 hominis
460 2437 593 2496 nuditate
606 2437 774 2516 significate
786 2446 841 2509 est,
855 2447 886 2494 et
894 2439 1071 2494 annuntiant
1082 2433 1253 2512 profitendo,

231 2530 261 2575 et
271 2521 347 2576 melo
367 2521 481 2600 egendo
503 2520 693 2580 exhonorant.
736 2521 901 2579 Detelibus
916 2539 986 2599 ergo
999 2520 1180 2576 dictumest:
1205 2516 1254 2572 Es

225 2602 381 2674 fructibus
397 2625 495 2664 eorum
508 2607 690 2685 cognoscetis
704 2622 762 2664 eos.
796 2604 863 2662 Ideo
877 2604 966 2663 Cham
978 2607 1010 2661 in
1022 2603 1083 2660 filio
1097 2623 1152 2660 sno
1165 2603 1255 2658 mele·

231 2684 325 2744 dietus
339 2697 397 2762 est,
421 2699 558 2764 tanquam
571 2692 602 2746 in
615 2689 712 2747 fructu
725 2707 796 2760 ruo,
819 2689 850 2744 id
863 2698 924 2761 est,
942 2690 973 2744 in
988 2705 1073 2764 opere
1086 2705 1146 2744 suo.
1172 2684 1255 2742 Vnde

230 2773 439 2828 convenienter
457 2782 487 2828 et
505 2775 568 2846 ipse
589 2773 666 2829 filius
686 2775 748 2829 eius
768 2771 905 2830 Chsnoun
928 2773 1135 2846 interpretetur
1156 2779 1254 2825 motus

231 2871 342 2910 eorum:
370 2853 446 2928 qnod
463 2855 541 2910 eliud
560 2857 630 2930 quid
648 2861 709 2928 ¹est,
736 2874 821 2932 quom
833 2874 904 2931 opus
918 2851 1036 2912 eorumi
1063 2853 1131 2911 Sem
1141 2871 1213 2908 vero
1227 2861 1258 2908 et

231 2931 332 3008 laphet
344 2931 483 3011 tanquam
495 2939 676 3013 circumcisio
690 2950 720 2996 et
732 2941 932 3014 praeputium,
950 2941 998 2995 rel
1011 2939 1088 2994 sieut
1099 2937 1153 2993 elio
1165 2936 1257 2990 modo

232 3033 281 3070 eos
295 3019 422 3092 appellet
432 3019 604 3094 Apostolus,
630 3020 730 3078 ludaei
743 3032 773 3079 et
786 3023 908 3094 Graeci,
934 3022 985 3078 sed
997 3024 1094 3079 vocati
1105 3029 1132 3076 et
1143 3017 1258 3074 iustifi-

231 3099 304 3171 ooti,
330 3101 448 3180 cognite
462 3121 574 3180 quoquo
587 3105 673 3162 modo
686 3106 819 3164 nuditate
831 3107 936 3182 petris,
962 3123 1020 3181 que
1037 3101 1257 3184 signidonbetur

229 3183 325 3258 passio
351 3181 531 3260 salvatoris,
558 3199 705 3248 sumentes
731 3193 950 3260 vestimentum,
980 3197 1142 3264 posuerunt
1168 3203 1256 3260 supro

230 3263 317 3323 dorse
330 3285 397 3341 sus,
421 3280 451 3328 et
463 3273 649 3330 intraverunt
661 3277 772 3345 eversi,
798 3284 828 3330 et
841 3283 1018 3350 operuerunt
1031 3273 1193 3329 nuditatem
1205 3288 1258 3344 pn·

227 3348 284 3406 tris
298 3353 360 3424 sui,
380 3370 435 3410 nee
447 3355 583 3413 viderunt
597 3358 674 3432 quod
686 3357 847 3417 reverendo
860 3366 1007 3414 texerunt.
1035 3357 1167 3423 Quodam
1178 3355 1258 3409 enim

227 3433 312 3492 modo
327 3437 358 3493 in
371 3439 508 3510 passione
521 3437 647 3513 Christi,
673 3450 702 3497 et
720 3440 797 3516 quod
814 3459 867 3516 pro
884 3441 969 3498 nobis
982 3441 1092 3496 foousm
1107 3448 1151 3496 est
1162 3436 1259 3494 hono·

226 3535 338 3591 remus,
360 3529 391 3576 ιι
403 3517 575 3580 Iudaeorum
588 3523 701 3580 sueinus
715 3541 890 3582 aversamur.
916 3523 1130 3580 vestimentum
1141 3521 1260 3601 signifi·

228 3610 275 3656 cet
288 3613 514 3668 sacramentum:
538 3605 623 3662 dorso
634 3609 804 3664 memoriam
815 3609 1049 3683 praeteritorum,
1064 3609 1132 3683 quie
1144 3607 1261 3680 presio-
1277 3667 1278 3672 ἵ

228 3701 296 3738 nem
310 3684 418 3742 Christi
430 3707 464 3744 eo
478 3690 592 3746 scilieet
604 3691 662 3746 iem
671 3700 800 3766 tempore
813 3709 869 3766 quo
883 3691 993 3748 habitet
1004 3689 1105 3764 laphet
1118 3692 1151 3746 in
1167 3690 1261 3745 domi·
1277 3699 1278 3712 ¹

228 3764 282 3818 b'us
297 3764 365 3822 Sem
378 3777 408 3822 et
419 3773 512 3828 molus
526 3772 615 3829 freter
627 3774 659 3829 in
678 3775 772 3831 medio
792 3793 908 3848 eorum,
934 3777 1112 3832 transactam
1130 3773 1262 3830 celebrat

228 3841 372 3919 Eoolesis,
390 3869 450 3907 non
464 3853 557 3910 ndhuo
570 3867 734 3931 prospectet
745 3858 882 3914 futurem.
1277 3869 1278 3872 ’
