2592 4396
213 211 275 266 366
445 199 548 258 DlVl
576 195 767 255 AVRELll
788 193 1046 254 AVGVSTlNl

214 360 312 434 potius
325 355 397 412 fides
411 351 544 408 habenda
557 359 616 406 est:
643 349 712 423 quia
727 349 880 404 veritatem
893 366 954 404 non
968 347 1085 404 excedit
1099 367 1266 425 annorum,

216 443 267 517 qui
279 439 376 494 literis
389 436 513 504 nostris,
527 452 602 508 quae
614 447 684 488 vere
697 449 798 487 sacrae
811 440 892 501 sunt,
906 433 1107 488 eontinentur.
1122 432 1224 492 Porro
1241 439 1267 494 si

214 524 286 580 haee
301 521 423 594 epistola
436 516 612 587 Alexandri,
632 532 708 588 quae
721 515 847 570 maxime
860 515 1000 586 innotuit,
1014 515 1137 572 multum
1150 516 1266 576 abhor-

214 615 261 662 ret
279 607 310 661 in
325 605 427 678 spatiis
447 611 607 674 temporum
621 615 639 652 a
653 596 797 671 probabili
809 595 866 652 lide
888 612 1002 668 rerum3
1030 608 1140 672 quanto
1158 602 1267 659 minus

216 687 394 745 eredendum
413 693 459 740 est
476 685 535 738 illis
554 682 665 750 literis,
679 697 751 754 quar
765 681 867 755 planas
880 679 1020 737 fabulosis
1033 682 1114 737 velut
1126 687 1269 760 antiqui-

214 773 324 828 tatibus
343 768 477 844 proierre
495 766 645 823 voluerint
660 759 841 838 [voluerunt]
861 772 965 819 eontra
983 766 1192 823 auotoritatem
1210 789 1269 826 no·

215 855 395 910 tissimorum
409 851 632 922 divinorumque
644 846 802 918 librorum,
817 865 891 922 quae
903 855 998 902 totum
1010 846 1110 904 orbem
1123 849 1181 906 sibi
1197 871 1271 908 ore-

216 938 346 992 diturum
360 952 423 990 esse
431 931 588 1008 praedixit,
603 939 633 986 et
642 931 693 986 ¹oni
704 938 783 987 totus
795 930 885 1000 orbis,
899 931 975 986 sieut
985 930 1021 986 ab
1031 948 1066 986 ea
1076 931 1272 1005 praedictum

216 1027 273 1088 est,
287 1016 425 1088 credidit3
448 1033 522 1091 quae
536 1031 606 1071 vera
619 1033 651 1069 se
665 1031 802 1070 narrasse
815 1013 990 1088 praeterita,
1015 1032 1052 1068 ex
1063 1011 1109 1070 his
1123 1033 1205 1089 quae
1221 1019 1272 1076 fu-

216 1109 282 1157 tura
295 1101 526 1174 praenuntiavit,
540 1116 605 1154 eum
619 1106 702 1154 tanta
714 1099 840 1155 veritate
850 1098 1019 1172 implentur,
1034 1097 1174 1155 ostendit.

614 1263 737 1322 CAP.
780 1262 849 1320 Xl.

214 1363 258 1416 De
269 1363 311 1415 bie
321 1363 369 1431 qui
377 1361 448 1418 bane
458 1364 563 1433 quidem
573 1363 699 1414 mondum
710 1377 764 1413 non
774 1361 963 1429 senspiternum
971 1369 1089 1429 putant,
1103 1363 1154 1413 sed
1162 1375 1221 1418 out
1231 1369 1277 1422 in.

285 1433 471 1498 numerabiles,
482 1443 532 1486 aut
543 1433 653 1484 eandem
664 1447 746 1484 snum
756 1439 832 1482 certa
843 1430 1010 1484 conclusione
1021 1433 1197 1486 saeculorum

484 1518 587 1569 seraper
598 1501 673 1552 nasei
684 1509 711 1552 et
724 1499 821 1552 resolui
831 1499 988 1566 opinantur.

288 1605 346 1664 Alii
357 1621 428 1663 vero
441 1609 491 1682 qui
511 1605 651 1662 mundum
668 1605 757 1660 istum
775 1621 836 1660 non
856 1607 1025 1662 existimant
1037 1607 1278 1682 sempiternum,

215 1693 277 1746 sive
292 1707 352 1744 non
366 1707 434 1744 eum
446 1691 556 1760 solum,
582 1687 634 1743 sed
647 1687 876 1745 innumerabiles
890 1689 1062 1763 opinentur,
1086 1690 1155 1745 sive
1169 1697 1279 1752 solum

216 1771 334 1847 quidem
348 1789 428 1842 esse,
455 1772 507 1827 sed
520 1774 609 1828 certis
623 1771 812 1826 saeculorum
824 1774 988 1828 intervallis
1002 1775 1279 1835 innumerabiliter

160 1906 164 1914 .
217 1857 289 1910 oriri
304 1864 333 1909 et
352 1854 500 1926 occidere,
526 1871 646 1911 neeesse
665 1863 710 1909 est
728 1854 877 1912 fateantur
894 1854 1048 1912 hominum
1062 1873 1163 1933 genus
1185 1865 1280 1934 prius

215 1940 279 1993 sine
292 1935 459 1994 hominibus
473 1937 663 2016 gignentibus
679 1939 824 1996 exsitisse
847 1938 949 2013 Neque
963 1941 1041 1994 enim
1053 1948 1086 1994 ut
1099 1941 1280 2001 alluvioni-

216 2022 269 2076 bus
291 2020 496 2098 incendiisque
514 2031 675 2091 terrarum,
699 2037 772 2094 quas
792 2022 836 2076 illi
855 2039 915 2078 non
932 2029 1038 2096 putant
1058 2030 1122 2077 toto
1139 2041 1282 2098 prorsus

216 2105 285 2160 orbe
298 2106 487 2183 contingere,
514 2115 545 2162 et
563 2105 628 2160 ideo
644 2121 755 2180 paucos
773 2102 907 2160 homines
926 2121 963 2159 ex
983 2104 1087 2179 quibus
1102 2109 1283 2169 multitudo

215 2189 340 2261 pristina
353 2199 516 2262 reparetur,
531 2205 645 2262 semper
658 2203 812 2242 remanere
826 2187 1024 2259 eontendunt,
1047 2189 1089 2242 ita
1102 2197 1135 2244 et
1150 2187 1187 2246 hi
1203 2211 1283 2266 po..

216 2280 285 2324 sunt
297 2281 412 2342 putare,
426 2273 504 2344 quod
517 2272 609 2344 aliqui
619 2269 768 2325 hominum
778 2280 919 2343 pereunte
932 2271 1041 2326 mundo
1054 2272 1285 2347 relinquantur

215 2352 245 2405 in
261 2351 385 2407 mundo:
399 2353 450 2407 sed
461 2355 539 2408 sicut
552 2354 647 2425 ipsum
659 2351 799 2406 mundum
813 2369 851 2406 ex
861 2355 983 2409 materia
995 2371 1048 2410 sua
1060 2359 1188 2412 renasci
1209 2364 1285 2416 exi-

216 2435 347 2504 stimant,
361 2435 403 2489 ita
414 2436 446 2492 in
459 2437 510 2492 illo
525 2453 562 2490 ex
572 2435 723 2489 elementis
735 2435 797 2489 eius
810 2453 906 2512 genus
919 2435 1089 2506 humanum,
1105 2454 1144 2492 ae
1160 2439 1288 2500 deinde

216 2533 232 2570 a
245 2517 417 2594 parentibus
430 2520 601 2596 progeniem
614 2519 756 2592 pullulare
768 2519 950 2588 mortalium,
965 2519 1043 2575 sieut
1054 2519 1191 2579 aliorsum
1209 2529 1288 2583 ani-

213 2601 342 2655 melium.

602 2682 726 2741 CAP.
769 2681 863 2740 Xll.

216 2777 289 2841 Quid
297 2780 509 2846 respondendum
519 2781 556 2832 sit
566 2779 620 2842 bie,
638 2779 686 2847 qui
697 2779 816 2847 primam
831 2780 1010 2834 conditionem
1025 2780 1144 2836 bominis
1155 2790 1292 2843 tardam

621 2864 676 2899 esee
689 2859 847 2902 causentur.

283 2934 367 3000 Quod
383 2943 481 2990 autem
493 2936 710 3010 respondimus,
738 2955 805 2993 eom
819 2938 854 2994 de
871 2939 972 2996 mundi
992 2940 1108 3018 origine
1125 2951 1292 3015 quaestio

213 3024 394 3086 verteretur,
421 3018 463 3070 eis
477 3020 527 3092 qui
541 3021 646 3074 nolunt
662 3019 781 3076 eredere
794 3039 854 3078 non
868 3041 935 3079 eum
948 3041 1063 3096 semper
1074 3023 1193 3096 fuisse,
1228 3033 1292 3087 sed

214 3115 278 3153 esse
292 3100 432 3171 coepisse,
446 3101 524 3155 siout
537 3103 624 3158 etiam
637 3100 720 3157 Plato
734 3107 918 3176 apertissime
932 3106 1103 3180 confitetur,
1122 3117 1292 3180 quamvis

212 3200 230 3236 a
243 3183 394 3237 nonnullis
408 3191 511 3238 eontm
525 3202 610 3259 quam
623 3187 765 3260 loquitur,
780 3190 909 3244 sensisse
923 3188 1071 3246 credatur:
1098 3187 1162 3244 hoe
1177 3197 1292 3253 etiam

213 3264 249 3320 de
261 3265 355 3340 prima
368 3263 495 3322 hominis
510 3265 679 3325 conditione
693 3272 911 3344 responderim,
933 3280 1053 3345 propter
1073 3289 1124 3327 eos
1149 3277 1214 3348 qui
1242 3283 1292 3335 si-

212 3349 325 3403 militer
337 3358 509 3422 moventur,
534 3369 585 3407 eur
607 3351 704 3408 homo·
716 3371 769 3426 per
787 3353 1012 3410 innumerabilia
1031 3363 1117 3428 atque
1139 3356 1292 3418 infinita

211 3441 292 3488 retro
307 3439 438 3507 tempora
453 3445 567 3490 creatus
581 3453 641 3491 non
655 3437 709 3506 sit,
723 3446 841 3512 tamque
855 3454 921 3493 sero
933 3438 974 3492 sit
987 3436 1143 3508 conditus,
1160 3449 1205 3496 ut
1222 3447 1292 3500 mi-

211 3530 266 3569 nus
281 3532 369 3588 quam
382 3531 436 3570 sex
449 3518 540 3574 millia
554 3519 616 3574 sint
628 3536 792 3590 annorum,
814 3537 852 3574 ex
865 3537 922 3595 quo
937 3538 1003 3576 esse
1016 3521 1154 3594 coepisse
1170 3522 1215 3579 in
1235 3545 1292 3582 sa-

211 3598 268 3650 cris
284 3598 379 3653 literis
397 3597 558 3656 invenitur.
584 3598 619 3657 Si
637 3602 714 3654 enim
734 3601 864 3659 brevitas
886 3620 937 3658 eos
960 3601 1082 3659 offendit
1102 3612 1292 3679 temporis,

210 3678 287 3749 quod
307 3687 366 3734 tam
383 3683 471 3754 psuei
489 3685 531 3738 eis
550 3683 690 3740 videntur
707 3687 794 3755 anni,
818 3702 856 3740 ex
875 3703 932 3760 qpo
950 3687 1102 3741 institutus
1120 3683 1236 3746 honio
1257 3694 1292 3748 in

210 3759 321 3813 nostris
335 3764 558 3821 auetoritatibus
573 3766 695 3842 legitur,
710 3767 899 3824 considerent
910 3767 984 3824 nihil
994 3786 1059 3824 esse
1072 3769 1292 3830 diuturnum.

210 3837 243 3894 in
257 3855 315 3914 quo
328 3850 374 3897 est
385 3841 496 3919 aliquid
509 3857 687 3919 extremum,
715 3858 744 3905 et
756 3852 854 3907 omnia
868 3853 1053 3909 saeculorum
1071 3853 1177 3926 spatia
1197 3854 1280 3912 defi
