2538 4392
200 215 259 278 DE
283 217 504 281 elvtrnru
526 223 604 282 DEI
624 224 706 283 ΗΒ.
728 225 859 284 XVlll.
988 235 1048 290 20⁹

39 371 162 440 dicentes,
176 386 212 424 ex
225 385 282 442 quo
295 371 438 429 rationem
451 371 576 430 siderum
589 374 973 457 comprehenditrlegyptns,
987 399 1047 438 anr-

34 456 104 528 plius
117 469 193 526 qnam
205 459 323 507 centum
337 470 480 510 annorum
492 457 583 512 millia
602 461 750 515 numerari
803 457 837 516 ln
851 461 952 536 quibus
969 461 1046 522 enirn

35 536 110 594 libris
123 537 202 590 istum
213 551 364 590 numerum
379 537 577 615 collegerunt,
600 541 651 613 qni
665 558 724 597 non
738 544 860 598 multum
874 552 941 598 ante
955 563 1046 601 anno-

33 637 94 674 rum
110 615 159 672 duo
176 617 267 670 millia
286 616 385 673 literas
403 621 543 699 magistra
561 619 637 676 laide
656 613 839 680 didiceruntl
880 624 949 682 Non
969 629 1046 682 enim

31 716 130 776 parvus
142 707 239 754 auctor
253 707 298 753 est
311 699 342 756 in
355 698 477 757 historia
490 701 600 774 Varro,
613 705 662 777 qni
676 702 730 760 boc
743 705 879 780 prodidit,
892 707 997 782 quoda
1011 710 1047 763 li·

32 793 149 839 terarum
162 781 248 836 etiam
260 778 554 840 divinarumveritate
565 804 625 842 non
639 785 778 844 dissonat.
822 791 917 856 Quum
928 791 1046 846 animab

31 866 90 940 ipso
101 865 186 937 primo
198 859 326 935 bomine,
341 866 392 938 qni
404 874 449 922 est
461 867 620 941 appellatus
630 869 735 940 Adam,
747 869 877 928 nondum
891 888 944 926 sex
955 872 1046 928 millia

29 963 161 1003 annorum
173 945 388 1018 compleantur,
408 949 549 1022 quomodo
563 968 623 1006 non
637 951 688 1006 isti
700 951 814 1008 ridendi
827 955 941 1028 potius,
961 972 1045 1029 qnam

28 1027 169 1085 refellendi
181 1036 265 1097 sunt,
284 1026 402 1102 quidde
415 1033 508 1104 spatio
526 1041 687 1107 temporum
700 1041 760 1088 tam
774 1034 907 1105 diversa,
935 1045 965 1092 et
977 1034 1046 1093 hnic

27 1113 183 1185 exploratae
199 1111 318 1166 veritati
336 1119 396 1167 tarn
416 1116 564 1171 contraris
586 1114 760 1188 persuadere
783 1115 946 1174 conanturl
992 1117 1045 1175 Cui

27 1197 101 1250 eninr
112 1192 210 1248 melius
224 1195 357 1248 narranti
371 1197 528 1267 praeterita
541 1194 699 1267 eredimus,
725 1215 811 1270 quam
831 1201 881 1272 qui
900 1201 988 1256 etiarn
1000 1201 1047 1256 fu-

26 1286 88 1332 tura
100 1272 249 1349 praedixit,
265 1291 340 1347 quae
350 1278 515 1348 praesentia
528 1278 586 1332 iam
599 1275 749 1334 videmusl
792 1278 866 1336 Nam
880 1290 910 1335 et
922 1283 986 1354 ipsa
998 1281 1045 1339 bi-

25 1360 189 1415 storicorum
202 1357 325 1411 interae
341 1355 523 1415 dissonantia
537 1361 648 1434 copiam
661 1359 744 1415 nobis
759 1362 893 1435 praebet,
905 1372 939 1418 ut
952 1365 979 1418 ei
993 1383 1046 1438 po·

24 1443 80 1496 tius
94 1437 207 1496 credere
222 1436 395 1509 debeamus,
409 1441 458 1514 qni
472 1439 607 1512 divinae,
622 1460 710 1516 quam
722 1451 874 1513 tenemus,
889 1463 949 1500 nnn
961 1463 1046 1520 repu-

24 1531 93 1602 gnat
103 1521 248 1577 historiae.
291 1518 383 1584 Porro
397 1531 494 1578 antem
508 1525 588 1580 cives
601 1525 706 1598 impiae
720 1522 873 1597 Civitatis,
887 1525 984 1582 diffusi
996 1546 1045 1583 ns-

24 1621 185 1680 queqnaque
198 1619 250 1676 per
263 1610 374 1674 terras,
397 1622 483 1679 quum
496 1607 601 1683 legunt
615 1605 797 1664 doctissimos
809 1606 958 1680 homines,
975 1628 1046 1684 qno·

24 1707 84 1744 rum
97 1687 203 1743 nullius
216 1684 427 1743 contemnenda
438 1687 572 1744 rideatur
583 1691 760 1760 auctoritas,
778 1691 857 1746 inter
871 1690 947 1746 sede
961 1692 1045 1748 rebus

24 1772 107 1848 gestis
132 1768 167 1824 ab
183 1769 288 1823 aetatis
311 1777 429 1824 nostrae
445 1772 585 1827 memoria
608 1773 812 1829 remotissimis
835 1773 1045 1847 discrepantes,

24 1855 65 1909 eni
78 1853 171 1927 potins
185 1849 302 1905 credere
317 1849 455 1921 debeant,
470 1871 529 1909 non
542 1855 707 1911 inveniunt.
726 1855 786 1912 Nos
796 1873 867 1912 vero
880 1858 912 1912 in
927 1867 1046 1914 nostrae

24 1935 166 2013 religionis
180 1931 320 2006 historia,
333 1933 402 1989 fulti
415 1937 588 1992 auctoritate
601 1937 716 2007 divina,
730 1938 868 2012 quicquid
883 1940 910 1994 ei
922 1941 1044 2007 resistit,

24 2037 72 2074 ron
96 2016 255 2072 dubitamus
273 2031 337 2071 esse
361 2016 565 2089 salsissimum,
588 2019 803 2093 quomodolibet
831 2037 894 2075 sese
919 2019 1046 2076 babeant

24 2110 129 2157 :cetero
144 2097 388 2154 insaecularibns
400 2098 508 2170 literis3
522 2117 596 2173 quae
609 2119 661 2156 seu
676 2111 748 2156 re'ra
760 2119 811 2156 seu
825 2101 899 2157 falsa
914 2102 984 2172 sint,
999 2103 1046 2156 ni·

24 2186 52 2240 iil
65 2182 206 2240 momenti
220 2177 355 2251 afferunt,
369 2197 425 2256 quo
437 2191 518 2238 recte
530 2181 670 2256 beateque
683 2184 825 2240 vivemus.

391 2331 413 2389 C
438 2331 460 2388 A
488 2332 519 2388 P.
563 2331 666 2390 XLl.

25 2426 308 2497 lephilosopbs'cssrsm
358 2426 473 2478 'niceam
483 2428 700 2489 dissensionibus,
721 2436 749 2479 et
766 2427 955 2480 canonicarum
975 2427 1047 2494 opud

268 2492 327 2544 Eos
337 2493 418 2544 esiam
428 2495 572 2546 concordia
582 2495 791 2560 Scnptnrorum.

69 2598 110 2654 Vt
124 2606 222 2653 antem
237 2598 294 2652 iana
306 2598 505 2672 cognitionem
518 2601 684 2655 omittamus
698 2595 857 2666 historiae,
879 2599 935 2671 ipsi
952 2596 1045 2669 pbilo-

25 2681 100 2758 sphi,
114 2698 133 2736 a
148 2680 254 2754 quibus
270 2679 305 2734 ad
318 2681 374 2736 ista
382 2681 535 2755 progressi
548 2699 662 2752 sumus,
677 2683 727 2756 qni
743 2699 802 2737 non
815 2679 952 2738 videntur
965 2681 1045 2735 labo·

25 2783 87 2821 asse
102 2765 136 2819 in
151 2762 257 2818 studiis
273 2763 347 2826 suis,
368 2763 426 2818 nisi
440 2773 474 2818 nt
491 2765 661 2820 invenirent
670 2763 813 2838 quomodo
829 2760 987 2820 vivendum
1001 2780 1044 2818 es-

25 2857 47 2903 st
60 2843 287 2903 accommodate
300 2843 337 2899 ad
349 2843 558 2902 beatitudinem
575 2845 800 2920 capessendam,
826 2863 879 2902 cur
897 2843 1045 2901 dissense-

25 2939 72 2985 rnt
88 2938 119 2984 et
133 2945 151 2984 a
165 2927 316 3003 magistris
331 2925 483 3002 discipuli,
505 2938 534 2985 et
547 2930 626 2985 inter
638 2949 670 2984 se
681 2928 889 3004 condiscipuli,
906 2929 965 2984 nisi
978 2929 1046 3003 quis

25 3011 189 3068 :homines
202 3006 336 3065 humanis
347 3010 478 3068 sensibus
497 3021 527 3068 et
541 3011 674 3068 humanis
694 3011 970 3070 ratiocinationibus
988 3013 1046 3067 ista

26 3086 217 3150 raesiernntl
261 3090 317 3146 Vbi
333 3095 463 3167 quamvis
477 3113 540 3150 esse
552 3097 682 3169 potuerit
695 3105 724 3150 et
742 3095 870 3152 studium
887 3093 1045 3170 gloriandi,
1122 3161 1133 3185 ο

26 3196 53 3233 ιο
70 3177 208 3251 quisque
218 3177 275 3230 alio
290 3177 451 3248 sapientior
463 3186 493 3232 et
505 3179 616 3232 acutior
629 3177 721 3234 videri
736 3179 829 3251 cupit,
853 3195 908 3232 nec
927 3186 1046 3232 senten·

26 3279 55 3315 re
70 3259 210 3334 quodam
219 3256 304 3314 modo
320 3256 451 3313 addictus
465 3261 597 3330 alienae,
611 3259 662 3314 sed
674 3261 722 3314 sni
736 3259 881 3335 dogmatis
895 3259 1046 3330 etopinio-

26 3362 37 3398 s
55 3345 225 3398 inventor:
240 3349 337 3396 tamen
350 3349 384 3396 ut
396 3342 553 3396 nonnullos
567 3345 613 3396 vel
628 3343 716 3396 etiam
730 3341 871 3412 plurimos
886 3355 984 3392 eorum
1000 3337 1045 3391 lu-

26 3445 49 3480 le
65 3422 256 3493 concedam,
285 3439 357 3497 qnos
370 3440 387 3478 a
400 3424 461 3478 suis
480 3422 645 3480 doctoribus
658 3425 704 3479 vel
718 3419 849 3477 discendi
862 3420 948 3474 sociis
966 3435 1046 3474 amor

26 3508 135 3564 ritatis
152 3506 324 3580 abruperit,
350 3514 383 3560 ut
394 3523 447 3579 pro
461 3525 495 3562 ea
510 3516 672 3576 certarent,
693 3521 779 3580 quam
794 3503 947 3558 veritatem
960 3509 1046 3574 puta·

26 3601 67 3660 rt,
86 3591 161 3645 sive
177 3589 230 3644 illa
242 3596 330 3658 esset,
344 3589 407 3644 sire
421 3607 479 3644 non
494 3599 586 3660 essct3
611 3587 682 3663 quid
694 3588 770 3664 agit,
785 3594 836 3641 arrt
848 3602 904 3657 qno
917 3583 965 3638 rel
978 3599 1044 3656 qua,

28 3673 72 3728 ad
91 3669 318 3728 beatitudinem
331 3673 534 3745 perveniatur,
558 3671 727 3727 humanare
740 3668 864 3742 porrigit
876 3665 1044 3726 infelicitas.

26 3757 145 3812 divina
163 3771 227 3809 non
237 3751 317 3808 ducit
330 3751 508 3810 auctoritasl
523 3753 660 3827 Denique
670 3760 804 3808 auctores
818 3751 923 3819 nostri,
935 3750 966 3804 in
981 3749 1047 3822 qni·
1154 3751 1161 3760 '

26 3859 32 3893 ι
49 3855 122 3894 ιιοιι
139 3835 259 3892 frustra
272 3853 422 3894 sacrarum
435 3837 587 3894 literarum
600 3835 701 3912 figitur
716 3844 745 3890 et
757 3835 930 3890 terminatur
941 3849 1046 3899 canon,

27 3920 72 3979 Π.
731 3917 756 3973 0
