2510 4404
179 219 238 276 DE
262 219 480 278 crvrTATE
503 219 581 277 DEl
602 221 683 278 LlB.
706 221 823 280 XXll.
961 229 1022 287 377

30 388 122 428 uorum
136 373 249 449 agmina
261 375 441 447 populorum,
467 372 604 430 adversus
619 375 722 448 impios
735 386 935 450 persecutores
950 399 1017 435 suos

30 475 53 512 :o
64 457 206 530 temporali
220 459 312 512 salute
325 458 481 535 pugnavit3
495 457 546 512 sed
553 459 650 532 potius
661 469 694 514 ut
705 460 850 516 obtineret
859 471 1020 539 aeternam,

30 559 60 596 on
73 541 249 616 repugnavit.
272 539 467 618 ligabantur,
485 542 720 614 includebantur,
736 544 941 616 caedebantur,
956 555 1018 602 tor-

30 624 173 696 rebantur,
186 625 360 697 urebantur,
382 627 576 697 laniabantur,
597 626 826 698 trucidabantur,
842 637 872 684 et
883 630 1021 702 multipli-

30 709 146 766 rbantur.
190 707 257 764 Non
276 719 339 765 erat
360 711 402 765 eis
420 729 474 787 pro
494 713 588 766 salute
607 727 750 788 pugnare,
763 713 821 767 nisi
835 713 957 768 salutem
970 732 1021 786 pro

30 795 149 849 alvatere
163 803 356 849 contemnere.
723 831 725 836 -

63 874 127 932 Scio
139 878 170 932 irr
183 877 257 932 libro
272 876 422 934 Ciceronis
437 879 535 948 tertio,
550 879 608 934 nisi
621 877 716 950 fallor,
730 879 765 934 de
779 879 942 952 republica,
963 879 1021 935 dis-

30 961 107 1031 rtari,
132 962 243 1017 nullum
262 961 370 1017 bellurn
388 963 495 1037 suscipi
514 981 531 1018 a
550 964 668 1019 civitate
687 964 810 1037 optima,
835 964 893 1018 uisi
906 973 957 1018 aut
968 982 1021 1037 pro

30 1044 65 1114 lc,
79 1053 126 1099 aut
138 1062 189 1118 pro
204 1047 305 1101 salute.
341 1045 417 1112 Quid
430 1056 526 1101 auteur
544 1046 623 1102 dieat
631 1059 686 1122 pro
701 1049 812 1117 salute,
835 1048 882 1102 vel
895 1048 1021 1124 intelligi

30 1145 82 1184 ram
94 1129 213 1183 salutem
226 1130 306 1199 velit,
320 1130 376 1185 alio
390 1131 453 1186 loco
467 1129 679 1186 demonstrans.
695 1130 777 1202 „Sed
787 1127 832 1184 his
845 1132 959 1204 poenis,
973 1133 1020 1186 in-

30 1213 90 1286 prit,
105 1229 173 1286 quas
188 1214 275 1270 etiam
292 1214 459 1269 stultissimi
472 1216 619 1284 sentiunt,
634 1223 774 1292 egestate,
789 1215 903 1285 exsilio,
919 1217 1021 1270 vincu-

31 1297 66 1368 is,
79 1297 259 1368 verberibus,
287 1296 439 1352 elabuntur
454 1315 539 1372 saepe
551 1298 674 1371 privati,
694 1296 789 1353 oblata
801 1299 903 1353 mortis
918 1299 1021 1353 celeri-

30 1390 86 1436 ate.
122 1378 293 1436 Civitatibus
307 1389 403 1436 autern
416 1400 493 1437 mors
515 1383 578 1455 ipsa
596 1398 691 1455 poena
704 1389 765 1452 est,
788 1371 863 1457 quae
876 1379 993 1436 videtur
1005 1401 1022 1438 a

30 1483 110 1520 roena
122 1465 251 1542 singulos
265 1464 424 1520 vindicare.
460 1465 556 1521 Debet
575 1467 653 1520 enim
672 1463 832 1522 constituta
845 1465 888 1520 sic
902 1483 966 1520 esse
980 1468 1021 1520 ci-

30 1550 108 1618 ritas,
131 1557 163 1603 ut
181 1557 300 1604 aeterna
318 1550 365 1603 sit.
399 1547 501 1624 ltaque
520 1551 773 1628 nullusinteritus
788 1558 833 1604 est
846 1549 1021 1622 reipublicae

30 1633 173 1703 saturalis,
198 1641 231 1688 ut
248 1631 386 1704 bominis,
408 1635 439 1688 in
454 1651 510 1708 quo
524 1652 601 1690 mors
616 1653 676 1690 non
689 1633 774 1688 modo
788 1635 953 1689 necessaria
967 1643 1021 1706 est,

30 1735 116 1772 rerum
137 1718 224 1772 etium
247 1717 371 1792 optanda
393 1735 540 1792 persaepe.
575 1716 685 1774 Civitas
705 1727 802 1773 autem
822 1735 886 1772 curn
899 1717 1021 1786 tollitur,

30 1801 144 1870 leletur,
168 1802 383 1878 exstinguitur:
411 1803 506 1856 simile
527 1811 572 1857 est
589 1803 712 1877 quodam
730 1801 815 1858 modo
841 1797 888 1876 (ut
907 1802 1021 1878 magnis

30 1903 107 1940 »arva
124 1881 317 1962 conferamus)
337 1903 370 1940 ac
384 1887 409 1941 si
425 1887 519 1941 omnis
532 1884 580 1942 lric
594 1885 717 1942 mundus
737 1887 866 1941 intereat
880 1893 909 1939 et
922 1887 1021 1940 conci-

30 1971 94 2025 lat.“
127 1967 191 2025 Hoc
204 1969 270 2024 ideo
290 1969 364 2024 dixit
377 1969 498 2040 Cicero,
523 1971 590 2043 quia
608 1969 747 2026 mundum
760 1989 821 2024 non
834 1969 1022 2023 interiturum

30 2074 59 2109 m
71 2052 229 2109 Platonicis
243 2054 341 2107 sentit.
377 2052 499 2109 Constat
513 2071 595 2128 ergo,
610 2071 675 2107 eum
692 2069 744 2125 pro
759 2069 793 2105 ca
807 2053 901 2106 salute
915 2050 1023 2105 bellum

30 2139 117 2192 luisse
132 2138 240 2211 suscipi
254 2155 271 2190 a
285 2136 418 2206 civitate,
443 2153 500 2209 qua
513 2135 546 2188 fit
560 2143 592 2188 ut
605 2143 722 2189 maneat
734 2131 781 2187 hic
796 2135 919 2202 civitas,
948 2133 1024 2188 sicut

30 2223 71 2291 rit,
96 2230 226 2290 aeterna,
250 2220 382 2294 quamvis
404 2217 596 2274 morientibus
620 2225 649 2271 et
671 2216 858 2272 nascentibus
882 2217 1023 2292 singulis,

30 2315 67 2360 :ut
79 2307 218 2380 perennis
230 2313 274 2359 est
288 2305 417 2378 opacitas
432 2304 512 2357 oleae
524 2303 570 2357 vel
580 2301 666 2370 lauri,
681 2309 766 2375 atque
780 2297 944 2356 huiusmodi
958 2317 1023 2355 cae-

30 2409 119 2444 ·arunr
133 2390 286 2459 arborum,
310 2389 496 2465 singulorum
514 2387 595 2460 lapsu
616 2393 738 2458 ortuque
756 2383 900 2439 foliorum.
943 2382 1022 2441 Mors
1067 2426 1069 2430 .

30 2477 105 2548 ippe,
118 2482 152 2528 ut
165 2472 251 2542 dicit,
272 2491 332 2527 non
346 2470 496 2526 hominum
509 2470 701 2546 singulorum,
722 2467 771 2522 sed
786 2469 940 2522 universae
954 2487 1020 2541 poe-

52 2570 99 2614 est
121 2557 267 2626 civitatis,
295 2574 367 2630 quae
387 2572 514 2628 apoena
537 2553 706 2626 plerumque
729 2553 860 2628 singulos
884 2551 1022 2606 vindicat.

30 2641 73 2698 rde
87 2642 195 2698 merito
209 2641 370 2714 quaeritur,
389 2647 486 2692 utrum
498 2645 579 2692 recte
591 2636 716 2691 fecerint
725 2633 895 2712 Saguntini,
909 2633 1023 2708 quando

30 2729 160 2782 iversam
169 2741 253 2778 suam
262 2723 410 2779 civitatem
420 2721 543 2776 interire
556 2721 730 2788 maluerunt,
745 2737 830 2792 quarn
843 2715 929 2772 fidem
942 2717 1024 2774 fran-

30 2830 74 2881 re,
100 2825 159 2882 qua
173 2825 238 2862 cum
255 2807 318 2880 ipsa
330 2804 463 2862 Romana
477 2804 624 2878 republica
637 2803 826 2858 tenebantur:
853 2803 885 2855 in
900 2819 957 2876 quo
972 2819 1023 2858 suo

30 2904 63 2948 to
84 2889 246 2946 laudantur
265 2890 300 2945 ab
319 2888 484 2946 bominibus
504 2882 675 2966 [omnibus]
697 2896 831 2942 terrenae
850 2885 1025 2959 reipublicae

30 2977 112 3032 ibus.
151 2973 210 3032 Sed
225 2975 365 3052 quomodo
379 2971 445 3029 huic
460 2973 649 3047 disputationi
666 2979 786 3046 possent
806 2968 939 3042 obedire,
965 2989 1025 3026 non

30 3063 90 3132 leo,
119 3059 170 3116 ubi
184 3058 313 3130 dicitur,·
331 3060 445 3115 nullum
459 3055 675 3132 suscipiendum
691 3074 755 3111 esse
769 3055 884 3126 bellurn,
904 3055 963 3110 nisi
976 3064 1026 3110 aut

30 3168 36 3201 ι
51 3145 123 3219 fide,
138 3153 189 3200 aut
199 3163 251 3218 pro
263 3145 371 3199 salute:
386 3163 440 3198 ncc
454 3141 571 3209 dicitur,
583 3142 650 3196 siin
661 3159 751 3196 unum
765 3140 854 3193 scmcl
863 3140 1025 3212 periculum

40 3231 100 3286 duo
116 3231 177 3284 ista
191 3228 411 3296 concurrerint,
433 3233 466 3278 ut
480 3225 574 3277 teneri
587 3225 710 3278 alterum
724 3223 787 3276 sine
801 3222 920 3274 alterius
935 3223 1024 3274 amis-

30 3333 68 3370 ne
83 3331 148 3368 non
162 3313 266 3384 possit,
285 3309 353 3384 quid
367 3310 406 3362 sit
418 3307 515 3380 potius
530 3305 705 3381 eligendum.
731 3301 865 3358 Proiecto
880 3304 957 3356 eninr
971 3301 1026 3357 Sa-

30 3399 111 3452 ntini
125 3397 153 3450 si
167 3396 290 3449 salutern
304 3394 458 3468 eligerent,
473 3388 544 3444 fides
559 3390 601 3442 eis
615 3387 710 3442 fuerat
724 3383 899 3439 deserenda:
914 3385 940 3439 si
953 3383 1025 3439 fides

30 3479 131 3548 renda,
147 3476 308 3532 amittenda
321 3477 423 3548 utique
437 3475 525 3554 salus,
539 3473 616 3527 sicut
630 3480 659 3526 et
672 3471 780 3526 factum
794 3475 847 3522 est.
873 3465 958 3523 Salus
973 3485 1026 3522 au-

30 3584 44 3618 a
59 3562 201 3619 Civitatis
216 3559 273 3616 Dei
286 3560 353 3614 talis
368 3567 421 3628 est,
439 3567 470 3612 ut
484 3576 549 3612 cum
562 3555 618 3611 fide
628 3573 666 3636 ¹ae
678 3573 730 3629 per
743 3551 828 3608 fidem
843 3552 955 3622 teneri,
982 3553 1027 3607 vel

30 3649 85 3702 :ius
101 3645 220 3720 acquiri
233 3643 339 3718 possit,
353 3641 409 3697 lide
424 3650 517 3697 autem
530 3639 653 3716 perdita,
670 3637 780 3694 adeam
791 3637 914 3712 quisque
926 3637 1027 3692 venire

30 3751 45 3788 n
62 3731 173 3804 posit.
206 3728 288 3795 Quae
310 3727 449 3804 cogitatio
466 3725 625 3780 firmissimi
644 3743 677 3778 ac
696 3719 902 3796 patientissimi
920 3720 1026 3791 cordis,

43 3835 79 3871 ac
95 3823 200 3870 tantos
215 3811 359 3888 Martyres
373 3809 457 3879 feeit,
483 3807 595 3884 qualem
614 3827 651 3864 ne
671 3824 761 3862 unum
784 3803 901 3879 quidem
918 3801 1026 3872 habuit,

30 3951 31 3956 ,
47 3899 165 3956 habere
176 3897 283 3974 potuit,
301 3893 414 3972 quando
429 3903 474 3950 est
487 3892 555 3950 deus
570 3889 696 3948 creditus
711 3888 861 3946 Romulus.
