2576 4396
250 229 308 286 3οὓ
475 220 572 281 DlVl
598 217 782 278 AVRELH
807 217 1057 277 AVGVSTlNl

252 397 300 435 ιιιι
313 379 355 434 ite
368 385 444 432 ereet
459 370 690 450 apprehendere,
704 369 797 427 denec
808 371 935 428 intraret
947 372 978 427 in
993 369 1268 442 tenctuerium'Dei‚

248 475 278 518 et
290 460 469 536 intelligeret
481 460 513 513 in
526 457 686 514 nevieeime
703 472 819 525 eerum,
846 456 896 528 qui
913 454 1013 510 ielicee
1031 452 1206 511 ridebuntur
1224 474 1267 510 er-

248 545 335 602 ranti.
378 541 462 599 Tunc
476 559 526 598 eee
540 540 687 596 intellexit
698 540 730 594 iu
744 556 778 595 ee
793 537 869 613 qued
882 557 914 593 ee
927 539 1112 607 extulerunt,
1135 538 1213 594 sicut
1226 538 1268 594 dl·

249 631 305 700 ¹eit,
332 627 424 683 luisse
436 625 581 695 deiectos,
605 632 635 679 et
647 622 788 678 deieeieee
801 639 835 677 ec
848 623 959 696 periere
972 631 1089 697 prepter
1102 621 1269 696 iniquitaten

248 727 332 784 eue13
347 717 496 784 totumque
506 707 580 764 illud
590 708 704 763 culmen
715 707 881 782 temporalis
893 705 1041 762 felicitatis
1055 707 1097 760 ite
1109 705 1152 759 eie
1164 705 1269 761 fectum

248 805 385 870 tunquam
397 793 541 849 eeninium
555 791 738 868 evigilentit,
757 789 808 863 qui
820 798 984 864 rerepente
997 789 1111 845 invenit
1124 790 1185 844 ιιιίι
1197 807 1267 864 quae

248 876 410 934 eemniebet
431 875 582 931 {allecibus
604 874 719 951 gaudiis
742 872 921 930 destitutum.
964 871 1004 928 Et
1021 872 1159 947 queniam
1176 874 1207 928 iu
1220 871 1268 928 hec

248 971 327 1018 terre
340 961 387 1016 vel
401 961 518 1015 civitate
532 967 649 1014 terrene
661 958 760 1034 magni
779 957 834 1013 eibi
843 955 1034 1033 ¹uidebuntur:
1061 953 1198 1025 Domine,
1225 959 1267 1012 in-

249 1045 328 1119 quit,
354 1045 385 1099 in
410 1043 609 1100 civitatetua
633 1041 789 1117 imaginem
813 1057 910 1098 eorum
936 1041 978 1098 cd
998 1038 1120 1096 nihilum
1144 1039 1269 1116 rediget.

249 1125 333 1194 Quod
345 1125 412 1182 huie
425 1135 523 1182 temen
535 1125 607 1180 utile
626 1124 733 1195 fuerit,
761 1125 850 1180 etiem
869 1125 931 1198 ipre
949 1133 1067 1180 terrene
1085 1139 1145 1178 nen
1164 1123 1222 1178 niti
1237 1125 1269 1180 eb

247 1229 306 1266 une
324 1228 395 1266 vere
412 1207 478 1265 Dee
497 1226 653 1282 quaerere,
679 1209 712 1264 in
725 1208 806 1264 cuiue
819 1215 962 1282 potestate
976 1216 1045 1263 eunt
1065 1208 1176 1276 (ιιιιιίι,
1200 1209 1270 1263 ectie

248 1293 392 1362 eetendit,
406 1293 455 1348 ubi
468 1293 523 1347 cit:
554 1289 581 1346 V
578 1291 638 1349 olet
645 1291 857 1368 pecterfactue
870 1309 933 1348 eum
945 1291 1027 1368 apud
1038 1301 1078 1359 te,
1092 1299 1121 1346 et
1133 1307 1185 1365 ege
1197 1306 1271 1346 eem-

243 1395 302 1455 per
324 1386 426 1434 tecum.
465 1373 549 1432 Velut
568 1391 662 1452 perer
689 1373 780 1445 dixit,
805 1376 906 1449 utique
928 1391 988 1431 nen
1010 1374 1186 1451 intelligens.
1229 1372 1272 1430 Ee

248 1461 353 1536 quippe
364 1477 382 1514 e
394 1468 424 1515 te
437 1457 601 1514 desiderare
614 1457 710 1529 debui,
724 1456 882 1534 quaemihi
896 1477 962 1516 cuni
974 1457 1070 1533 impiis
1081 1475 1140 1513 nen
1153 1466 1271 1531 pereunt

248 1561 313 1598 eece
338 1542 517 1611 cummunie3
543 1559 603 1598 nen
624 1559 658 1596 ea
678 1542 783 1615 quibus
803 1559 852 1597 ece
871 1561 937 1598 cuui
954 1539 1101 1598 abundare
1114 1558 1270 1610 cernerem,

248 1627 347 1702 putavi
360 1643 406 1680 me
418 1625 564 1680 incaene
576 1623 630 1679 tibi
643 1617 786 1694 eerrie'ee,
813 1626 930 1697 quande
943 1633 974 1678 et
986 1625 1030 1680 illi
1042 1621 1269 1694 heeclieberent,

249 1710 300 1785 qui
312 1709 366 1765 tibi
379 1709 490 1764 servire
501 1708 675 1763 uoluissent.
695 1704 807 1762 Tenen
820 1725 873 1782 ege
884 1723 998 1784 temper
1008 1709 1176 1782 tecum-qui
1187 1709 1269 1762 etiem

249 1793 280 1848 in
293 1793 394 1848 tellum
405 1809 504 1847 rerum
516 1789 660 1846 deriderie
674 1788 743 1845 (leet
756 1791 829 1846 elice
843 1807 903 1846 nen
916 1789 1055 1866 queerivi.
1099 1790 1140 1846 Ae
1157 1809 1209 1865 per
1219 1789 1268 1846 hee

250 1877 394 1951 sequitur:
423 1873 558 1932 Tenuieti
569 1891 684 1930 manure
694 1873 837 1932 dexterae
848 1891 944 1944 meae,
970 1883 1001 1930 et
1013 1875 1044 1929 ie
1056 1873 1208 1930 voluntate
1220 1885 1268 1931 tue

249 1959 401 2017 deducieti
412 1977 471 2028 me,
497 1967 527 2016 et
540 1975 604 2013 cure
619 1955 720 2033 gioria
733 1959 904 2014 nemeen
915 1975 976 2014 me:
1000 1965 1140 2036 tunquam
1152 1956 1188 2012 ed
1200 1958 1268 2013 eini-

249 2053 340 2099 etrem
353 2051 457 2099 cuncte
469 2041 520 2096 illu
532 2040 714 2114 pertineant,
740 2057 814 2114 quee
827 2040 974 2098 abundare
993 2039 1070 2116 upud
1087 2041 1191 2115 impiet
1209 2059 1268 2097 cum

250 2125 384 2197 vidisset,
410 2143 485 2200 pene
498 2125 639 2197 collapsus
658 2132 710 2179 eet.
737 2145 739 2152 ’
756 2121 837 2192 Quid
849 2125 923 2182 enim
936 2122 1008 2182 midi
1020 2134 1079 2194 eet,
1105 2123 1216 2199 inquit,
1241 2127 1268 2180 ie

249 2209 343 2277 recle,
358 2218 388 2264 et
401 2226 420 2262 e
434 2217 464 2264 te
477 2207 548 2283 quid
558 2205 640 2262 celui
651 2223 741 2284 cuper
751 2204 884 2264 terrem?
917 2205 1113 2282 Reprehendit
1125 2225 1156 2263 ee
1169 2209 1268 2282 ipsum,

249 2293 382 2364 iusteque
395 2289 450 2344 eibi
469 2289 631 2362 displicuit:
656 2290 725 2364 quie
737 2307 801 2345 cum
814 2301 873 2346 tem
886 2308 1023 2370 magnum
1035 2291 1142 2346 benum
1154 2289 1269 2346 heberet

248 2375 279 2429 in
292 2373 390 2442 coele,
405 2366 497 2448 (qued
508 2380 574 2445 peet
584 2367 762 2450 intellexit)
775 2391 838 2430 rem
851 2375 1065 2446 mntiteriem,
1080 2373 1230 2473 freqilem,
1244 2383 1269 2428 et

249 2455 375 2530 quodem
384 2453 468 2512 mede
481 2456 588 2512 luteum
601 2455 771 2513 felicitatem
789 2477 807 2514 ιι
825 2477 877 2514 cue
891 2457 955 2515 Dee
974 2459 1141 2533 quaesivit'
1133 2477 1165 2515 ιιι
1185 2468 1267 2514 terre.

248 2539 378 2612 Deficit,
401 2540 511 2615 inquit,
528 2557 578 2596 cer
591 2557 682 2598 meum
696 2550 725 2598 et
736 2559 806 2600 cere
820 2561 898 2611 mee,
918 2540 1000 2600 Dcite
1012 2542 1111 2598 cerdic
1123 2544 1197 2600 urei:
1223 2541 1267 2596 de-

248 2623 326 2680 iectu
344 2623 446 2698 utique
465 2623 541 2680 bene
559 2623 594 2680 eb
611 2623 800 2682 inferioribus
821 2624 858 2682 ud
875 2643 1010 2699 superne.
1052 2622 1169 2682 Vnde
1161 2645 1194 2682 ιιι
1216 2627 1268 2682 elie

248 2707 361 2764 Peelme
381 2706 504 2762 dicitur:
532 2703 697 2764 Derideret
713 2717 743 2766 ct
761 2708 864 2780 deficit
877 2710 977 2766 anime
990 2727 1054 2765 eree
1066 2711 1096 2764 ie
1111 2711 1196 2766 atria
1210 2708 1268 2766 De·

247 2793 326 2848 mini.
349 2788 423 2845 Item
439 2791 470 2844 in
485 2790 558 2844 alie:
584 2786 709 2860 Defecit
722 2792 753 2848 ie
766 2791 901 2849 delitare
911 2801 992 2848 teum
1004 2793 1107 2850 anima.
1117 2811 1191 2849 meu.
1215 2791 1269 2848 Tu·

247 2891 314 2929 men
327 2890 393 2928 cum
407 2871 443 2928 de
456 2881 579 2945 utreque
592 2871 732 2944 dixisset,
759 2874 862 2947 idest,
891 2875 926 2931 de
946 2874 1032 2934 eerde
1051 2884 1081 2932 et
1097 2893 1187 2932 cerne
1201 2875 1269 2932 defi·

246 2957 358 3025 ciente,
385 2973 445 3010 nen
459 2955 599 3024 subiecit,
617 2954 707 3014 'Deus
722 2959 817 3016 cerdis
831 2969 861 3014 et
875 2959 971 3016 cernit
984 2976 1079 3016 meae:
1105 2957 1171 3030 eed,
1189 2957 1270 3016 Dent

245 3038 344 3094 cerdic
358 3038 423 3094 mei.
466 3035 522 3093 Per
540 3056 590 3094 cer
603 3041 707 3116 quippe
721 3060 788 3098 ecre
800 3041 966 3101 mundetur.
989 3041 1071 3100 Vnde
1085 3041 1157 3100 dicit
1169 3041 1269 3100 Demi·

245 3139 316 3176 nue:
331 3119 473 3178 Mundete
486 3140 560 3198 quae
574 3123 654 3180 intur
664 3135 743 3194 eunt,
758 3134 788 3182 et
798 3125 960 3201 quaeserie
970 3135 1041 3184 eunt
1053 3125 1162 3183 nunde
1175 3135 1268 3183 mni.

245 3202 360 3262 Partem
374 3203 478 3262 deinde
491 3223 572 3262 suem
586 3204 657 3262 dicit
670 3209 763 3279 ipsum
777 3207 889 3279 Deum,
916 3229 976 3268 nen
989 3208 1098 3286 aliquid
1110 3208 1146 3265 eb
1160 3229 1207 3280 ee,
1221 3205 1268 3264 ted

244 3290 350 3362 ipsum:
365 3286 461 3358 Dece,
475 3290 579 3364 inquit,
593 3291 691 3348 cerdic
705 3293 770 3361 mei,
784 3301 814 3350 et
821 3310 900 3368 perc
913 3312 978 3352 mee
990 3291 1072 3352 Deae
1085 3295 1116 3351 ie
1130 3294 1276 3352 saecular

243 3370 320 3446 qued
333 3373 411 3428 inter
425 3375 515 3430 multe
530 3390 604 3447 quee
616 3373 652 3428 ab
667 3372 830 3432 hominibue
842 3377 1008 3454 eliguntur,
1021 3379 1083 3451 ipse
1096 3378 1141 3434 illi
1154 3379 1269 3452 plecuc·

243 3457 283 3510 rit
295 3455 456 3533 eligendus.
503 3454 582 3526 Quia
602 3475 681 3526 ecce,
707 3459 823 3532 inquit,
848 3462 900 3536 qui
916 3460 1001 3537 lenge
1013 3460 1182 3532 cefaeiunt
1195 3481 1216 3518 e
1230 3472 1269 3530 tr,

238 3538 396 3615 peribunt:
416 3539 584 3616 perdidisti
604 3559 713 3598 emnem
735 3560 784 3617 qur
780 3539 979 3612 fornicetur
1002 3545 1054 3602 ebe
1074 3554 1120 3618 te,·
1146 3543 1205 3602 hee
1219 3555 1275 3614 cet„

244 3622 293 3695 qui
305 3625 462 3680 multorum
475 3621 596 3680 deerum
608 3625 672 3678 vult
692 3641 757 3680 eece
770 3625 970 3698 prostibulum
991 3627 1073 3684 Vnde
1086 3629 1275 3717 sequitui-ilq
1274 3613 1275 3630 ¹

243 3703 312 3774 lud,
337 3714 454 3778 prepter
476 3705 552 3780 qued
571 3716 602 3761 et
620 3715 736 3766 caetere
754 3707 790 3766 de
807 3707 907 3768 eedem
924 3709 1036 3770 Ptelme
1060 3710 1186 3769 dicende
1209 3669 1275 3770 viee

243 3794 326 3841 eunt:
355 3785 429 3844 Mtte·
445 3798 543 3844 eutem
562 3787 724 3848 adhaerere
742 3789 806 3850 Dee
824 3792 926 3852 bereum
944 3805 1005 3852 eet:
1029 3813 1090 3852 neu
1108 3797 1226 3875 lenge'
1217 3813 1269 3864 uc,

244 3887 302 3924 nen
322 3887 373 3943 per
391 3871 514 3943 plurime
530 3870 676 3929 fornicari.
719 3873 883 3934 Adhaerere
896 3886 994 3936 eutem
1006 3877 1070 3934 Dee
1084 3887 1157 3936 tuuc
1170 3879 1274 3954 perse-1
