2586 4396
294 149 352 208 DE
377 150 593 212 CIVITATE
615 155 695 214 DEI
721 155 800 214 LlB.
823 159 893 218 XV.
1061 168 1101 226 39

62 312 199 368 aientem:
213 321 290 382 quae
301 315 370 362 eunt
383 307 413 360 iu
426 305 580 382 allegoria.
605 308 692 368 Haec
706 315 781 369 euim
795 323 861 369 suut
873 314 928 372 dua
942 323 1100 376 laetamen·

60 405 116 463 ta,
140 408 230 448 uuum
247 388 359 465 quidem
372 409 392 446 a
404 400 500 447 moute
512 388 586 450 Sina
600 395 630 450 ia
644 395 815 453 seruitutem
835 415 999 473 generares,
1025 406 1102 480 quad

60 471 172 554 [quae]
188 481 235 531 est
249 470 343 548 Agar.
357 469 432 538 Siua
444 475 519 531 euim
533 487 670 535 estmorae
684 479 714 534 ia
726 478 851 550 Arabia,
866 482 918 557 qui
929 484 1099 544 eouiuuetut

58 571 110 618 eet
124 557 195 616 buio
209 575 284 632 quae
296 575 371 613 aune
384 567 429 614 est
440 554 646 630 Hierusalem,
665 565 759 618 seruit
775 564 849 620 euim
862 583 924 620 eum
934 565 1014 637 filiis
1027 571 1098 625 auie.

63 643 157 712 Quae
168 651 265 698 autem
278 656 394 695 sursum
407 651 453 697 eat
464 639 669 714 Hierusalem,
686 645 779 704 libera
791 657 847 716 est,
861 666 935 724 quae
947 659 992 706 est
1003 661 1100 710 mater

62 727 192 784 ommium
203 725 336 780 uestrum
351 719 493 799 [mastral.
506 724 655 805 Scriptum
668 739 714 786 est
726 731 816 802 euim,
828 729 959 789 buetare
973 735 1098 805 sterilia,

63 827 144 888 quae
156 826 211 865 uon
219 807 328 883 paris;
341 825 458 885 erumpe
471 819 501 865 et
514 809 620 881 clama,
641 831 714 888 quae
726 831 781 869 uon
788 816 949 890 parturis:
963 819 1098 892 quoniam

63 883 156 950 mulli
165 890 232 964 filii
243 891 394 961 desertae,
419 894 514 968 magis
529 913 614 971 quum
628 898 690 954 eius
704 915 778 972 quae
790 895 877 954 babet
891 900 994 955 uirum.
1038 897 1098 957 Nus

62 987 174 1045 autem
189 975 328 1046 fratres,
350 971 504 1032 deeuudum
517 975 607 1035 Isaac
612 982 822 1056 promissionis
830 980 896 1052 filii
907 998 1014 1039 eumue.
1040 981 1101 1042 Sed

60 1063 144 1117 e'ieut
157 1067 228 1116 tuno
242 1059 293 1134 qui
309 1059 464 1116 eeeuadum
484 1080 602 1120 earnem
614 1073 704 1120 uatus
720 1062 845 1134 fuerat,
861 1067 1099 1143 persequebatur

61 1163 127 1201 eum
141 1144 193 1220 qui
203 1142 358 1200 seeundum
372 1144 526 1219 spiritum3
552 1147 597 1202 ita
616 1156 645 1204 et
664 1167 747 1202 uuae.
777 1144 838 1205 Sed
849 1149 920 1224 quid
931 1150 1005 1206 dicit
1016 1149 1099 1207 Seri-

58 1224 177 1306 pturu?
189 1225 274 1282 Eiiee
287 1225 425 1282 ancillam
438 1227 571 1298 etfilium
582 1232 662 1287 eius:
675 1249 731 1286 uum
742 1232 816 1287 euim
827 1228 931 1288 bueret
943 1235 1004 1288 erit
1009 1233 1098 1304 filiae

64 1309 194 1368 ancillae
208 1308 347 1380 aumfilia
362 1308 481 1368 liberae.
506 1307 566 1368 Nos
580 1323 687 1384 autem,
703 1312 841 1384 fratrea,
866 1332 922 1370 uon
934 1331 1033 1372 eumue
1046 1335 1085 1373 au

64 1394 157 1451 aillue
166 1391 244 1464 filii,
270 1393 323 1450 sed
340 1392 466 1464 liberae,
492 1413 549 1472 qua
567 1395 706 1454 libertate
726 1395 863 1453 Christus
879 1415 931 1454 uos
950 1397 1097 1456 liberauit.

60 1477 149 1536 Haeo
168 1477 260 1532 forma
278 1477 463 1553 intelligendi
484 1478 519 1533 de
535 1477 703 1554 Apostolioa
722 1481 895 1538 auctoritate
918 1481 1098 1538 descendens

60 1566 160 1620 locum
178 1560 262 1618 nabis
282 1561 391 1636 aperit,
416 1562 654 1636 quemadmodum
671 1561 837 1639 Scripturas
856 1563 978 1620 duorum
993 1562 1098 1622 Testa·

61 1655 229 1708 mentorum
241 1645 350 1702 vetoris
365 1652 395 1700 et
407 1647 478 1703 novi
490 1647 622 1722 accipere
636 1647 799 1704 debeamus.
832 1645 903 1704 Pars
917 1650 996 1704 enirn
1008 1667 1097 1723 quae-

64 1730 132 1788 dem
145 1738 280 1786 terrenae
295 1727 428 1786 Civitatis
441 1731 539 1809 imago
553 1731 689 1788 eoelestis
704 1730 837 1790 Civitatis
852 1729 953 1788 effecta
968 1742 1022 1804 est,
1037 1751 1098 1790 non

62 1835 96 1872 se
124 1812 332 1892 significando,
356 1811 407 1868 sed
428 1816 563 1886 alteram3
599 1825 629 1872 et
653 1815 719 1872 ideo
742 1810 885 1874 serviens.
928 1815 994 1874 Non
1019 1819 1098 1872 eninr

60 1909 228 1974 propterea
241 1899 345 1972 ipsam,
356 1895 410 1976 sed
422 1908 540 1974 propter
553 1901 639 1956 aliam
653 1899 876 1978 significandum
890 1911 936 1956 est
948 1901 1096 1970 instituta3

61 1993 91 2040 et
102 1981 298 2058 praecedente
310 1982 368 2037 alia
387 1981 601 2058 significatione
616 1993 645 2039 ot
656 1986 720 2060 ipsa
732 1984 933 2062 praefigurans
948 1983 1096 2061 praefigu-

60 2078 126 2124 rata
144 2075 197 2122 est.
231 2065 363 2140 Namque
381 2065 461 2142 Agar
479 2068 586 2122 aneilla
603 2065 712 2137 Sarae,
740 2069 859 2141 eiusque
876 2065 971 2137 filius,
999 2068 1095 2143 inrago

64 2150 204 2226 quaedam
217 2147 303 2204 huius
316 2149 454 2225 imaginis
469 2147 534 2208 fuit,
545 2148 585 2204 Et
597 2151 732 2223 quoniam
745 2150 922 2206 transiturae
935 2158 1020 2204 erant
1033 2167 1096 2205 um-

65 2236 135 2291 brae
149 2234 211 2288 luee
224 2233 378 2302 veniente,
402 2230 468 2286 ideo
484 2231 560 2286 dixit
573 2232 665 2288 libera
678 2231 761 2304 Sara,
776 2251 849 2308 quae
862 2231 1047 2311 significabat
1060 2227 1096 2288 li-

64 2320 162 2376 beram
175 2315 347 2388 Civitatem,
372 2317 419 2370 eui
433 2333 534 2371 rursus
553 2316 611 2371 alio
624 2316 709 2372 modo
723 2315 933 2396 significandae
947 2318 1035 2372 ιιιίιιιιι
1047 2318 1098 2372 illa

62 2403 163 2459 umbra
176 2401 335 2456 serviebat:
349 2396 432 2454 Eiiee
446 2399 585 2456 uuaillam
599 2411 629 2457 et
634 2399 735 2471 filium
749 2402 821 2468 eius,
837 2419 892 2456 aaa
903 2403 977 2458 euim
991 2399 1096 2456 baeres

62 2489 122 2545 erit
134 2485 223 2558 filius
242 2481 371 2540 ancillae
393 2500 456 2538 eum
473 2480 543 2553 filio
563 2501 624 2538 mea
642 2480 747 2550 Iaaae,
774 2481 850 2556 quod
870 2485 912 2539 ait
928 2483 1096 2556 Apostolus,

64 2589 128 2626 eum
138 2567 341 2640 filioliberae.
364 2564 531 2622 Invenimus
550 2582 621 2642 ergo
639 2567 670 2620 in
684 2573 801 2620 terrena
810 2563 936 2620 Ciuitate
949 2565 1020 2620 duas
1034 2563 1095 2620 for·

65 2671 145 2724 mas,
165 2671 255 2710 unam
268 2669 349 2706 suam
361 2649 557 2724 praesentiam
571 2647 829 2719 demonstrantem,
842 2649 963 2704 alteram
977 2647 1097 2703 coelesti

66 2737 183 2794 Civitati
201 2733 413 2814 significandae
431 2751 484 2788 sua
500 2733 666 2807 praesentia
685 2733 871 2788 servientem.
905 2730 987 2788 Parit
999 2740 1096 2787 autern

66 2824 144 2878 cives
161 2813 295 2878 terrenae
314 2816 448 2876 Civitatis
466 2826 586 2892 peecata
606 2817 708 2873 vitiata
727 2824 847 2888 natura,
874 2816 1008 2874 eoelestis
1025 2834 1095 2872 vero

64 2895 196 2964 'Ciuitatis
212 2906 292 2962 aives
304 2903 382 2977 parit
394 2919 412 2958 a
426 2909 544 2978 peceato
557 2910 691 2958 naturam
703 2899 830 2958 liberans
844 2903 956 2980 gratia:
970 2897 1047 2956 unde
1059 2901 1096 2955 il-

62 2990 89 3046 la
102 2999 248 3047 vocantur
260 3005 331 3044 vasa
344 2987 417 3058 irae,
432 2987 490 3043 ista
501 3003 572 3043 vasa
585 2984 810 3042 misericordiae.
833 2985 1039 3066 Significatum
1053 2993 1097 3040 est

60 3074 116 3130 hoe
130 3075 220 3130 etiam
232 3074 265 3128 in
279 3069 388 3126 duobus
401 3069 469 3128 filiis
482 3063 629 3143 Abrahae,
650 3070 727 3146 quod
739 3089 815 3127 unus
830 3069 865 3128 de
878 3072 1000 3140 aneilla,
1021 3087 1096 3143 quae

60 3159 212 3216 dicebatur
224 3156 321 3234 Agar,
346 3153 504 3212 seeundum
517 3172 635 3212 caruem
649 3164 737 3212 natus
754 3163 799 3210 est
811 3153 930 3226 Ismabl,
955 3157 1029 3210 alter
1042 3170 1093 3208 au·

60 3253 116 3298 tem
138 3241 175 3297 de
195 3239 271 3298 Sara
289 3238 379 3294 libera
402 3235 560 3293 seeundum
581 3239 804 3312 promissionem
826 3247 914 3294 natus
937 3247 982 3292 est
1002 3233 1093 3290 Isaac.

61 3325 189 3402 Vterque
205 3324 322 3400 quidem
342 3321 378 3377 de
398 3321 508 3376 semine
521 3319 665 3378 Abrahae:
686 3319 737 3376 sed
754 3307 837 3376 illum
855 3322 958 3397 genuit
976 3318 1094 3373 demon-

64 3419 158 3468 strans
175 3405 356 3466 consuetudo
370 3415 522 3476 naturam,
536 3405 624 3461 istum
636 3422 706 3460 raro
721 3400 801 3458 dedit
812 3399 966 3476 promissio
980 3397 1095 3475 signifi·

63 3512 130 3550 oens
144 3495 282 3576 gratiam.
298 3483 344 3546 Ibi
355 3489 497 3550 humanus
510 3506 578 3544 usus
592 3485 764 3556 ostenditur,
778 3483 826 3540 hie
840 3483 972 3542 divinum
985 3478 1094 3538 benefi-

58 3580 136 3636 cium
150 3575 380 3636 commendatur.

457 3653 478 3710 C
500 3654 524 3710 A
546 3652 598 3709 P.'
622 3653 695 3712 111.

200 3738 244 3791 De
254 3738 399 3792 sterilitate
411 3735 506 3798 Serae,
518 3749 597 3802 quam
607 3732 662 3804 Dei
669 3731 766 3804 gratia
772 3727 960 3804 foecundavit.

127 3830 205 3891 Sara
219 3831 325 3908 quippe
340 3828 448 3886 sterilis
463 3833 540 3898 erat,
565 3833 594 3881 at
607 3823 808 3902 desperatione
821 3823 922 3898 prolis,
947 3822 1049 3878 saltem
1063 3819 1097 3900 de
