2586 4396
263 213 320 272 DE
343 215 556 276 ClVlTATE
579 217 659 276 DEI
680 220 758 278 Llll.
781 220 870 280 XVI.
1035 230 1074 287 ot

38 385 119 426 vum
133 383 220 424 suum
233 368 362 424 mitteret
377 368 519 426 Abraham
538 370 574 426 ad
591 371 786 448 accipiendam
802 391 924 432 uxorem
939 375 1008 435 filio‘
1020 397 1074 436 suo

39 453 145 523 lsaac,
164 452 207 506 ita
222 453 374 526 scriptum:
398 451 439 510 Et
451 457 566 532 accepit
572 474 652 534 paor
664 457 759 514 decem
772 459 896 516 camelos
909 459 945 517 de
956 462 1074 520 camolia

38 534 165 594 domiai
174 535 232 604 sai,
246 545 276 591 et
288 536 323 592 da
335 535 557 594 omniiaahoaia
571 538 680 596 domini
689 542 738 595 sai
749 557 858 612 oeaam',
873 553 903 599 et
914 559 1074 622 exsurgens

32 619 210 698 profectae
228 628 274 674 est
290 620 320 675 ia
338 617 581 696 Mesopotamiam
601 623 631 677 in
648 624 797 680 civitatem
813 621 940 682 Nachor.
968 625 1027 682 lato
1046 637 1076 683 ot

38 705 115 760 aliis
129 719 233 758 sacrae
245 700 329 758 huius
339 701 478 760 historiae
487 705 661 762 testimoniis
672 707 844 780 ostenditur,
859 711 946 766 etiam
957 707 1076 766 Nachor

38 787 143 844 frater
155 783 287 842 Abrahae
305 787 400 842 exisse
419 788 455 844 de
472 790 592 866 regione
606 787 828 863 Chaldaeorum,
851 792 991 868 sedesque
1005 813 1075 851 con·

39 871 184 928 stituiase
197 870 230 926 in
242 868 466 944 Mesopotamia,
486 873 541 928 ubi·
550 893 616 930 cum
627 883 708 948 patre
722 893 774 931 suo
789 873 971 934 habitaverat
983 877 1074 934 Abra-

38 955 126 1012 ham·
154 951 213 1010 Cur
226 971 297 1030 ergo
311 953 461 1030 Scriptura
474 975 539 1015 cum
557 976 617 1014 non
636 962 884 1030 commemorarit,
909 960 1024 1036 quaudo
1038 979 1076 1018 ex

37 1047 141 1119 gente
155 1035 299 1094 Chaldaea
318 1056 382 1094 cum
401 1041 462 1098 suis
480 1040 628 1115 profectus
648 1052 693 1098 cst
707 1039 828 1114 Thera,
841 1054 870 1100 et
886 1043 1028 1102 habitavit
1043 1047 1076 1102 in

37 1122 273 1197 Mesopotamia,
295 1121 346 1178 ubi
358 1142 418 1182 nou
432 1125 525 1180 solum
536 1123 679 1184 Abraham
691 1125 767 1182 filius
781 1128 858 1198 cius,
872 1147 973 1184 verum
987 1131 1076 1186 ctiam

37 1207 123 1266 Sara
136 1223 232 1262 nurus
246 1214 274 1260 et
285 1204 359 1262 Loth
373 1225 463 1280 nepos
484 1209 546 1263 eius
566 1219 842 1283 commemorantur,
866 1212 944 1286 quod
956 1231 1007 1268 eos
1022 1212 1075 1268 du-

38 1291 127 1349 xerit
141 1285 259 1345 secuml
281 1288 339 1366 Cur
351 1299 499 1364 putamus,
518 1293 576 1346 nisi
588 1291 665 1347 forte
678 1291 783 1366 quoda
795 1303 916 1366 paterna
929 1305 959 1351 et
971 1295 1074 1352 frater-

39 1394 86 1432 na
100 1375 210 1448 pietate
223 1371 400 1444 desciverat,
419 1384 448 1430 et
461 1375 661 1448 superstitioni
674 1375 845 1434 adhaeserat
857 1375 1074 1448 Chaldaeorum,

39 1467 77 1514 et
94 1466 200 1532 postca
217 1456 301 1528 inde,
328 1459 389 1514 sive
411 1458 603 1532 poenitendo,
630 1461 692 1516 sive
705 1463 943 1534 'persecutionem
960 1481 1075 1536 passus,

38 1541 127 1619 quod
137 1549 293 1614 suspectus
306 1539 471 1613 haberetur,
486 1550 516 1598 et
528 1543 589 1617 ipse
604 1540 776 1621 emigravit?
793 1544 828 1601 ln
841 1545 916 1602 libro
931 1547 1009 1602 enim
1025 1548 1075 1620 qui

35 1625 221 1684 inscribitur
238 1622 351 1696 Iudith,
376 1621 610 1700 eumquaereret
628 1623 911 1685 llolofcrnashostis
929 1628 1076 1686 lsraiilita·

35 1730 129 1782 rum,
151 1726 297 1785 quaenam
309 1727 382 1787 gens
395 1711 446 1765 illa
457 1719 546 1780 essct,
569 1719 666 1769 utrum
682 1711 822 1769 adversus
836 1732 900 1770 eam
912 1713 1076 1771 bellandum

35 1797 162 1864 fuisset,
178 1793 222 1849 sic
235 1795 263 1848 ei
276 1792 424 1868 repondit
431 1793 546 1850 'Achiorv
554 1793 615 1850 dux
627 1795 869 1854 Ammonitarum:
897 1796 1012 1856 Audiat
1025 1798 1075 1855 do-

33 1882 140 1938 minae
155 1886 259 1934 noster
270 1877 386 1934 oerham
402 1879 437 1934 de
450 1897 501 1935 are
514 1881 607 1955 paeri
617 1882 677 1950 cai,
702 1890 732 1937 et
746 1879 880 1953 referam
892 1882 948 1938 tihi
962 1883 1076 1940 acrita-

33 1977 99 2023 tem
114 1963 153 2020 de
160 1954 284 2039 papale,
295 1962 348 2036 ¹qai
358 1959 476 2026 habitat
489 1964 574 2020 iaata
586 1974 616 2020 te
626 1973 794 2020 montanam
805 1963 891 2034 boae,
906 1975 935 2021 et
946 1985 1002 2022 aaa
1014 1967 1076 2022 cai-

33 2051 81 2106 bit
100 2045 289 2103 mendacium
306 2045 341 2100 de
359 2063 409 2101 ore
427 2047 508 2102 aerei
524 2047 578 2102 tai.
610 2044 696 2104 Haec
708 2049 783 2102 eaim
794 2049 956 2124 progenies
972 2047 1076 2125 populi

34 2144 86 2191 eat
104 2128 338 2197 Chaldaeorum,
355 2138 384 2184 et
403 2139 491 2186 antea
506 2127 715 2185 habitaverant
727 2128 986 2206 Mesopotamiam,
1008 2131 1078 2207 qaia

33 2215 205 2284 noluerant
223 2213 307 2288 aequi
325 2212 393 2268 daoo
413 2220 539 2288 patrum
559 2217 693 2282 saetam,
728 2214 779 2288 qai
792 2212 925 2283 fuerant
943 2215 973 2270 ia
992 2222 1078 2269 tarra

39 2293 265 2352 Chaldaeorum
277 2294 414 2370 gloriosi,
428 2295 482 2351 sed
494 2294 715 2354 declinaverant
729 2297 764 2353 de
776 2298 827 2352 oia
833 2307 996 2374 parentam
1011 2313 1073 2352 aaa·
1128 2327 1131 2334 ,

35 2397 121 2448 ram,
136 2385 169 2434 et
180 2375 382 2433 adoraverant
394 2377 489 2434 Deam
504 2378 590 2447 coeli,
605 2387 686 2454 qaam
700 2390 913 2462 cognoverant,
933 2391 963 2436 ct
975 2380 1078 2457 proie-

36 2470 154 2521 cerant
168 2476 216 2516 eoo
230 2479 249 2514 a
259 2459 349 2530 faeie
362 2461 496 2530 deorum,
512 2465 546 2516 'et
555 2461 710 2540 fugerant
724 2465 754 2517 ia
767 2461 1024 2537 Mesopotamiam,
1049 2471 1079 2517 et

36 2537 260 2610 habitaverunt
277 2542 318 2598 ibi
335 2544 398 2600 dieo
416 2543 531 2600 maltos.
563 2543 708 2620 Dicitque
726 2545 786 2600 illio
807 2543 890 2600 Deae
908 2563 1020 2612 eoram,
1045 2553 1079 2598 at

38 2632 166 2690 exireat
180 2627 216 2684 da
228 2625 411 2684 habitatione
424 2644 495 2696 aaa,
509 2627 539 2683 ei
551 2629 631 2696 irent
644 2627 674 2682 ia
688 2637 802 2683 terram
818 2625 971 2696 Cbaaaaa,
985 2631 1014 2684 et
1026 2624 1079 2681 ha-

38 2714 236 2769 bitaverant:
257 2718 286 2764 ct
300 2720 416 2766 caetera
435 2709 509 2786 quac
529 2719 630 2767 namot
642 2708 751 2766 Aahior
764 2710 953 2783 Ammonites.
996 2707 1079 2766 Vnda

37 2794 237 2852 ananilestum
251 2802 310 2864 cst,
325 2792 570 2870 domumnTharac
580 2795 817 2870 persecutionem
829 2812 945 2867 passam
957 2794 1048 2850 luisse
1062 2811 1080 2848 a
1106 2820 1109 2825 ·

38 2877 202 2936 Chaldaeis
216 2895 268 2950 pro
281 2895 352 2933 vera
363 2879 495 2954 pictate,
514 2897 571 2954 qua
583 2897 658 2935 unus
670 2873 706 2934 ‘et
723 2897 809 2935 verus
823 2878 858 2934 ab
873 2879 915 2933 eis
930 2878 1079 2936 colebatur

37 2964 137 3022 Deus.
306 2967 310 2975 '
409 3037 412 3044 Ι
780 3005 783 3014 ·
873 2989 876 2994 ·

274 3094 275 3101 ,
333 3091 336 3096 .
429 3047 451 3106 C
474 3051 497 3106 A
520 3048 552 3106 Ρ.
585 3044 627 3103 Χ
641 3046 655 3103 Ι
667 3047 701 3104 V.
932 3119 935 3126 ι

119 3129 165 3182 De
176 3125 253 3178 amaia
268 3126 383 3190 Thatae,
399 3129 445 3196 qai
454 3130 483 3181 ia
495 3128 600 3180 Charra
610 3129 683 3181 citae
694 3145 757 3181 eoae
769 3139 871 3200 taaapaa,
880 3128 1009 3198 impleuit.

111 3211 374 3280 Defunctoautem
387 3217 483 3274 Thera
496 3221 528 3274 in
541 3219 765 3292 Mesopotamia,
788 3221 839 3275 ubi
852 3221 963 3275 uixisse
982 3209 1079 3298 perhi-

35 3304 133 3358 betur
146 3295 289 3356 ducentos
297 3311 325 3354 et
337 3301 574 3375 quinqueannos,
587 3300 1031 3375 iamincipiuntindicarifactae
1044 3297 1081 3352 ad

35 3381 194 3442 Abraham
206 3384 413 3454 promissiones
427 3379 499 3454 Dei,
520 3384 595 3459 quod
607 3386 648 3449 ita
661 3386 872 3458 scriptumest:
895 3383 937 3439 Et
948 3383 1081 3454 faeraat

36 3469 112 3526 dieo
126 3464 249 3524 iborae
262 3469 292 3523 ia
308 3467 426 3524 Charra
438 3470 561 3544 qaiaqaa
575 3477 604 3524 et
617 3469 736 3528 daoemti
752 3469 832 3537 anai,
846 3477 876 3524 et
889 3475 1022 3521 mortuae
1036 3471 1082 3518 eat

39 3555 77 3606 ia
98 3548 229 3606 Charra.
245 3585 247 3590 ,
265 3550 332 3606 Non
345 3552 386 3606 sic
400 3561 498 3606 autem
510 3550 712 3625 accipiendum
725 3559 784 3622 cat,
807 3551 891 3625 quasi
910 3564 1011 3602 omncs
1028 3544 1081 3602 hos

37 3634 362 3707 diesibiegerit31cd
376 3636 444 3708 quia
459 3652 558 3690 omnes
572 3634 634 3690 dics
647 3636 820 3704 vitaeauac,
835 3634 884 3708 qui
897 3630 1015 3688 morunt
1028 3649 1080 3685 an-

35 3720 74 3776 ni
100 3715 225 3770 ducenti
237 3719 380 3792 quinque,
399 3717 446 3771 ihi
462 3719 665 3789 compleverit:
691 3719 822 3790 alioquin
836 3717 999 3771 nesciretur
1012 3723 1082 3788 quot

32 3817 144 3859 annos
165 3799 275 3862 vixerit
287 3798 401 3871 Thara,
432 3800 568 3873 quoniam
589 3818 649 3856 non
669 3800 780 3876 legitur
800 3807 889 3874 quoto
908 3815 986 3854 anuo
1003 3799 1081 3854 citae

32 3903 123 3942 suae
133 3883 171 3938 'in
185 3879 323 3950 Charram
336 3884 462 3942 venerit:
490 3892 518 3938 et
537 3882 691 3952 absurdum
712 3891 756 3938 est
777 3883 960 3953 existimare,
981 3883 1012 3939 in
1026 3883 1081 3937 ista

84 3963 131 4024 ΙΙ.
766 3967 793 4024 G
