2538 4392
182 225 253 284 'lau
420 212 518 274 nivi
539 205 729 272 Avstnln
750 203 1011 271 evulsum}

190 378 266 434 tinm
276 373 383 430 ineritc
396 365 593 448 agriculturae
612 366 747 424 lecerunt
760 363 854 420 deum.
876 362 979 420 Picum
997 355 1112 440 quoqne
1125 367 1220 424 amaill-
1234 342 1235 396 l

192 469 238 516 ter
257 459 319 513 'cius
339 453 438 510 lilium
451 445 482 508 in
501 451 605 508 tellum
623 451 744 506 deorum
757 447 910 505 umnernni
929 459 1126 520 receperunt,
1145 438 1236 524 quenl

190 528 373 618 praeclar-sni
392 533 534 614 augurem
555 543 586 590 et
609 533 844 612 belligeratorem
854 533 951 588 'fuisse
971 541 1120 588 asserunt.
1144 531 1237 592 Picus*

182 624 325 683 'Faunum
343 622 463 700 genuit,
483 618 666 676 Laurentum
678 629 779 696 regem
792 614 965 673 seeundum:
983 616 1074 670 etiarn
1086 617 1145 671 istc
1157 617 1219 673 deur

188 709 249 764 illis
263 708 312 764 vel
322 714 386 774 est,
412 704 461 761 rel
473 702 540 758 fuit.
584 699 647 758 Hos
664 710 733 758 ante
747 699 908 757 Troianum
920 699 1029 756 bellum
1044 699 1163 756 divinos
1175 699 1219 756 bo-

191 800 279 848 nores
294 789 419 848 mortuis
434 783 600 842 hominibus
615 783 793 842 detulerunt.
852 807 855 812 ¹

572 919 642 978 CA
666 916 698 974 P.
741 914 848 974 XVI.

191 1019 236 1072 De
246 1017 376 1070 Diomede
385 1024 450 1084 port
463 1013 564 1068 Troiae
574 1015 708 1070 excidium
716 1013 747 1068 in
757 1014 818 1066 deor
833 1015 934 1076 relato,
953 1012 1036 1066 cuiue
1051 1015 1118 1066 corii
1128 1016 1221 1068 traditi

491 1094 555 1138 aeut
564 1085 594 1140 ia
603 1088 724 1140 volueres
735 1098 789 1136 erre
799 1083 928 1139 concerti·

278 1175 370 1234 Troia
393 1193 465 1234 rere
494 1193 613 1248 eversa,
624 1186 655 1234 et
664 1175 780 1232 excidio
793 1173 845 1232 illo
874 1189 1088 1248 usquequaque
1118 1183 1223 1250 cantato

196 1262 353 1338 puerisque
363 1261 530 1330 notissimo,
544 1259 623 1334 quod
631 1267 666 1319 et
676 1257 881 1336 magnitudine
892 1258 940 1314 oui
951 1265 981 1313 et
993 1259 1171 1332 scriptorum
1180 1276 1224 1314 ex-

195 1345 368 1404 cellentibus
386 1345 497 1422 linguis
516 1345 675 1422 insigniter
693 1338 873 1400 diffamatum
892 1349 979 1416 atque
1000 1342 1157 1418 vulgatum
1178 1353 1225 1410 est,

195 1439 371 1510 gestumque
382 1428 601 1506 regnanteiam
613 1426 719 1484 Latino
731 1423 827 1481 Fauni
839 1423 918 1495 filio,
933 1441 971 1478 ex
984 1441 1044 1498 quo
1061 1423 1226 1482 Latinorum

194 1530 323 1590 regnum
336 1510 395 1566 dici
410 1511 521 1584 eoepit,
547 1507 786 1583 Laurentumque
805 1508 946 1566 cessavit:
973 1506 1083 1564 Graeci
1095 1509 1226 1578 victores,

195 1595 321 1652 deletam
336 1591 458 1650 Troiam
478 1593 732 1667 derelinquentes,
756 1589 836 1648 etad
849 1591 968 1665 propria
980 1601 1167 1663 remeantes,
1191 1591 1226 1648 di-

193 1678 290 1734 versis
311 1683 341 1730 ct
357 1673 513 1732 horrendis
533 1672 664 1734 cladibus
684 1674 838 1732 dilacerati
853 1683 943 1750 atque
955 1675 1077 1732 contriti
1098 1686 1182 1732 runt:
1206 1685 1228 1730 et

194 1769 294 1818 tamen
309 1757 398 1832 etiam
410 1775 450 1829 ex
464 1759 507 1812 eis
521 1755 644 1814 deorum
657 1776 776 1814 suorum
797 1775 951 1815 numerum
968 1766 1130 1814 auxerunt
1164 1757 1228 1815 Nam

196 1851 226 1900 et
242 1839 416 1910 Diomedem
434 1839 571 1896 lecerunt
589 1840 690 1911 deum,
717 1858 805 1914 quem
824 1858 920 1915 poena
937 1839 1082 1898 divinitus
1107 1842 1228 1920 irrogata

193 1923 349 2002 perhibent
368 1923 404 1980 ad
424 1941 494 1980 suos
512 1941 575 1981 non
593 1924 769 1996 revertisse,
795 1925 914 2000 eiusque
931 1925 1029 1998 socios
1048 1925 1081 1985 in
1101 1927 1229 1984 volucres

194 2009 286 2068 fuisse
298 2023 469 2078 'eonversoa
488 2024 550 2062 non
564 2006 698 2066 fabuloso
710 2009 887 2084 poitieeque
899 2005 1063 2078 mendacio,
1076 2007 1134 2066 sed
1145 2008 1230 2066 bisto-

162 2155 165 2160 ,
193 2094 258 2150 rica
268 2091 462 2151 attestatione
473 2089 662 2151 confirmant:
679 2089 783 2166 quibus
793 2109 849 2150 nee
860 2091 942 2163 dous,
956 2099 990 2148 ut
999 2100 1119 2168 putant,
1133 2091 1229 2160 faetus,

193 2175 350 2234 humanam
363 2191 505 2248 revocare
518 2183 671 2246 naturam,
695 2177 745 2234 vel
763 2177 827 2249 ipse
844 2176 954 2250 potuit,
979 2176 1028 2233 vel
1042 2185 1124 2236 certe
1137 2195 1158 2234 a
1170 2175 1230 2234 lore

193 2279 247 2318 suc
271 2277 343 2338 rege
365 2266 504 2334 tanquam
527 2259 669 2336 coelicola
691 2260 823 2316 novitiae
846 2259 1023 2332 impetravit
1049 2259 1133 2326 Quin
1148 2262 1230 2318 etiam

193 2345 334 2418 templum
358 2341 420 2398 eiua
447 2359 511 2398 esse
533 2343 619 2400 ciunt
641 2343 673 2398 in
696 2343 795 2398 insula
813 2341 1007 2413 Diomedaea,
1031 2359 1094 2400 non
1116 2345 1231 2422 longer

191 2429 294 2488 monte
309 2423 460 2502 Gargano,
475 2425 527 2500 qui
541 2434 587 2484 eat
598 2426 632 2482 in
644 2427 764 2501 Apulia;
779 2435 809 2484 et
821 2424 876 2489 hcc
890 2427 1028 2501 templum
1041 2427 1231 2486 circumvole-

192 2527 242 2580 re,
256 2518 343 2586 etque
356 2508 489 2564 incolere
501 2507 554 2565 has
568 2510 653 2566 alites
667 2517 728 2566 tam
740 2511 868 2570 mirabili
880 2510 1035 2586 obsequie,
1062 2519 1097 2566 ut
1110 2522 1233 2570 rostrum

193 2610 271 2668 aqua
283 2593 424 2666 impleant
437 2601 467 2648 et
480 2591 673 2672 adspergant:
682 2602 716 2660 ‚et
726 2613 760 2652 eo
772 2595 798 2652 si
805 2593 913 2652 Graeci
921 2595 1071 2664 venerint,
1084 2597 1135 2654 vel
1143 2594 1233 2652 Grae·

193 2693 295 2734 corum
309 2677 400 2750 stirpe
408 2677 570 2753 progeniti,
584 2679 751 2736 nouaclum
763 2677 876 2754 quietas
887 2695 966 2756 esse,
990 2695 1099 2736 rerum
1110 2688 1141 2736 ct
1154 2680 1234 2736 inan·

191 2778 245 2838 pcr,
257 2757 411 2830 advolare3
424 2759 451 2814 si
464 2769 562 2816 autem
574 2761 757 2838 alienigenas
769 2761 910 2834 viderint,
922 2761 1078 2820 subvolare
1091 2761 1131 2820 ad
1142 2763 1234 2836 capita

191 2853 310 2918 tamque
323 2842 463 2920 gravibus
476 2843 602 2914 ictibus,
624 2853 658 2900 ut
672 2846 762 2902 etiam
778 2846 934 2920 perinent,
947 2847 1117 2904 vulnerare.
1163 2843 1234 2902 Nam

191 2925 273 2980 duris
288 2934 318 2980 at
331 2921 490 3002 grandibus
503 2927 607 2981 rostris
622 2927 693 2982 satis
708 2927 829 2985 adhaec
845 2929 959 3004 proelia
978 2927 1175 3003 perhibentur
1188 2947 1232 2984 ar·

191 3017 295 3063 maiae.
883 3035 898 3041 ·¹

566 3088 588 3147 C
656 3091 688 3148 P.
859 3136 866 3152 .

201 3147 251 3238 'De
261 3184 461 3241 incredibilibus
470 3091 948 3261 comnsmeommcrizddddcqeid
962 3190 1050 3246 Verre
1058 3193 1218 3247 crediderit.

254 3289 319 3350 Hoc
333 3291 426 3350 Varro
439 3304 473 3351 ut
485 3294 629 3368 adstruat,
654 3307 863 3354 commemorat
876 3299 934 3354 alla
947 3317 1007 3355 non
1020 3297 1123 3354 minus
1137 3299 1234 3355 incre-

190 3377 291 3435 dibilia
312 3375 454 3459 demago
476 3380 528 3434 illa
551 3379 748 3438 famosissima
771 3380 871 3451 Circe,
899 3397 973 3456 quae
996 3382 1093 3438 socios
1121 3399 1235 3458 qnoque

189 3457 306 3539 Vlyiris
331 3463 455 3524 nmtavlt
478 3463 509 3518 in
533 3463 652 3536 bestias,
675 3475 706 3521 et
730 3465 766 3522 de
784 3463 957 3536 Arcadibus,
974 3466 1035 3540 'qui
1054 3471 1139 3520 ror'te
1157 3465 1235 3520 ducti

189 3539 418 3606 tmsnstiba'nt
428 3539 573 3622 quoddam
586 3557 742 3627 stagnum,
769 3549 919 3624 atque·'lbi
928 3547 1194 3605 ··ccnrertebanmr
1207 3549 1234 3602 lc

188 3625 283 3704 lupar,
297 3638 328 3692 et
340 3619 641 3686 crm'similibuaferis‘
653 3649 707 3710 per
715 3633 794 3689 illius
807 3633 941 3710 regionis
953 3632 1068 3688 deserta
1081 3631 1233 3688 virebant.

190 3708 225 3766 Si
246 3719 450 3770 autemearn'e
468 3729 530 3770 nen
548 3723 740 3774 vescerentur
760 3715 903 3790 humane,
929 3733 1032 3774 rursus
1044 3723 1114 3789 port
1127 3733 1233 3771 novem

189 3806 283 3862 aanor
297 3793 398 3850 codem
410 3805 515 3854 renato
530 3807 636 3876 stagno
649 3799 927 3858 reformabanturin
936 3794 1078 3856 homines.
1092 3795 1234 3871 Denique

189 3874 277 3930 etiam
296 3877 471 3936 nominatim
487 3881 636 3956 expressit
653 3882 796 3957 quendam
808 3883 1037 3954 Demaenetum,
1062 3894 1157 3957 quum
1175 3897 1227 3957 gu·
