2592 4396
218 197 259 254 22
448 181 551 243 DlVl
574 179 763 242 nvnnnll
787 175 1041 238 AvovsTllll

219 343 333 421 quaerit
345 337 473 404 referre,
492 331 568 409 quod
582 349 733 408 perperam
745 331 828 388 iecit:
857 329 991 405 superbia
1004 331 1136 390 mulieris
1148 331 1181 388 in
1194 349 1248 388 ser·
1270 381 1271 384 ,

218 436 356 502 pentem,
370 418 506 498 snperbia
518 417 577 473 viri
591 418 621 472 in
634 417 794 472 mulierem.
826 413 886 474 Sed
899 414 1047 470 accusatio
1060 415 1156 488 potius
1171 433 1249 490 quarn

221 506 370 566 excusatio
388 521 459 560 vera
482 509 542 571 est,
566 500 615 556 ubi
628 499 758 556 mandati
771 495 864 556 divini
878 506 924 554 est
936 505 1036 572 aperta
1048 501 1250 575 transgressio.

218 591 320 666 Neque
342 588 422 643 enim
440 581 494 640 hoe
513 591 668 658 propterea
686 599 746 640 non
765 581 917 652 iecerunt,
944 581 1012 655 quia
1026 579 1057 636 id
1072 582 1173 636 mulier
1187 599 1250 636 ser·
1271 576 1272 606 ³

219 683 308 750 pente
323 669 479 736 suadente,
493 667 540 721 vir
554 667 677 722 muliere
691 664 876 738 impertiente
889 663 1048 734 commisit3
1076 664 1158 738 quasi
1171 666 1250 738 quic-

219 776 307 832 quam
321 753 403 820 Deo,
426 751 474 806 eui
491 750 540 804 vel
553 746 737 820 crederetur,
760 749 811 804 vel¹
826 747 993 818 cederetur,
1020 746 1248 820 anteponendum

219 839 319 896 fucrit.

618 911 740 970 CAP.
783 910 863 970 XV.

220 1018 264 1070 De
284 1014 394 1068 iustitia
413 1010 612 1072 retributionis,
633 1025 713 1078 quam
725 1008 811 1076 primi
825 1007 942 1062 domines
953 1023 1067 1077 prosae
1078 1009 1251 1063 inobedientia

658 1086 826 1148 receperunt.

287 1175 361 1241 Quia
375 1192 446 1250 ergo
459 1177 621 1225 contemtus
632 1179 678 1226 ιιι
687 1168 769 1226 Deus
780 1167 904 1238 iubens,
930 1167 980 1240 qui
993 1163 1164 1244 [hominem]
1179 1186 1253 1222 erea-

223 1266 321 1328 verat,
348 1258 397 1331 qui
415 1254 451 1310 ad
465 1270 547 1308 suam
561 1253 718 1330 unaginern
733 1248 821 1328 [eum]
836 1250 963 1318 feceret,
989 1252 1039 1325 qui
1056 1252 1181 1307 caeteris
1193 1253 1255 1306 ani-

223 1340 346 1398 malibus
360 1350 585 1414 praeposuerat,
610 1337 661 1410 qui
674 1337 706 1392 in
718 1334 855 1409 paradiso
869 1333 1076 1403 constituerat,
1101 1334 1153 1407 qui
1164 1351 1256 1389 rerum

226 1425 357 1482 omniurn
370 1425 483 1497 copiam
497 1419 661 1492 salutisque
672 1419 875 1494 praestiterat,
889 1417 939 1492 qui
951 1418 1113 1492 praeceptis
1129 1433 1184 1472 nee
1197 1418 1256 1490 plu-

224 1508 305 1564 ribus
320 1524 375 1561 nec
388 1502 549 1580 grandibus
562 1501 795 1558 nec-difficilibus
808 1509 999 1570 oneraverat,
1013 1499 1064 1556 sed
1077 1518 1137 1555 uno
1148 1500 1257 1555 brevis-

227 1591 300 1644 simo
324 1596 412 1660 atque
436 1585 585 1640 levissimo
604 1583 641 1640 ad
659 1583 844 1640 obedientiae
858 1582 1058 1640 salubritatem
1071 1583 1258 1639 adminicula-

224 1678 326 1740 verat,
354 1687 410 1742 quo
427 1686 491 1724 eam
504 1675 685 1738 creaturam,
713 1669 762 1724 cui
779 1665 871 1724 libera
889 1667 1015 1724 servitus
1037 1666 1206 1740 expediret,
1232 1685 1257 1720 ιι

226 1770 291 1810 ιιιι
304 1750 465 1808 Dominum
479 1750 697 1806 commonebat:
722 1751 800 1806 iusta
813 1749 961 1808 damnatio
976 1749 1131 1806 subsecuta
1144 1758 1205 1820 est,
1218 1759 1258 1804 ta·

225 1837 321 1910 lisque
342 1832 505 1902 damnatio,
531 1841 564 1887 ut
583 1830 669 1889 homo
690 1833 740 1907 qui
758 1832 949 1890 eustodiendo
968 1831 1136 1890 mandatum
1148 1832 1258 1888 ferturus

226 1918 323 1974 iuerat
336 1917 424 1972 etiam
439 1934 528 1972 earne
545 1915 701 1988 spiritalis,
714 1914 799 1971 fieret
811 1917 898 1972 etiam
908 1923 1005 1974 mente
1017 1917 1160 1986 carnalis;
1175 1917 1262 1989 etqui
1277 1959 1278 1968 ,

227 1997 320 2076 [quia]
336 2017 391 2056 sua
403 1997 539 2073 superbia
560 1998 617 2054 sibi
628 2000 792 2072 placuerat,
819 1997 878 2056 Dei
895 1999 1008 2056 iustitia
1020 1999 1077 2055 sibi
1089 1997 1262 2070 donaretur,
1277 2003 1278 2006 ’

227 2101 280 2140 nec
294 2084 338 2138 sic
353 2091 386 2137 ut
401 2076 592 2160 [affectabat]
607 2082 639 2137 in
653 2099 707 2138 sua
720 2091 799 2138 esset
811 2079 985 2140 omnimodis
997 2089 1158 2155 potestate,
1187 2082 1263 2139 seda

227 2185 259 2222 sc
282 2167 346 2240 ipse
370 2181 487 2240 quoque
510 2164 705 2236 dissentiens,
733 2164 786 2222 sub
801 2165 852 2221 illo
867 2165 916 2222 cui
933 2164 1081 2238 peccando
1102 2167 1263 2228 consensit,

224 2266 278 2322 pro
292 2249 428 2304 libertate
441 2266 527 2322 quam
541 2248 721 2320 concupivit,
736 2246 839 2304 duram
850 2248 1042 2322 miseramque
1055 2257 1161 2326 ageret
1174 2251 1263 2305 servi-

225 2339 332 2400 tuten13
358 2338 491 2384 mortuus
514 2329 618 2402 spiritu
640 2331 759 2400 voleus,
787 2339 817 2384 et
830 2347 951 2405 corpore
964 2332 1123 2388 moriturus
1138 2333 1264 2388 invitus:

226 2412 358 2468 desertor
371 2420 510 2468 aeternae
531 2411 627 2483 vitae,
654 2413 742 2468 etiam
764 2421 899 2485 aeterna,
925 2414 984 2470 nisi
1002 2415 1101 2491 gratia
1116 2414 1265 2482 liberaret,

224 2505 319 2552 morte
332 2494 494 2553 damnatus.
518 2495 659 2570 Quisquis
671 2493 838 2553 huiusmodi
848 2496 1065 2556 damnationem
1075 2499 1124 2554 rel
1135 2499 1266 2567 nimiam,

223 2581 272 2636 vel
286 2580 426 2636 iniustam
438 2586 537 2652 putat,
550 2579 649 2636 metiri
661 2579 793 2654 profecto
807 2582 917 2651 nescit,
931 2590 1043 2655 quanta
1054 2579 1146 2638 fuerit
1155 2583 1265 2655 iniqui-

224 2671 269 2718 tas
288 2663 320 2718 in
337 2662 505 2736 peccando,
532 2661 583 2718 ubi
595 2671 678 2719 tanta
697 2673 760 2720 erat
772 2683 833 2721 non
844 2663 986 2737 peccandi
999 2663 1136 2720 facilitas.
1183 2664 1267 2722 Sicut

225 2747 304 2801 enim
326 2743 460 2802 Abrahae
484 2763 545 2800 non
571 2747 717 2802 immerita
743 2764 851 2824 magna
875 2746 1043 2804 obedientia
1068 2745 1266 2824 praedicatur,

226 2830 293 2901 quia
306 2837 338 2883 ut
352 2827 498 2882 occideret
511 2827 620 2897 lilium,
633 2845 681 2883 res
696 2827 863 2886 difficillima
877 2839 922 2887 ιιι
934 2832 1088 2904 imperata:
1114 2832 1157 2888 ita
1171 2839 1206 2887 r'n
1215 2849 1267 2904 pa-

224 2907 322 2963 radiso
342 2916 425 2964 tanto
449 2909 543 2964 maior
560 2908 760 2968 inobedientia
782 2911 852 2981 fuit,
879 2923 990 2988 quanto
1003 2913 1034 2970 id
1046 2913 1126 2988 quod
1142 2932 1266 2989 praece-

225 2999 306 3062 ptum
320 2999 379 3059 est,
399 2991 506 3045 nullius
521 2989 699 3049 difficultatis
713 2995 779 3052 fuit.
822 2995 862 3054 Et
874 2997 951 3054 sieut
963 2996 1129 3054 obedientia
1143 2996 1267 3054 secundi

223 3071 350 3127 hominis
374 3091 407 3128 ec
430 3072 666 3147 praedicabilior,
692 3096 749 3151 quo
774 3078 868 3134 iactus
891 3088 938 3135 cst
960 3079 1098 3136 obediens
1118 3097 1214 3154 usque
1231 3079 1264 3134 ad

223 3163 361 3210 mortens:
388 3156 430 3210 ita
447 3155 646 3215 inobedientia
662 3161 749 3234 primi
767 3159 895 3218 hominis
914 3181 949 3218 eo
962 3162 1182 3233 detestabilior,
1208 3180 1264 3238 quo

221 3237 318 3294 factus
333 3247 378 3294 est
390 3237 561 3296 inobediens
580 3257 672 3316 usque
693 3243 732 3300 ad
751 3254 885 3302 mortem.
918 3243 983 3301 vai
1004 3247 1083 3302 enim
1096 3263 1206 3324 magns
1220 3255 1266 3299 est

221 3320 438 3378 inobedientiae
455 3341 550 3397 poena
567 3329 733 3401 proposita,
759 3337 789 3384 et
806 3345 856 3386 res
869 3328 1037 3390 acrestore
1055 3327 1151 3386 facilis
1173 3331 1264 3402 irnpe-

163 3481 165 3486 .
221 3410 296 3474 rata,
311 3406 447 3479 quisnam
459 3407 530 3463 satis
542 3410 679 3482 explicet,
692 3421 835 3484 quantum
846 3415 955 3468 malum
967 3414 1016 3484 sit,
1026 3430 1086 3470 non
1098 3411 1225 3470 obedire
1236 3413 1265 3466 in

220 3507 252 3544 rc
264 3485 353 3558 facili,
369 3498 398 3545 ιι
408 3497 508 3546 tantae
518 3493 671 3564 potestatis
682 3494 816 3568 imperio,
828 3504 857 3552 ιι
867 3504 950 3554 tanto
961 3495 1087 3553 terrenti
1097 3491 1265 3570 supplicio?

281 3569 418 3646 Denique
430 3581 463 3628 ut
475 3572 603 3630 breviter
616 3573 740 3646 dicatur,
754 3579 785 3634 in
802 3578 881 3636 illius
895 3581 1009 3652 peccati
1022 3593 1118 3652 poena
1131 3579 1207 3654 quid
1218 3579 1266 3632 in·

224 3651 408 3709 obedientiae
422 3655 481 3710 nisi
492 3656 693 3712 inobedientia
711 3661 854 3718 retributa
867 3659 930 3718 esti
953 3661 1032 3720 Namv
1041 3677 1117 3734 quae
1131 3659 1266 3718 bominis

222 3733 343 3822 estella
359 3737 498 3808 miseria,
524 3739 582 3800 nisi
605 3738 742 3797 adversus
767 3762 833 3799 eum
856 3746 951 3818 ipsum
974 3743 1177 3802 inobedientia
1203 3746 1267 3800 eiua

222 3823 328 3880 rpsrus,
355 3825 387 3872 ut
402 3819 540 3890 quoniam
554 3823 648 3880 noluit
661 3824 737 3897 quod
750 3827 864 3902 potuit,
890 3829 966 3906 qrrcd
987 3847 1047 3888 uon
1059 3835 1160 3902 potest
1174 3821 1267 3884 veliti
