2530 4392
200 245 261 301 250
429 234 526 294 Dtvl
548 231 737 291 AVRELH
757 227 990 288 AvuvsT1N
998 230 1013 286 1
1255 213 1256 268 b

203 395 276 450 tium
292 393 335 447 ita
349 395 453 446 contra
468 395 604 444 naturam
620 394 681 454 est,
702 392 735 440 ut
750 390 874 439 naturae
891 379 986 437 deleat
1005 382 1098 438 etiam
1110 393 1240 442 extrema

202 475 335 552 vestigia.

259 557 357 631 ltaque
370 572 470 629 pacem
483 554 650 628 iniquorum
663 552 696 606 in
708 551 789 624 pacis
804 549 1020 622 comparatione
1034 547 1188 608 iustorum
1199 553 1239 608 ibe

203 639 284 698 videt
297 657 352 695 ncc
365 655 464 712 pacem
479 653 544 691 esse
557 633 720 705 dicendam,
735 633 785 707 qui
796 630 878 688 novit
888 647 1073 704 praeponere
1084 641 1170 690 recta
1180 653 1235 708 pra.

203 725 248 780 vis
262 732 291 778 ct
304 721 439 778 ordinata
451 719 606 794 perversis.
622 716 707 784 Quod
720 725 817 772 autem
830 731 1001 788 perversum
1015 723 1076 786 est,
1089 713 1148 772 hoc
1162 719 1236 773 etian

206 823 326 863 necesso
340 812 386 859 est
402 811 435 858 ut
448 804 480 858 in
494 803 593 876 aliqua
605 811 635 856 et
648 817 686 854 ex
700 800 798 873 aliquo
811 806 842 853 et
855 815 920 853 cum
934 797 1033 871 aliquo
1046 815 1155 855 rernm
1166 810 1236 873 parte

203 897 338 964 pacatum
351 887 400 956 sit,
413 886 445 940 in
459 885 561 960 quibus
575 893 630 954 est,
644 884 692 939 vel
705 899 743 937 ex
756 881 860 956 quibus
873 888 1003 950 constat3
1023 882 1163 956 alioquin
1175 882 1235 940 nibil

206 979 284 1026 osset
297 969 425 1024 omnino.
461 965 549 1024 Velut
562 968 589 1022 si
601 966 753 1041 quisquam
767 965 863 1038 capite
879 961 1013 1018 deorsum
1025 964 1166 1038 pendent,
1175 983 1234 1039 per·

205 1069 305 1108 versus
326 1059 371 1106 est
388 1051 491 1126 utiquc
510 1051 584 1106 situs
603 1048 734 1122 corporis
753 1055 783 1102 et
802 1046 873 1104 ordo
889 1045 1107 1119 membrorum
1134 1050 1195 1124 quis
1208 1046 1235 1102 id

205 1133 283 1210 quod
296 1133 420 1209 desuper
434 1152 499 1190 esse
513 1141 619 1191 natura
631 1131 773 1205 postulat,
793 1130 894 1186 subter
906 1137 962 1199 est,
975 1137 1007 1184 et
1019 1129 1102 1204 quod
1115 1131 1166 1186 illa
1178 1131 1234 1186 snb-

205 1227 250 1274 tcr
274 1215 338 1274 vult
361 1235 442 1288 esse,
465 1217 590 1291 desuper
609 1214 718 1270 factum
737 1221 797 1284 est,
823 1211 1012 1270 conturbavit
1030 1209 1235 1287 [conturbabit]

205 1302 304 1357 curnis
317 1319 419 1375 pacem
432 1301 489 1358 ista
501 1299 695 1376 perversitas,
709 1306 739 1352 et
752 1295 821 1372 ideo
830 1304 876 1350 cst
889 1296 1028 1351 molesta:
1040 1306 1236 1354 verumtamen

204 1385 301 1441 anima
316 1384 432 1458 corpori
445 1401 498 1440 suc
512 1391 617 1457 pacata
629 1389 685 1450 ast,
699 1388 728 1436 et
740 1396 793 1452 pro
807 1379 870 1435 eius
884 1379 977 1434 cohme
990 1381 1115 1458 satagit,
1139 1388 1169 1436 et
1181 1379 1236 1435 ideo

205 1469 314 1540 estqui
328 1467 438 1538 dolest3
464 1483 539 1541 quae
553 1467 578 1521 si
591 1465 734 1521 molestiis
748 1461 812 1519 eius
828 1463 949 1518 exclusa
961 1459 1149 1534 discesserit,
1164 1481 1236 1538 quen

205 1549 255 1604 diu
269 1549 465 1604 membrorum
477 1557 577 1604 manet
591 1564 749 1624 compago,
768 1561 829 1601 non
842 1544 965 1600 estsine
979 1543 1107 1619 quedam
1118 1547 1237 1620 partium

126 1661 129 1678 ‹
203 1647 275 1706 paee
290 1630 366 1704 quod
379 1639 522 1700 remanet,
537 1638 567 1684 et
579 1627 644 1685 ideo
658 1627 752 1685 adhuc
766 1636 812 1684 est
825 1629 877 1703 qui
888 1625 1022 1702 pendeat.
1035 1626 1079 1684 Et
1092 1628 1176 1704 quod
1186 1637 1237 1685 ter·

204 1729 307 1767 renum
321 1729 426 1786 corpus
440 1713 473 1768 in
485 1721 595 1768 terram
607 1712 731 1782 nititur,
755 1719 786 1766 et
802 1711 921 1768 vinculo
940 1727 997 1786 quo
1011 1727 1191 1786 suspensum
1202 1720 1237 1766 est

205 1793 354 1862 renititur,
368 1795 399 1848 in
413 1811 483 1850 suae
495 1795 577 1868 pacis
591 1793 724 1850 ordinem
737 1794 844 1864 tendit,
858 1803 887 1850 et
899 1794 997 1850 locum
1010 1811 1069 1869 quc
1080 1797 1236 1870 requieseat

205 1874 328 1952 quodam
344 1874 430 1932 modo
451 1875 592 1952 ponderis
611 1893 684 1932 voce
700 1878 811 1950 poscit,
834 1878 950 1951 iamque
968 1877 1109 1933 exanime
1128 1896 1167 1934 ae
1184 1879 1237 1934 sine

205 1959 264 2015 ullo
279 1975 382 2028 sensu,
407 1977 425 2014 a
438 1975 510 2033 pace
523 1967 622 2014 tamen
635 1961 765 2016 naturali
777 1961 826 2016 sui
840 1959 951 2017 ordinis
966 1977 1028 2016 non
1039 1961 1176 2033 recedit,
1198 1961 1237 2018 vei

204 2061 272 2098 curn
290 2050 374 2098 tonet
392 2059 472 2116 eam,
494 2044 542 2099 vel
562 2059 627 2098 cum
644 2041 740 2098 fertur
754 2042 791 2098 ad
804 2060 876 2098 eam.
912 2041 946 2100 Si
959 2043 1039 2100 onim
1051 2042 1238 2101 adhibeantur

204 2125 427 2198 medicamenta,
441 2135 528 2202 atque
538 2127 663 2198 curatio,
677 2143 752 2200 quae
764 2124 887 2182 formam
898 2124 1047 2182 cadaveris
1061 2125 1190 2184 dissolvi
1202 2125 1236 2180 di·

204 2209 322 2284 labique
337 2227 398 2264 non
412 2211 492 2266 sinat
505 2205 649 2284 [sinunt],
673 2207 767 2266 adhuc
779 2227 837 2284 pax
850 2207 991 2283 quaedam
1001 2218 1103 2282 partes
1115 2211 1237 2285 pertibus

204 2292 315 2368 iungit,
328 2300 479 2365 totamque
491 2293 595 2348 molem
610 2293 738 2366 applicat
749 2300 868 2348 terreno
882 2300 912 2347 et
924 2291 1133 2364 convenienti,
1149 2313 1184 2350 ae
1193 2309 1237 2368 per

205 2373 260 2428 hoc
274 2374 340 2428 leco
353 2381 466 2447 pacato.
490 2371 524 2430 Si
537 2383 635 2430 autem
648 2375 729 2431 nulla
741 2372 912 2431 adhibeatur
925 2392 996 2430 cura
1009 2375 1184 2448 condiendi,
1196 2373 1238 2431 sei

204 2456 332 2512 naturali
345 2457 444 2512 cursui
458 2457 651 2533 relinquatur,
665 2455 775 2513 tamdiu
789 2458 872 2531 quasi
885 2459 1082 2514 tumultuatur
1096 2457 1237 2516 dissiden-

203 2538 292 2611 tibus,
303 2537 549 2612 exhalationibus,
558 2549 588 2596 ct
598 2547 700 2596 nostro
715 2540 989 2597 inconvenientibus
1000 2543 1116 2599 sensuit
1131 2541 1164 2598 id
1171 2543 1239 2599 enin
1255 2547 1256 2580 t

204 2631 250 2679 est
263 2623 338 2698 quod
351 2623 384 2678 in
397 2631 503 2698 putore
516 2625 658 2694 sentitur,
685 2621 778 2678 donec
790 2622 892 2678 mundi
907 2625 1066 2684 conveniat
1079 2627 1239 2692 elementis,

204 2707 275 2762 etin
286 2723 388 2762 corum
400 2723 501 2780 pacem
506 2706 700 2782 particulatim
706 2707 902 2782 paulatimque
912 2705 1049 2764 diseedm.
1063 2707 1157 2766 Nullo
1163 2707 1239 2766 modo

204 2799 301 2846 tamen
312 2789 383 2846 inde
391 2789 502 2865 aliquid
514 2789 629 2868 legibus
643 2791 748 2846 summi
760 2789 993 2848 illiusCreatoris
1000 2789 1239 2868 ordinatorisque
1255 2787 1256 2874 ]

203 2870 394 2946 subtrabitur,
408 2891 426 2929 a
438 2891 494 2947 quc
504 2891 563 2948 pax
575 2874 779 2930 universitatis
793 2873 1028 2932 administratur:
1051 2877 1125 2950 quia
1138 2878 1197 2932 etsi
1209 2873 1238 2929 de

204 2952 348 3012 cadavere
361 2957 483 3014 meinric
499 2957 657 3012 animantis
670 2957 808 3014 animalia
820 2958 933 3014 minuta
946 2967 1121 3031 nascentur,
1148 2959 1239 3015 eaden

204 3039 270 3116 loge
284 3038 435 3096 creatoris
449 3055 581 3114 quaeque
594 3041 766 3112 corpuscula
776 3041 807 3096 in
821 3041 923 3096 salutis
932 3058 1014 3115 ‹paoe
1028 3041 1091 3096 suis
1104 3041 1237 3098 animulis
1255 3051 1256 3108 j

203 3123 351 3179 serviunt:
366 3123 422 3178 etsi
435 3132 617 3180 mortuorum
628 3139 734 3178 carues
744 3121 780 3180 ab
790 3124 855 3180 aliis
866 3124 1042 3181 animalibus
1053 3121 1237 3190 devorentur,

204 3204 321 3268 easdem
341 3207 423 3288 leges
442 3225 495 3282 per
513 3215 622 3264 cuncta
640 3204 760 3263 diffusas
779 3205 954 3263 adsalutem
967 3208 1089 3284 pneris
1103 3209 1237 3281 cuiusque

203 3289 381 3360 mortalium,
404 3307 536 3368 congrua
548 3293 689 3368 congruis
702 3289 909 3363 pacificantes,
933 3307 1175 3366 quaquaversum
1186 3299 1237 3346 tn·

203 3369 325 3443 bantur,
353 3381 384 3428 et
394 3372 484 3430 rebus
499 3373 722 3449 quibuscunque
742 3375 920 3452 iungantur,
947 3381 977 3430 ct
989 3374 1022 3430 in
1035 3391 1084 3430 res
1098 3371 1238 3451 quaslibet
1255 3433 1256 3444 ἶ

202 3463 413 3513 convertantur
428 3465 459 3513 et
472 3465 700 3529 commutentur,
713 3458 881 3515 invoninnt.
1255 3467 1256 3512 ι

578 3573 702 3632 CAP.
745 3571 867 3632 Xlll.

202 3649 320 3718 Depone
331 3655 493 3720 uniuersali,
513 3671 581 3724 quae
595 3653 670 3707 inter
683 3653 817 3722 quaslibet
832 3650 1055 3722 perturbationes
1072 3653 1238 3720 priverinus

215 3729 306 3784 potest
316 3723 374 3789 Iege
385 3733 512 3786 naturae,
527 3725 589 3775 dum
600 3723 647 3775 sub
657 3723 731 3776 iusto
742 3723 829 3776 iudice
840 3723 877 3775 od
888 3721 919 3773 id
931 3720 1043 3790 quaese
1050 3722 1181 3790 persenit
1189 3737 1226 3771 ιι·

473 3792 619 3856 directione,
630 3794 701 3860 puori
708 3792 808 3845 meruit
817 3793 965 3844 edomate.

264 3871 327 3928 Pax
341 3875 438 3950 itaque
454 3881 596 3952 corporis,
611 3891 657 3939 est
669 3881 804 3940 ordinata
817 3889 1014 3956 temperatura
1023 3880 1166 3955 partium.
1186 3877 1238 3933 ru
1255 3941 1256 3954 χ
