2592 4396
251 164 312 228 D'E
337 168 561 229 CIVITATE
584 167 664 230 DEI
686 171 764 228 [ΛΒ.
787 173 876 230 XIV.
1046 181 1086 236 23

43 331 80 388 ln
106 325 246 404 paradiso
272 323 350 378 enim
373 321 568 378 etiamsinon
592 325 689 379 omnia
708 332 823 398 poterat
839 334 908 381 ante
925 337 1086 400 peccatum.

42 410 189 490 quiequid
202 417 301 464 tamen
316 423 375 462 non
388 413 515 479 poterat,
543 424 602 462 non
620 406 750 478 volebat3
775 414 805 461 et
818 405 884 462 ideo
897 415 1013 482 poterat
1024 430 1088 468 om·

41 500 97 555 nia
112 511 191 568 quae
204 490 330 548 volebat.
374 487 460 544 Nunc
471 505 542 544 vero
556 489 633 544 sicut
645 490 676 546 in
691 491 753 545 eius
767 491 859 564 stirpe
872 494 1086 568 cognoscimus,

41 591 73 638 et
88 577 195 634 divina
207 573 362 647 Scriptura
375 580 515 643 testatur,
541 570 771 632 bomavam‘tati
788 572 895 629 similia
906 573 1019 645 factae
1033 584 1087 631 cst.

40 665 119 732 Quis
133 661 217 717 enim
238 663 405 725 enumerat,
431 657 621 729 quammulta
635 673 710 729 quae
724 674 784 712 uon
797 663 893 729 potest
906 657 994 726 velit,
1021 655 1089 714 dum

40 747 102 804 sibi
117 745 195 818 ipsc,
209 739 240 797 id
254 747 309 809 est,
324 739 467 795 voluntati
482 739 555 808 eius,
570 739 632 813 ipse
643 740 756 796 animus
769 741 844 810 eius,
858 756 951 813 eoque
965 739 1088 795 inferior

40 849 115 888 caro
130 829 196 882 eius
210 843 271 881 non
285 815 482 896 obtemperasti
508 819 574 895 lpso
588 840 712 896 namque
726 823 837 892 invito,
857 831 887 878 et
900 823 1014 878 animus
1026 823 1089 896 ple-

39 929 173 986 rumque
187 909 337 976 turbatur,
363 914 393 959 et
407 922 475 960 caro
490 903 586 976 dolet,
614 915 643 963 et
657 907 830 976 veterascit,
858 915 887 961 et
898 906 1037 976 moritur;
1062 913 1091 958 et

40 993 190 1074 quicquid
202 989 282 1048 aliud
294 989 431 1063 patimur,
445 987 522 1064 quod
532 1005 591 1044 non
605 999 771 1064 pateremur
785 989 889 1059 inviti,
904 989 929 1043 si
943 987 1090 1044 voluntati

40 1089 171 1138 nostrae
194 1083 298 1132 nostra
321 1080 425 1128 natura
446 1071 629 1128 omnimodo
648 1081 735 1147 atque
754 1089 792 1128 ex
811 1070 944 1128 omnibus
957 1069 1089 1144 partibus

41 1163 190 1221 obediret.
211 1160 249 1216 At
263 1158 342 1213 enim
354 1153 465 1230 aliquid
478 1172 546 1211 caro
559 1155 687 1230 patitur,
700 1173 757 1229 quo
770 1155 882 1210 servire
895 1172 956 1210 nou
967 1147 1089 1210 finituri

41 1245 126 1314 Quid
144 1246 271 1300 interest
290 1238 383 1310 unde,
410 1237 478 1293 dum
499 1246 597 1294 tamen
609 1256 662 1312 per
675 1238 818 1293 iustitiam
833 1235 1010 1292 dominantis
1023 1234 1091 1303 Dei,

41 1332 94 1388 cui
110 1327 224 1384 subditi
238 1324 350 1381 servire
369 1322 533 1391 noluimus,
560 1338 628 1376 caro
643 1329 745 1378 nostra
758 1318 860 1388 nobis,
888 1336 962 1394 quae
976 1315 1093 1372 subdita

40 1417 164 1482 fuerat,
191 1429 252 1467 non
266 1403 421 1464 serviendo
434 1405 558 1460 molesta
578 1403 632 1476 sit,
659 1403 793 1478 quamvis
807 1421 861 1459 nos
874 1399 939 1458 Deo
954 1418 1015 1457 non
1029 1417 1092 1454 ser-

38 1494 176 1566 viendo,
201 1492 318 1549 molesti
333 1487 416 1545 nobis
429 1488 610 1562 potuerimus
625 1505 705 1557 esse,
731 1504 790 1542 non
804 1481 866 1540 illil
892 1483 995 1559 Neque
1013 1483 1092 1538 enirn

41 1586 89 1638 sic
104 1582 157 1636 ille
176 1586 298 1647 nostro,
312 1582 345 1630 ut
358 1590 412 1628 nos
426 1571 547 1626 servitio
562 1571 691 1646 corporis
706 1567 886 1648 indigemus:
913 1576 944 1622 et
958 1565 1024 1622 ideo
1039 1585 1092 1622 no-

41 1677 112 1723 stro
130 1671 177 1718 est
196 1658 273 1736 quod
289 1657 464 1732 recipimus,
488 1673 548 1710 non
562 1655 642 1710 illius
655 1672 751 1728 poena
763 1651 840 1728 quod
853 1651 985 1708 fecimus.
1029 1647 1092 1706 Do-

41 1755 127 1807 lores
151 1763 240 1822 porro
255 1743 307 1818 qui
320 1741 458 1797 dicuntur
477 1739 591 1810 carnis,
618 1739 732 1794 animae
751 1737 870 1792 suntin
891 1751 999 1805 carne,
1012 1742 1042 1788 et
1056 1748 1094 1786 ex

43 1851 150 1890 earne.
196 1825 271 1894 Quid
286 1825 364 1882 enim
377 1841 445 1880 caro
458 1839 511 1896 per
525 1839 556 1877 ιο
570 1823 662 1896 ipsam
676 1823 741 1877 sine
755 1822 853 1877 anima
867 1820 915 1876 vel
929 1816 1022 1888 dolet,
1046 1813 1094 1872 vel

44 1907 256 1990 concupiscit?
296 1906 354 1964 Sed
372 1905 449 1982 quod
471 1907 679 1980 concupiscere
703 1923 772 1961 caro
794 1903 904 1960 dicitur
917 1901 965 1958 vel
982 1899 1094 1968 dolere,

43 2010 99 2058 aut
113 2001 180 2074 ipsc
192 1994 279 2050 homo
292 2001 346 2060 est,
361 1991 437 2045 sicut
450 1988 659 2059 disseruimus3
684 1997 736 2043 aut
750 1985 862 2060 aliquid
875 1986 1003 2053 animae,
1017 1979 1095 2056 quod

44 2085 151 2141 carnis
168 2078 257 2136 afficit
269 2075 379 2152 passio,
392 2074 441 2128 vel
454 2089 568 2146 aspera,
583 2080 616 2127 ut
630 2071 721 2126 faeiat
733 2069 881 2138 dolorem;
900 2065 1048 2131 vellanis,
1062 2071 1095 2116 ut

45 2169 244 2242 voluptatem.
288 2156 347 2216 Sed
360 2156 443 2212 dolor
457 2155 554 2210 carnis
568 2151 769 2210 tantummodo
784 2147 907 2206 offensio
922 2157 967 2202 est
980 2146 1095 2202 aniruae

45 2271 87 2308 ex
102 2245 215 2317 carne',
230 2253 260 2300 et
272 2237 415 2318 quaedam
428 2238 462 2294 ab
477 2238 539 2292 eius
552 2238 691 2310 passione
704 2233 862 2290 dissensio:
889 2231 968 2286 sicut
981 2229 1096 2284 animae

46 2337 154 2404 dolor,
171 2347 246 2406 quae
259 2325 381 2383 tristitia
394 2330 589 2396 nuncupatur,
603 2317 748 2375 dissensio
760 2326 805 2374 est
817 2316 852 2373 ab
864 2313 909 2372 his
922 2313 1009 2370 rebus
1022 2327 1096 2386 quae

46 2418 138 2476 nobis
154 2411 324 2470 nolentibus
338 2405 516 2462 acciderunt.
560 2399 620 2459 Sed
632 2403 783 2458 tristitiam
797 2402 964 2475 plerumque
977 2411 1095 2470 praece-

47 2504 93 2558 dit
109 2506 226 2567 metus,
252 2493 347 2570 quiet
361 2487 578 2564 ipseinanimc
593 2493 654 2554 est,
678 2503 738 2540 non
760 2485 791 2539 in
812 2499 910 2538 carne.
954 2477 1097 2534 Dolorem

48 2595 155 2641 autem
170 2579 268 2636 carnis
287 2593 347 2632 non
360 2566 507 2647 praecedit
525 2567 600 2622 ullus
614 2564 698 2640 quasi
716 2572 809 2620 metus
825 2561 938 2631 carnis,
964 2559 1015 2632 qui
1027 2565 1097 2612 ante

49 2669 189 2722 dolorem
205 2664 240 2717 in
258 2676 346 2716 carne
364 2653 518 2710 sentiatur.
561 2647 748 2722 Voluptatem
760 2663 832 2703 vcro
845 2641 995 2718 praecedit
1008 2655 1097 2712 appe·

50 2754 127 2806 titus
141 2744 279 2822 quidam,
305 2741 356 2816 qui
369 2737 497 2794 sentitur
510 2733 542 2789 in
557 2749 645 2788 carne
659 2730 744 2805 quasi
758 2727 899 2804 cupiditas
914 2727 994 2795 cius,
1021 2723 1098 2776 sieut

50 2835 151 2889 fames
167 2838 197 2884 et
210 2829 287 2897 sitis,
302 2832 331 2880 et
344 2841 379 2879 ea
392 2837 465 2896 quae
478 2818 510 2872 in
521 2813 699 2894 genitalibus
711 2811 849 2870 usitatius
861 2807 951 2866 libido
963 2805 1096 2864 nomina·

52 2927 119 2984 tur,
136 2930 224 2988 quum
236 2909 294 2966 hoo
308 2907 347 2962 sit
360 2902 499 2984 generale
511 2898 685 2958 vocabulum
699 2897 794 2952 omnis
809 2891 985 2967 cupiditatis.
1023 2885 1099 2945 Nam

52 3009 86 3056 et
98 2999 196 3072 ipsam
208 2996 283 3050 iram
296 2987 369 3046 nihil
381 2984 460 3042 aliud
472 3002 553 3054 esse,
568 2999 654 3058 quam
665 2977 828 3036 ulciscendi
840 2975 1002 3045 libidinem,
1015 2980 1098 3030 vete-

50 3101 105 3140 res
121 3078 315 3134 delinierunt:
330 3068 461 3146 quamvis
472 3081 683 3138 nonnunquam
692 3060 794 3132 homo,
808 3061 858 3117 ubi
870 3057 1019 3116 vindictae
1033 3055 1099 3110 nul·

50 3169 102 3222 lus
118 3171 167 3219 est
180 3173 296 3226 sensus,
309 3155 396 3212 etiam
408 3149 495 3206 rebus
508 3147 647 3206 inanimis
660 3147 820 3212 irascatur,
833 3153 867 3200 ut
878 3143 953 3198 malo
967 3138 1099 3196 scriben-

53 3265 119 3306 tem
132 3244 238 3301 stilum
250 3235 385 3305 collidet,
409 3232 458 3290 sel
481 3231 624 3286 calamum
646 3229 766 3305 frangat
790 3227 893 3281 iratus.
936 3220 1047 3278 Verum
1071 3231 1100 3273 et

53 3335 118 3388 ista
131 3321 376 3388 irrationabilior,
390 3325 488 3371 tamen
501 3311 642 3387 quaedam
654 3305 816 3366 ulciscendi
827 3305 916 3362 libido
931 3313 991 3373 est,
1005 3311 1035 3357 et
1048 3318 1101 3356 ne-

52 3415 123 3472 scio
136 3425 226 3486 quse,
239 3413 272 3462 ut
285 3403 327 3466 ita
336 3399 472 3466 dixerim,
486 3395 570 3468 qussi
579 3393 681 3450 umbra
693 3388 908 3456 retributionis,
922 3394 956 3442 ut
966 3385 1016 3458 qui
1026 3383 1102 3437 orale

52 3497 199 3563 faciunt,
217 3488 294 3544 mala
307 3485 464 3560 patiantur.
498 3475 562 3534 ·Est
574 3478 666 3554 igitur
678 3473 767 3531 libido
780 3466 957 3534 ulciscendi,
971 3481 1045 3538 quae
1058 3463 1104 3516 ira

53 3580 189 3637 dicitur:
217 3580 263 3628 est
276 3566 365 3626 libido
378 3559 504 3620 habendi
518 3561 684 3634 pecuniam,
698 3573 773 3632 quaa
786 3550 928 3609 avaritia:
956 3554 1000 3600 est
1012 3541 1103 3598 libido

53 3655 331 3742 quomodocunque
342 3643 493 3714 vincendi,
507 3659 581 3717 quae
593 3641 771 3716 pervicacia:
787 3644 832 3690 est
844 3628 934 3689 libido
946 3623 1105 3706 gloriandi,

52 3761 142 3823 quae
161 3736 306 3796 iactantia
324 3735 519 3802 nuncupatur.
563 3721 641 3780 Sunt
658 3723 768 3778 multae
784 3717 942 3789 vanaeque
958 3707 1106 3779 libidines,

52 3841 195 3906 quarum
218 3817 381 3878 nonnullae
397 3811 505 3868 habent
530 3808 616 3868 etism
641 3804 786 3863 vocabula
807 3798 940 3876 propria,
966 3791 1106 3870 quaedam
