2576 4396
219 217 282 276 346
451 203 547 262 DlVl
569 198 758 259 AVRELn
780 196 1038 256 AVGVSTlNl

224 383 284 423 non
297 362 399 418 beatus
414 374 478 412 esse
491 355 571 412 velit.
599 350 747 419 Quomodo
762 352 840 407 enim
852 349 950 425 potest
965 350 1063 406 beatus
1077 367 1152 421 esse,
1171 352 1195 406 si
1209 354 1248 407 ni-

220 442 330 504 lrilsitl

566 518 634 577 CA
657 518 689 575 P.
731 515 910 574 XXVll.

415 601 460 655 De
470 599 586 655 essentia
596 607 623 651 et
633 597 757 662 semotio,
768 605 797 652 et
806 597 948 666 uniusque
958 612 1057 648 amore.

289 695 333 753 lte
345 711 416 752 vero
430 693 462 750 ri
473 689 599 766 quedem
611 689 739 746 naturali
759 689 855 761 ipsum
874 703 939 742 esse
961 686 1121 744 iucundum
1138 697 1196 760 est,
1221 699 1249 745 ut

222 800 283 841 non
297 780 332 836 ob
345 776 424 834 uliud
437 783 467 831 ct
479 773 510 830 hi
520 775 570 850 qui
583 773 685 828 miseri
698 780 768 828 sunt
778 771 874 828 nolint
886 771 1020 842 interire,
1035 779 1143 827 etcum
1156 787 1187 828 se
1199 775 1248 828 mi-

222 883 305 922 seros
320 879 385 917 esse
398 859 542 928 sentiant,
561 875 622 912 non
635 874 666 911 sc
683 857 761 930 ipsos
775 853 928 924 derebus,
952 852 1003 909 sed
1016 854 1249 912 miseriomsunm

222 948 321 1022 potius
336 941 447 999 suferri
459 942 561 998 velint.
584 938 644 994 lllis
660 940 748 994 etiam
761 939 812 1011 qui
826 946 856 992 ot
869 937 925 993 sibi
938 937 1096 993 miserrimi
1108 949 1250 1012 apparent,

225 1040 255 1086 et
266 1030 354 1103 plone
367 1035 447 1096 sunt,
460 1033 491 1080 et
501 1041 561 1079 non
572 1023 692 1078 solumn
703 1019 885 1095 sapientibus
898 1021 1037 1096 quoniam
1049 1023 1144 1092 snrlti,
1157 1040 1252 1079 verum

225 1121 254 1170 et
267 1112 302 1167 eb
315 1109 361 1165 his
375 1109 424 1184 qui
438 1125 470 1164 se
483 1106 584 1163 beatos
596 1114 716 1181 putent,
730 1105 830 1160 miseri
842 1099 1022 1176 iudicentur,
1036 1105 1106 1179 quie
1118 1119 1252 1180 pauperes

225 1206 311 1271 atque
324 1191 452 1249 mendici
465 1199 546 1261 sunt,
561 1190 587 1245 si
601 1189 665 1264 quis
679 1187 927 1244 immortalitatem
940 1183 1034 1260 daret,
1060 1205 1118 1263 quo
1131 1206 1184 1245 nee
1197 1191 1254 1265 ipsu

225 1279 343 1336 miseris
356 1284 530 1347 moreretur,
543 1273 695 1349 proposito
705 1271 762 1328 sibi
773 1271 850 1346 quod
862 1272 930 1327 siin
940 1271 1042 1327 eedem
1053 1271 1172 1328 miseris
1184 1291 1254 1330 sem-

224 1382 276 1440 per
289 1379 353 1418 esse
367 1362 491 1432 nollent,
505 1357 580 1415 nulli
594 1365 624 1414 ct
636 1373 784 1432 nusquam
795 1364 895 1412 essent
907 1353 1010 1426 futuri,
1024 1353 1076 1412 sed
1086 1357 1166 1412 omni
1177 1357 1255 1414 modo

225 1446 367 1522 perituri,
392 1444 524 1518 profecto
539 1443 723 1497 exsultarent
735 1440 864 1510 laetitio,
891 1446 921 1494 et
934 1438 977 1495 sie
990 1456 1105 1514 semper
1119 1441 1257 1518 eligerent

226 1547 307 1597 esse,
334 1544 421 1601 quem
439 1526 558 1582 omnino
577 1542 637 1579 non
656 1541 730 1579 erse.
758 1520 855 1579 Huius
873 1523 918 1579 uei
930 1523 1014 1578 testis
1033 1531 1078 1578 est
1091 1523 1256 1580 notissimus

225 1627 330 1666 sensus
344 1610 471 1664 illorum.
498 1605 582 1663 Vnde
596 1607 675 1662 enim
688 1607 763 1663 mori
776 1615 921 1678 metuunt,
936 1614 966 1662 et
977 1607 1092 1662 molunt
1104 1608 1137 1662 in
1149 1607 1200 1663 illo
1213 1625 1255 1664 oe-

225 1709 331 1750 rumnu
344 1693 461 1762 rivere,
486 1707 572 1766 quom
587 1709 651 1766 eom
663 1699 757 1746 morte
770 1689 875 1764 linire,
902 1690 963 1746 nisi
976 1691 1045 1765 quio
1057 1691 1129 1746 sotis
1143 1701 1256 1766 opponet

227 1794 312 1851 quem
329 1774 458 1852 refugiet
475 1782 582 1830 notura
600 1791 660 1829 non
681 1768 765 1828 essel
799 1773 894 1849 Atque
911 1773 978 1830 ideo
998 1790 1064 1829 eum
1080 1791 1113 1830 se
1127 1777 1256 1830 noverint

227 1875 291 1914 esse
304 1859 476 1929 morituros,
500 1873 553 1933 pro
566 1873 674 1936 magno
687 1856 830 1914 beneficio
845 1858 901 1914 sibi
913 1854 990 1914 hene
1002 1855 1132 1932 impendi
1148 1859 1256 1914 miseri·

226 1941 356 1998 cordiam
369 1940 552 2013 desiderant,
575 1952 610 1997 ut
625 1943 775 2017 oliquunto
793 1940 962 2014 productius
980 1942 1013 1998 in
1031 1941 1133 1997 eodem
1145 1943 1257 1998 miseris

226 2027 338 2096 vivant,
353 2023 524 2100 tardiusque
537 2026 711 2081 moriuntur.
731 2023 839 2081 Procul
857 2023 944 2080 dubio
964 2043 1036 2104 ergo
1052 2024 1187 2082 indicent
1208 2028 1258 2080 inr-

226 2110 444 2180 mortelitutem,
458 2111 562 2164 saltem
575 2111 664 2164 talem
675 2125 749 2184 quoe
762 2125 824 2164 non
835 2105 941 2164 habeat
953 2107 1043 2165 finem
1055 2107 1259 2180 mendicitatis,

227 2202 336 2268 quanto
348 2193 545 2270 gratulatione
559 2191 752 2267 susciperent.
774 2189 861 2263 Quid,
882 2192 1020 2248 animalis
1033 2193 1133 2248 omnis
1146 2194 1258 2250 irretio-

226 2277 320 2346 nalio‚
341 2275 444 2350 quibus
458 2275 557 2331 dotum
570 2293 630 2331 non
645 2285 691 2330 est
703 2276 760 2332 isto
773 2276 922 2352 cogitare,
948 2275 984 2332 ob
997 2277 1147 2332 immensis
1162 2275 1259 2332 druco·

225 2358 311 2415 nibus
326 2375 419 2432 usque
433 2357 469 2422 od
482 2361 607 2436 exiguos
619 2355 807 2428 vermiculos,
821 2375 921 2414 nonne
935 2375 968 2416 sc
982 2377 1046 2415 esse
1059 2360 1152 2431 velle,
1178 2369 1261 2434 etque

226 2443 262 2498 ob
276 2440 330 2497 hoe
344 2441 496 2497 interitum
508 2442 613 2520 lugere
632 2440 765 2498 omnibus
783 2441 889 2516 quibus
908 2452 1030 2517 possunt
1046 2443 1173 2499 motibus
1187 2442 1261 2499 indi·

225 2521 312 2582 centl
339 2524 431 2597 Quid,
445 2526 563 2582 arbusto
574 2543 733 2601 omnesque
746 2526 885 2595 frutices,
909 2526 1012 2601 quibus
1026 2527 1123 2583 nullus
1137 2536 1183 2582 est
1197 2543 1262 2581 sen·

225 2628 274 2666 sus
288 2609 325 2666 nd
337 2607 488 2667 vitandam
501 2608 659 2667 manifeste
671 2610 802 2665 motione
814 2611 992 2684 perniciem,
1010 2626 1108 2666 nonne
1121 2611 1201 2666 utin
1215 2627 1263 2664 su-

223 2710 271 2750 ras
290 2703 385 2750 tutum
399 2694 534 2749 culmmis
547 2711 669 2772 germen
686 2694 838 2763 emittent,
852 2694 939 2748 oltius
954 2687 1059 2771 [eliud]
1073 2702 1173 2750 terroe
1187 2692 1264 2748 rodi-

224 2796 272 2832 ees
287 2777 427 2854 offigunt,
454 2793 511 2849 quo
526 2777 697 2833 alimentum
711 2773 845 2847 trahant,
872 2786 960 2852 utque
974 2777 1017 2832 ito
1039 2791 1123 2832 suum
1140 2774 1266 2852 quodam

225 2859 310 2917 modo
324 2875 388 2913 esse
402 2854 596 2914 conserventl
623 2857 688 2934 lpse
700 2868 847 2933 postremo
862 2877 999 2933 corporo,
1023 2859 1127 2935 quibus
1140 2875 1203 2916 non
1218 2877 1264 2916 so-

223 2944 284 2997 lum
297 2959 418 3011 sensus,
444 2939 496 2996 sed
514 2959 569 2996 nec
588 2939 649 2996 ullo
665 2943 770 2998 saltem
782 2941 931 2998 seminalis
947 2951 993 2998 est
1006 2943 1083 3014 rito,
1110 2933 1154 2999 ite
1166 2952 1264 3000 tomen

225 3026 269 3081 vel
283 3025 428 3080 exsiliunt
438 3023 470 3078 in
479 3023 617 3096 superno,
630 3025 679 3081 vel
692 3025 723 3080 in
736 3024 795 3082 irno
808 3024 1000 3098 descendunt,
1013 3028 1062 3083 rel
1074 3026 1224 3084 librentur
1235 3028 1265 3082 in

223 3105 335 3177 mediis,
350 3116 384 3163 ut
398 3109 555 3165 essentiam
569 3125 663 3181 suem,
676 3106 728 3164 ubi
739 3108 899 3166 secundum
912 3119 1046 3166 naturam
1055 3119 1264 3184 pessuntcsse,

223 3191 399 3250 custodient.

285 3276 346 3334 lom
359 3291 430 3334 vero
445 3291 531 3334 nosse
545 3287 687 3353 quantum
700 3287 824 3350 emetur,
838 3291 984 3354 quemque
996 3273 1058 3332 lolli
1070 3276 1150 3332 nolit
1162 3274 1264 3332 hume·

222 3382 259 3420 ne
273 3371 390 3433 nature,
403 3362 452 3418 rel
464 3359 534 3417 hine
550 3363 679 3440 intelligi
691 3372 800 3436 potest,
815 3361 893 3437 quod
908 3361 1063 3416 lamentari
1077 3357 1207 3436 quisque
1220 3377 1264 3414 ιι-

221 3467 260 3504 no
272 3455 371 3502 mente
385 3447 507 3517 mavult,
521 3463 609 3519 quom
622 3447 726 3502 lectori
740 3447 772 3502 in
785 3445 922 3502 amentio.
946 3444 1027 3509 Quae
1040 3443 1086 3499 ris
1099 3459 1214 3520 mogns
1224 3451 1265 3497 ot-

221 3549 275 3605 que
289 3530 431 3586 mirabilis
444 3528 624 3601 mortalibus,
637 3537 756 3604 prester
765 3527 878 3585 homini
892 3521 1048 3604 [homines]
1064 3527 1265 3584 animantibus

221 3616 302 3670 nullo
315 3623 375 3685 est3
402 3614 473 3668 lieet
491 3627 593 3668 corum
606 3611 779 3686 quibusdum
798 3611 835 3668 od
848 3612 936 3667 istem
953 3609 1049 3666 lucem
1063 3608 1266 3666 contuendam

220 3698 322 3766 multo,
337 3713 424 3770 quern
436 3696 523 3752 nobis
537 3696 577 3750 sit
589 3695 687 3751 ocrior
699 3711 803 3751 senrsu
817 3695 982 3761 oculorum:
1009 3691 1061 3748 sed
1072 3693 1175 3749 lucem
1188 3694 1266 3748 illoru

220 3777 424 3850 incorpoream
446 3779 620 3854 contingere
640 3787 806 3851 nequeunt,
834 3793 891 3856 que
911 3791 994 3832 mens
1012 3782 1115 3831 nostre
1137 3774 1267 3852 quodem

220 3858 306 3916 modo
327 3859 503 3934 irrediotur,
529 3869 563 3916 ut
581 3859 617 3915 de
635 3857 680 3915 his
700 3861 836 3918 omnibus
859 3869 940 3917 reete
957 3857 1090 3918 iudicor-e
1107 3860 1266 3934 possimus.
