2586 4396
238 197 295 252 128
461 189 560 248 DlVl
581 185 768 246 AVRELll
788 183 1041 242 AVGVS'l'lNl

189 404 191 409 ,
303 345 450 404 Defuncto
464 341 580 418 Moyse,
602 341 738 416 populum
753 340 831 395 rexit
842 337 922 395 lesus
937 337 1034 409 Nave,
1057 347 1087 394 et
1104 340 1138 396 in
1156 348 1264 396 terram

237 430 437 507 promissionis
451 426 626 494 introduxit,
640 442 758 499 eamque
772 425 877 498 populo
892 423 999 479 divisit.
1035 423 1080 478 Ab
1092 421 1140 478 his
1155 423 1265 480 duobus

236 513 417 570 mirabilibus
435 509 553 565 ducibus
572 509 647 564 bella
666 507 751 563 etiam
770 507 964 584 prosperrime
977 524 1010 564 ae
1022 505 1195 562 mirabiliter
1210 528 1266 586 gc-

237 607 281 654 sta
295 605 378 666 sunt,
401 593 465 650 Deo
480 600 663 648 contestante
677 609 737 646 non
751 599 808 646 tam
825 597 942 666 propter
953 590 1057 646 merita
1069 588 1197 646 Hebraei
1211 610 1268 664 po-

235 681 308 756 puli,
329 697 414 754 quam
426 685 544 752 propter
556 683 676 750 peccata
689 691 789 730 earum
801 691 873 750 quac
887 671 1106 729 debellabantur
1119 676 1266 752 gentium,

236 766 301 821 illas
316 765 358 818 eis
371 761 540 836 provenisse
553 759 693 816 victorias
725 757 796 814 Post
816 759 888 814 istos
908 765 1006 812 autem
1023 755 1127 827 duces,
1152 757 1265 814 ludices

227 845 365 916 inerunt,
379 846 437 899 iam
450 845 481 899 in
492 852 571 899 terra
581 842 780 918 promissionis
791 842 895 916 populo
908 842 1061 898 collocato:
1075 852 1109 896 ut
1120 842 1265 916 inciperet

238 931 356 986 interim
369 926 451 984 reddi
463 926 594 984 Abrahae
607 927 699 1000 prima
716 926 870 1000 promissio
892 924 927 981 de
950 933 1039 1002 gente
1062 942 1138 995 una,
1166 925 1267 996 idest,

238 1011 383 1083 Hebraea,
397 1021 427 1067 et
440 1011 475 1066 de
488 1019 567 1066 terra
578 1008 729 1081 chanaam
749 1007 878 1065 nondum
891 1007 926 1064 de
939 1006 1071 1064 omnibus
1085 1008 1222 1086 gentibus
1241 1020 1270 1064 et

240 1105 301 1152 toto
314 1095 383 1151 orbe
397 1104 554 1152 terrarum:
574 1092 649 1169 quod
663 1090 771 1150 Christi
784 1091 924 1149 adventus
938 1093 970 1148 in
984 1109 1083 1162 carne,
1096 1101 1122 1148 et
1134 1111 1197 1148 uon
1211 1111 1272 1148 vc-

240 1181 311 1236 teris
324 1177 411 1258 Legis
426 1179 656 1250 observationes,
676 1175 727 1232 sed
739 1174 894 1254 Evangelii
907 1175 978 1232 fides
993 1175 1089 1232 fuerat
1100 1176 1272 1250 impletura.

240 1263 329 1320 Cuius
342 1266 386 1320 rai
398 1262 606 1341 praefiguratio
619 1261 697 1318 iacta
710 1269 765 1332 est,
789 1258 864 1335 quod
878 1277 939 1317 non
952 1257 1085 1334 Moyses,
1107 1260 1160 1335 qui
1171 1261 1272 1339 legera

239 1349 344 1423 populo
363 1355 515 1422 acceperat
532 1347 563 1402 in
582 1353 681 1402 moute
695 1342 782 1416 Sina,
809 1341 860 1398 sed
873 1342 969 1412 lesus,
995 1343 1043 1398 cui
1058 1345 1148 1399 etiam
1162 1363 1271 1401 nomen

241 1430 305 1488 Deo
318 1432 514 1506 praecipiente
527 1439 670 1486 mutatum
682 1428 787 1498 fuerat,
801 1435 835 1482 ut
849 1425 927 1482 lesus
940 1435 1111 1498 vocaretur,
1131 1430 1272 1502 populum

240 1516 392 1571 interram
409 1506 608 1588 promissionis
634 1512 759 1570 induxit.
802 1509 991 1585 Temporibus
1011 1518 1107 1566 autem
1127 1509 1271 1583 ludicum,

241 1599 318 1652 sicut
331 1616 362 1652 se
375 1595 519 1652 habebant
532 1605 561 1652 ιι
573 1605 691 1669 peccata
705 1596 802 1669 populi
821 1603 850 1650 et
867 1592 1067 1650 misericordia
1079 1593 1156 1667 Dei,
1184 1597 1271 1652 ulter-

242 1688 387 1736 naverunt
398 1697 536 1752 prospera
547 1687 579 1734 et
589 1677 711 1735 adversa
724 1679 872 1734 bellorum.

300 1761 371 1818 lndc
384 1770 504 1818 ventum
517 1771 561 1816 est
574 1762 610 1817 ad
621 1760 734 1839 Regum
747 1772 890 1836 tempora:
905 1779 1025 1836 quorum
1037 1763 1151 1838 primus
1165 1783 1271 1844 regus-

242 1848 285 1902 vit
298 1844 380 1902 Saul:
395 1863 452 1920 quo
466 1845 619 1918 reprobato
633 1853 663 1900 ct
675 1844 778 1900 bellica
793 1844 873 1900 clade
886 1854 1043 1919 prostrato,
1064 1848 1193 1924 eiusque
1208 1852 1272 1910 stir-

241 1950 276 2006 pe
290 1931 409 2000 reiecta‚
423 1947 461 1984 ne
472 1927 539 1984 inde
551 1947 636 2006 reges
651 1929 809 2000 orirentur,
823 1927 920 1986 David
933 1931 1074 1986 successit
1087 1933 1119 1986 in
1134 1951 1271 2012 regnum,

244 2015 326 2070 ouius
339 2014 465 2068 maxime
481 2009 613 2068 Christus
632 2011 727 2068 dictus
748 2021 792 2068 est
809 2011 894 2068 filius.
933 2011 967 2070 ln
979 2031 1035 2088 quo
1048 2015 1199 2073 articulus
1213 2019 1272 2092 qni·

242 2097 307 2154 dam
316 2095 410 2154 iactus
424 2105 469 2152 ιιι
482 2108 511 2152 ιι
522 2093 671 2154 exordium
684 2096 808 2172 quodam
820 2095 904 2153 modo
918 2098 1079 2154 iuventutis
1090 2103 1197 2174 populi
1206 2099 1273 2156 Dei:

242 2183 327 2238 cuius
352 2181 469 2258 generis
492 2179 632 2254 quaedam
654 2181 737 2236 velut
759 2179 954 2238 adolescentia
977 2181 1139 2238 ducebatur
1158 2185 1195 2241 ab
1214 2187 1282 2258 ipsa,

240 2262 384 2322 Abraham
397 2280 487 2338 usque
501 2263 536 2320 ad
551 2263 627 2320 hunc
641 2263 745 2320 David.
781 2263 882 2340 Neque
896 2266 972 2322 enim
986 2265 1095 2322 frustra
1108 2265 1273 2324 Matthaeus

240 2346 432 2425 Evangelista
444 2349 486 2404 sic
497 2348 703 2425 generationes
714 2350 962 2421 commemoravit,
975 2358 1009 2406 ut
1018 2347 1072 2405 hoc
1084 2352 1217 2424 primum
1230 2355 1274 2408 in·

227 2491 230 2500 .
243 2431 394 2487 tessellum
407 2430 623 2506 quatuordecim
636 2431 877 2510 generationibus
891 2432 1115 2505 commendaret,
1132 2436 1168 2491 ab
1178 2435 1275 2491 Abra-

241 2513 307 2571 ham
327 2517 439 2571 scilicet
455 2533 546 2591 usque
560 2514 597 2572 ad
610 2513 715 2572 David.
751 2515 794 2572 Ab
817 2513 1014 2574 adolescentia
1038 2519 1149 2593 quippe
1171 2521 1277 2595 incipit

241 2598 325 2655 homo
335 2617 421 2674 posse
431 2617 587 2676 generare:
600 2609 753 2675 propterca
763 2602 985 2678 generationum
998 2597 1116 2676 [ιιιίιι]
1134 2622 1174 2659 ιι
1182 2604 1275 2661 Abra-

241 2681 308 2740 ham
331 2685 434 2738 ssumit
456 2683 621 2740 exordium:
648 2686 699 2758 qui
722 2685 810 2750 etiam
832 2693 915 2758 pater
935 2681 1116 2761 [multarum]
1141 2691 1277 2766 gentium

241 2768 416 2822 constitutus
431 2775 485 2837 ιιι,
500 2766 616 2841 quando
628 2776 768 2824 mutatum
781 2786 888 2824 nomen
902 2771 1021 2844 accepit.
1042 2769 1119 2826 Ante
1134 2769 1217 2828 hunc
1234 2793 1277 2830 er-

241 2867 278 2925 go
291 2851 372 2904 velut
383 2850 508 2922 pueritia
521 2849 576 2904 fait
588 2849 672 2905 huius
686 2853 804 2928 generis
817 2853 916 2926 populi
929 2851 1001 2924 Dei,
1022 2871 1039 2909 a
1052 2851 1115 2910 Noe
1130 2873 1230 2932 usque
1245 2859 1277 2914 ad

240 2933 334 3004 ipsum
345 2929 504 2986 Abraham:
529 2941 557 2986 ct
570 2931 636 2988 ideo
649 2935 744 3006 prima
756 2937 859 3014 lingua
871 2937 991 2994 inventa
1005 2946 1064 3008 est,
1079 2936 1109 2992 id
1125 2947 1184 3008 est,
1211 2939 1277 2997 He·

240 3012 336 3068 braea,
370 3012 395 3069 A
414 3015 540 3088 pueritia
561 3032 685 3090 namquo
707 3015 794 3074 homo
812 3021 915 3094 incipit
932 3021 1011 3095 loqui
1026 3029 1094 3095 post
1106 3020 1276 3093 infantiam,

241 3113 314 3170 quae
328 3093 396 3152 hinc
410 3099 553 3170 appellata
567 3107 626 3170 ιιι,
654 3103 722 3175 quia
741 3099 798 3157 fari
811 3121 871 3158 non
889 3112 994 3176 potest.
1031 3105 1125 3171 Quam
1138 3107 1275 3180 profecto

239 3187 363 3236 aetatem
374 3181 497 3255 primam
510 3181 654 3263 demergit
666 3185 785 3259 oblivio,
799 3187 875 3241 sicut
885 3196 965 3242 aetas
975 3189 1068 3262 prima
1082 3192 1206 3266 generis
1219 3190 1274 3248 hu·

238 3265 333 3335 mani,
359 3273 405 3320 est
416 3263 511 3322 deleta
525 3265 643 3325 diluvio.
680 3271 791 3337 Quotam
810 3271 887 3326 enim
905 3273 1025 3346 quisque
1038 3281 1099 3343 est,
1124 3276 1276 3348 quisnam

238 3347 407 3404 recordetur
427 3347 601 3408 infantiami
634 3353 828 3418 Quamobrem
846 3354 879 3409 in
895 3355 952 3410 isto
971 3373 1114 3428 procursu
1137 3355 1276 3416 Civitatis

238 3429 306 3504 Dei,
331 3433 406 3488 sicut
418 3436 552 3508 superior
564 3454 652 3492 unam
666 3437 844 3511 eandemque
857 3439 990 3511 primam,
1016 3439 1059 3493 ita
1071 3439 1148 3496 duas
1165 3454 1282 3499 aetates,

237 3516 394 3572 secundam
410 3525 440 3572 et
450 3519 569 3574 tertiam
585 3520 659 3577 liber
676 3521 733 3576 iste
747 3521 914 3593 contineat,
937 3523 969 3578 in
982 3539 1038 3596 qua
1049 3523 1143 3582 tertia
1156 3539 1282 3602 propter}

236 3617 355 3656 vaccam
367 3601 494 3673 trimatu,
509 3621 624 3676 capram
637 3605 762 3675 trimam,
778 3612 806 3658 ct
819 3605 938 3661 arietem
951 3605 1080 3676 trimum,
1101 3608 1277 3684 impositum

237 3692 282 3736 est
294 3681 382 3761 Legis
398 3685 516 3762 iugum,
539 3695 568 3741 et
581 3689 714 3761 apparuit
726 3686 905 3744 abundantia
916 3697 1117 3764 peccatorum,
1144 3703 1177 3750 et
1189 3695 1277 3772 regni

237 3767 345 3819 terreni
358 3771 488 3824 surrexit
502 3769 663 3840 exordium,
677 3770 727 3826 ubi
739 3790 798 3828 non
812 3770 967 3829 defuerunt
973 3773 1134 3848 spiritales,
1150 3795 1282 3852 quorun,

237 3845 269 3899 in
283 3852 397 3902 turture
410 3857 439 3902 et
452 3853 583 3909 columba
596 3852 752 3930 figuratum
770 3864 815 3910 est
827 3865 1048 3913 sacramentum.
