2538 4392
172 203 231 260 on
256 200 476 260 crvrrsua
500 199 578 258 ιιιιι
600 161 832 258 urnxvrm
956 205 1020 260 ιιι

15 376 65 434 quc
89 354 187 423 civilia,
222 361 392 427 tantumque
416 371 449 408 se
467 350 679 406 comminuerat
695 358 781 424 atque
797 341 960 429 attriverat,
985 369 1018 416 ut

14 443 39 495 ci
58 435 193 494 mutandus
217 435 391 508 reipublicae
415 443 524 502 status,
551 450 608 506 quo
627 441 781 510 regeretur
799 437 933 514 regibus,
961 443 1014 496 ἰιιι.

11 524 128 578 mineret.
159 516 311 590 Pompeius
330 536 401 594 ergo
418 517 516 590 populi
529 513 654 570 Romani
671 517 920 588 praeclarIssimus
932 523 1014 594 prin-

12 622 81 678 ceps,
93 600 217 658 Iudaeam
230 618 295 654 cum
308 600 439 654 exercitu
452 599 604 674 ingressus
617 598 764 652 civitatem
778 602 865 674 capit,
879 603 1015 674 templum

10 693 119 754 reserat,
130 701 185 740 non
197 683 353 738 devotione
365 681 515 754 supplicis,
532 679 583 734 sed
595 680 659 734 iure
672 679 809 751 victoris,
823 692 853 737 ct
866 682 902 738 ad
916 692 1017 740 :ancta

9 777 172 836 sanctorum,
198 783 254 838 quo
275 764 334 818 nisi
347 781 490 818 summum
503 759 683 816 sacerdotem
695 779 755 816 non
768 763 875 820 licebat
893 765 1016 834 intrare,

6 870 62 908 non
75 859 104 904 ut
114 856 274 915 venerator,
288 844 339 900 sed
347 854 380 900 ut
388 844 556 916 profanator
569 843 696 899 accedit:
709 844 935 921 confirmatoque
945 845 1016 902 Hir,

6 929 253 1005 canipcntificatu,
282 936 311 982 et
324 928 495 1003 subiugatae
508 927 591 1003 genti
609 927 744 1000 imposito
762 927 881 983 custode
896 928 1016 1002 Antip&

5 1027 60 1084 tro,
84 1031 148 1087 quos
160 1021 229 1068 tunc
243 1017 447 1084 procuratores
462 1007 621 1076 secabant,
647 1008 777 1064 vinetum
793 1028 893 1066 secum
904 1010 1016 1066 Aristo-

4 1099 93 1154 bolum
110 1095 192 1152 ducit.
223 1091 271 1148 Ex
290 1093 340 1146 illo
353 1089 452 1146 ludaei
471 1091 557 1144 etiam
579 1088 725 1146 tributarii
743 1088 940 1155 Romanorum
954 1109 1016 1146 csse

4 1185 157 1252 coeperunt.
178 1174 284 1231 Postea
297 1172 417 1230 Cassius
430 1172 519 1226 etiam
531 1173 671 1244 ternplum
684 1173 866 1245 exspoliarit.
894 1171 1015 1230 Deinde

1 1270 167 1338 postpaucos
178 1273 270 1312 annos
283 1257 371 1310 etiam
380 1251 947 1330 Herodemalienigenamregemhabere
955 1273 1016 1309 me-

1 1349 131 1408 ruerunt,
153 1357 209 1413 quo
225 1345 370 1414 regnante
388 1344 474 1390 natus
493 1343 538 1390 est
551 1333 694 1391 Christus.
729 1333 789 1390 lam
803 1337 880 1390 enim
893 1345 1015 1391 venerat

7 1422 140 1492 lenitudo
151 1421 288 1494 'temporis
303 1417 469 1495 significata
478 1415 647 1491 prophetico
658 1414 769 1489 Spiritu
780 1434 832 1490 per
843 1435 876 1472 os
886 1415 1016 1472 Patriar-

8 1508 65 1563 ·hec
78 1504 169 1574 Iacob,
182 1503 232 1558 ubi
244 1503 300 1558 ait:
325 1499 389 1557 Non
402 1498 520 1570 deficiet
527 1501 672 1575 princepe
686 1517 722 1555 er
735 1495 827 1568 ludo,
852 1518 945 1576 aeque
957 1499 1017 1554 dur

3 1586 198 1660 ‘efemeridem
211 1587 289 1654 eiua,
315 1585 403 1640 denec
415 1583 516 1638 veniet
529 1582 579 1636 cui
590 1583 750 1658 repositum
764 1589 824 1650 cet,
848 1590 877 1638 et
890 1582 953 1657 ipae
967 1598 1017 1636 ea:-

0 1672 135 1728 ectotr'e
147 1669 288 1743 gentium.
314 1664 381 1720 Non
395 1680 466 1739 crgo
481 1662 573 1718 deluit
586 1661 755 1718 ludaeorum
768 1665 902 1736 princepe
918 1679 955 1716 cx
968 1659 1015 1716 Iu·

15 1755 84 1822 acis,
97 1769 188 1824 usque
200 1749 236 1804 ad
249 1750 338 1804 istum
350 1745 507 1815 Herodem,
522 1763 606 1820 quem
619 1746 745 1818 primum
758 1753 934 1818 acceperunt
947 1745 1017 1798 alie-

2 1839 130 1912 sigenam
141 1850 251 1908 regern.
287 1829 414 1902 Tempus
428 1845 499 1904 ergo
513 1829 570 1884 iam
584 1835 658 1896 erat,
671 1836 703 1882 ut
716 1827 832 1882 veniret
845 1827 895 1882 illc
908 1827 956 1884 cui
968 1844 1017 1880 re·

0 1920 118 1974 coitum
130 1924 202 1982 erat,
216 1911 292 1987 quod
304 1930 380 1968 novo
392 1911 568 1983 promissum
582 1917 626 1962 cst
639 1907 837 1977 Testamento,
850 1916 884 1962 ut
895 1909 957 1980 ipse
971 1924 1016 1962 es-

0 2011 37 2055 et
53 1997 231 2071 exspectatio
246 1996 388 2071 gentium.
423 1992 502 2047 Fieri
516 1999 613 2045 autem
626 2007 685 2044 non
698 1997 808 2060 posset,
821 1998 855 2043 ut
866 1997 1016 2062 exspecta-

7 2092 58 2138 ent
70 2089 173 2158 gentes
187 2096 252 2132 eum
266 2086 434 2142 venturum,
454 2075 530 2126 sicut
543 2090 608 2127 curn
622 2071 766 2124 cernimus
782 2069 960 2141 exspectari,
986 2077 1019 2122 ut

0 2166 89 2220 eniat
103 2161 139 2216 ad
151 2159 316 2216 iaciendum
328 2155 467 2210 iudicium
481 2154 512 2208 in
528 2153 659 2207 claritate
677 2150 841 2221 potentiae,
867 2149 925 2202 nisi
938 2149 1018 2220 prius

0 2274 2 2297 ι
34 2264 101 2302 cum
115 2241 279 2310 crederent,
303 2255 390 2313 quum
404 2235 486 2292 venit
498 2234 534 2289 ad
547 2231 714 2306 patiendum
727 2229 867 2286 iudicium
880 2231 911 2284 in
925 2226 1017 2282 humi-

9 2339 71 2384 tate
84 2325 252 2400 patientiae.

353 2434 473 2492 ΟΑΡ.
516 2429 659 2488 XLVI.

0 2527 27 2576 le
38 2531 105 2575 orta
117 2519 269 2572 Salinatoris
280 2515 374 2576 nostri,
394 2513 535 2564 secumdum
551 2511 621 2577 quod
640 2507 753 2559 Verbum
768 2523 832 2558 coro
842 2507 951 2578 foetum
962 2513 1001 2556 ert
1009 2521 1020 2564 ,·

63 2599 92 2644 et
103 2591 135 2641 de
147 2587 309 2656 dispersione
319 2585 480 2636 ludaeorum
489 2595 538 2646 per
548 2592 634 2628 corner
642 2585 747 2646 genter,
768 2575 838 2626 rieul
843 2575 943 2644 fuerat

405 2648 604 2717 prophetatum.

36 2749 201 2822 Regnante
215 2763 286 2820 ergo
299 2739 416 2796 Herode
429 2739 460 2792 in
474 2735 591 2802 Iudaea,
606 2733 678 2805 apud
695 2731 840 2788 Romanos
854 2739 951 2784 autem
964 2730 1021 2784 iam

9 2838 99 2888 ntato
121 2827 298 2900 reipublicae
315 2831 413 2890 stato,
440 2821 600 2891 imperante
618 2813 741 2872 Caesare
754 2813 901 2888 Augusto,
928 2820 958 2865 et
969 2828 1022 2883 per

17 2933 50 2968 m
78 2909 154 2966 orbe
176 2916 292 2982 pacato,
316 2913 403 2962 natus
424 2911 468 2956 est
481 2898 610 2957 Christus
625 2895 784 2952 secundum
803 2892 1022 2968 praecedentem

13 2993 171 3068 ophetiam
184 2992 216 3044 in
228 2987 377 3044 Bethleem
387 2983 486 3052 Indae,
500 2980 585 3038 homo
598 2979 769 3034 manifestus
784 2993 821 3032 ex
833 2974 949 3031 homine
961 2977 1022 3030 vir-

9 3095 70 3145 ne,
91 3073 180 3130 Deus
194 3072 324 3127 occultus
338 3085 376 3124 ex
388 3067 452 3124 Deo
466 3065 561 3120 Patre.
597 3060 647 3118 Sic
660 3063 738 3116 enim
751 3057 895 3130 Propheta
908 3057 1023 3131 praedi·

3 3166 84 3213 rat:
114 3153 197 3210 Ecce
209 3155 295 3227 virgo
309 3153 340 3208 in
353 3161 437 3206 utero
451 3146 605 3220 concipiet,
622 3152 651 3198 et
658 3143 764 3216 periet
770 3139 881 3210 filium,
895 3148 925 3194 ct
935 3156 1022 3196 voco-

12 3249 51 3295 nt
66 3251 180 3294 nomen
194 3235 257 3290 eiua
269 3228 449 3296 Emmanuel,
463 3226 539 3300 qaod
552 3233 598 3280 eat
611 3226 857 3296 interpretatum,
871 3215 1025 3272 Nobiscum

6 3337 74 3376 cue.
124 3316 188 3380 Qui
201 3315 278 3368 utin
291 3330 322 3366 so
335 3306 550 3372 commendaret
563 3303 668 3370 Deum,
684 3301 823 3354 miracula
835 3300 926 3351 multa
939 3296 1026 3362 fecit3

0 3426 2 3430 ⁸
27 3399 151 3474 quibus
167 3393 324 3469 quaedam,
350 3397 491 3464 quantum
503 3385 539 3442 nd
554 3402 619 3438 eum
638 3378 863 3455 praedicandum
876 3379 947 3430 sotis
962 3392 1027 3428 csse

3 3501 78 3538 sum
97 3487 164 3548 est,
175 3477 322 3549 ,scriptura
335 3470 515 3546 Evangelioa
528 3467 668 3522 continet.
703 3463 833 3525 Quorum
846 3460 968 3530 primum
982 3464 1027 3510 cst

0 3563 56 3620 od
69 3571 145 3617 tam
159 3557 333 3612 mirabiliter
347 3561 433 3608 natus
447 3558 506 3604 est:
533 3549 668 3612 ultimum
681 3549 789 3610 autem,
809 3538 885 3611 quod
899 3554 963 3592 cum
976 3554 1028 3591 suo

1 3645 173 3702 suscitato
188 3637 340 3695 amareris
354 3649 475 3706 corpore
487 3626 638 3684 adsccndit
655 3626 687 3678 in
708 3623 829 3677 coelum.
865 3617 962 3672 ludaei
975 3635 1023 3672 au«

39 3766 52 3798 ,
83 3723 146 3800 qui
162 3738 229 3776 eum
242 3715 429 3780 occiderunt,
453 3721 483 3766 ct
502 3711 533 3764 in
547 3726 617 3768 eum¹
632 3701 750 3760 credere
764 3701 934 3769 noluerunt,
961 3700 1027 3774 quia

7 3807 152 3866 ortebat
169 3817 236 3859 cunr
249 3799 324 3856 mori
337 3805 367 3852 et
379 3809 546 3870 resurgere,
568 3787 677 3846 vastati
688 3779 837 3842 infelicius
851 3780 1028 3848 aRomanir,
