2576 4396
264 177 327 236 DE
350 175 561 236 CIVITATE
586 177 666 236 DEI
691 179 774 238 LlB.
795 181 835 238 X.
1001 187 1062 245 305

32 333 190 396 moriendo
203 339 340 406 peccata,
367 331 435 405 quia
449 340 479 386 et
490 340 623 387 mortuus
638 341 696 402 est,
718 341 748 388 et
760 351 820 389 non
832 351 885 407 pro
898 353 949 391 suo
963 355 1065 410 pecca-

31 433 81 491 ta,
108 419 179 494 quia
203 423 234 472 et
256 424 385 470 mortuus
404 425 466 486 est,
494 425 596 471 etnon
608 435 660 489 pro
679 433 731 472 suo
745 426 873 491 peccato.
915 417 1003 476 Hunc
1016 423 1065 478 ille

30 503 209 560 Platonicus
221 517 281 555 non
295 499 432 574 cognovit
445 517 509 554 esse
522 500 712 574 principium3
731 519 800 556 nam
812 511 985 578 agnosceret
996 523 1064 577 pur·

31 587 194 667 gatcriurn.
211 582 312 657 Neque
326 583 403 637 enim
417 600 485 637 caro
498 584 671 657 principium
683 593 743 654 est,
758 593 808 640 ant
820 587 917 642 anima
929 584 1064 658 humana,

30 672 83 727 sed
96 668 228 725 Verbum
241 684 293 740 per
307 664 475 740 quodfacto
488 669 675 722 suntomnia.
719 667 787 724 Non
801 687 871 746 ergo
886 687 954 725 caro
967 689 1020 744 per
1034 689 1066 725 se

31 759 126 830 ipsum
145 749 286 819 mundat,
311 747 363 802 sed
374 768 427 823 per
439 747 566 806 Verbum
578 767 596 805 a
609 769 666 825 quo
680 761 814 826 suscepta
826 762 886 824 est,
913 773 979 810 cnm
995 752 1065 811 Ver-

31 841 96 896 bum
106 835 313 906 «rarefactum
325 843 385 902 est,
404 843 433 890 et
445 831 592 890 dubitavit
603 835 633 890 ιἰι
644 835 734 892 uubis.
777 835 852 892 Nam
865 837 901 892 de
913 855 1001 893 carne
1014 856 1067 893 sua

32 916 241 977 manducanda
252 915 374 990 mystice
386 918 525 989 loquens,
540 917 648 984 cumbi
663 920 712 992 qui
726 937 785 975 non
799 921 1008 977 intellexerunt
1021 921 1066 977 oi-

33 1006 112 1062 fensi
124 1000 318 1074 recederent,
332 997 477 1056 dicentes:
491 998 595 1056 Durus
609 1011 655 1058 est
667 1001 715 1057 bic
729 1019 833 1072 sermo,
847 1006 911 1080 quis
925 1025 987 1061 cum
995 1015 1067 1082 pot-

33 1099 79 1146 est
92 1083 224 1142 audire?
243 1082 393 1157 respondit
406 1085 589 1139 manentibus
604 1085 743 1141 coeteris:
757 1083 890 1162 Spiritus
903 1098 949 1144 est
962 1090 1011 1164 qui
1023 1089 1067 1145 oi-

32 1171 159 1242 uificct,
178 1187 250 1224 curo
266 1185 322 1224 uon
330 1167 459 1244 prodest
473 1169 633 1244 quicquum.
656 1165 837 1240 Principium
851 1187 921 1246 ergo
935 1179 1069 1241 suscepta

33 1257 134 1311 anima
149 1261 179 1307 et
192 1269 281 1307 carne
294 1259 324 1304 et
336 1251 462 1306 animam
476 1250 657 1306 credentium
669 1251 788 1306 mundat
801 1260 831 1306 et
843 1269 968 1306 carnem.
1004 1252 1069 1307 ldco

34 1335 245 1413 quaerentibus
261 1333 375 1390 ludaeis
395 1335 459 1408 quis
480 1342 573 1404 esset,
599 1334 749 1408 respondit
761 1353 792 1389 se
807 1353 870 1389 esse
883 1336 1068 1409 principium.

35 1420 126 1488 Quod
139 1420 237 1494 ntique
251 1420 398 1489 carnales,
413 1416 537 1488 infirmi,
550 1419 676 1491 peccatis
690 1419 825 1488 obnoxii,
840 1427 870 1473 et
882 1419 1069 1496 ignorantiae

32 1504 167 1561 tenebris
187 1503 317 1558 obvoluti
334 1515 517 1576 nequaquam
534 1503 686 1576 percipere
704 1519 871 1575 possemus,
898 1503 958 1557 nisi
976 1501 1011 1556 ab
1034 1519 1069 1556 eo

31 1587 243 1646 mundaremur
268 1593 355 1658 atque
378 1602 564 1654 sanaremur,
590 1603 643 1658 per
660 1582 715 1640 hoc
734 1583 811 1660 quod
828 1603 943 1641 eramus
962 1594 992 1640 et
1009 1603 1069 1642 nou

32 1688 161 1728 eramus.
182 1667 307 1726 Eramus
322 1667 400 1722 enim
411 1663 560 1734 homines,
575 1667 626 1722 sed
638 1669 711 1724 iusti
723 1687 784 1724 non
797 1687 921 1725 eramus.
943 1667 977 1725 ln
991 1670 1068 1726 illius

33 1765 132 1812 autem
145 1753 354 1809 incarnatione
366 1759 471 1806 natura
483 1748 609 1807 bumana
621 1742 699 1823 erat,
717 1753 768 1808 sed
781 1755 874 1825 iusta,
894 1772 953 1809 non
966 1771 1068 1828 peccc-

32 1842 97 1896 trix
110 1845 186 1894 erat.
221 1833 303 1891 Haec
321 1842 366 1888 est
379 1833 532 1906 mediatio,
560 1853 616 1910 qua
627 1854 731 1892 manus
745 1837 832 1911 lapsis
850 1837 1069 1911 iacentibusqne

32 1931 173 1998 porrecta
185 1928 245 1976 est:
258 1917 314 1974 hoc
328 1927 373 1974 est
383 1936 483 1974 semen
497 1917 667 1993 dispositum
678 1939 731 1996 per
743 1920 889 1998 Angelos,
901 1921 933 1976 in
947 1939 1070 1995 quorum

33 2008 142 2064 edictis
158 2013 189 2060 et
200 2006 249 2060 lex
264 2001 404 2074 dabatur,
429 2020 485 2076 qua
498 2011 528 2057 et
539 2020 615 2058 unus
629 2002 709 2060 Deus
725 2004 782 2058 coli
797 2003 966 2073 iubebatur,
981 2001 1069 2058 ethic

32 2091 185 2149 Mediator
197 2096 337 2144 venturus
351 2087 583 2160 promittebatur.
691 2084 727 2161 (t
737 2086 776 2142 ul.
793 2083 875 2142 cAP.
891 2083 1028 2160 XXIV.)

408 2236 476 2296 CA
500 2237 532 2294 P.
574 2235 698 2296 XXV.

32 2339 136 2394 Omnes
147 2345 255 2390 sanctos
266 2346 294 2388 et
303 2335 351 2388 sub
361 2335 427 2404 legis
442 2344 570 2404 ternpore,
590 2345 617 2388 et
629 2335 677 2386 rub
689 2337 827 2405 prioribus
841 2337 968 2401 saeculis,
987 2336 1016 2390 in
1029 2353 1068 2390 sa·

240 2415 375 2460 eramento
385 2415 413 2460 et
419 2405 477 2476 fide
489 2405 592 2458 dirim·
601 2405 763 2475 iustificatos
772 2407 870 2478 fuisse.

92 2515 194 2573 Huius
214 2515 389 2570 sacramenti
406 2512 463 2568 fide
483 2514 571 2568 etiarn
590 2514 660 2567 iusti
679 2514 794 2587 antiqui
812 2512 947 2569 mundari
964 2513 1010 2585 pie
1023 2513 1068 2566 vi·

30 2601 130 2659 vendo
146 2607 325 2674 potuerunt,
339 2615 398 2654 non
413 2599 507 2652 solum
520 2605 675 2670 antequam
687 2597 736 2650 lex
748 2597 854 2670 populo
869 2593 1003 2650 Hebraeo
1018 2593 1068 2649 da-

28 2695 133 2755 retur,
160 2676 272 2763 (neque
286 2682 363 2737 enim
377 2682 419 2736 eis
433 2678 614 2756 praedicator
627 2677 706 2735 Deus
720 2681 768 2736 vel
780 2679 885 2757 Angeli
900 2673 1068 2756 defuerunt)

29 2769 85 2824 scd
100 2767 195 2840 ipsius
210 2782 327 2840 quoque
340 2766 412 2842 legis
432 2763 624 2838 temporibus,
652 2764 782 2838 quamvis
801 2765 832 2819 in
850 2761 953 2841 figuris
971 2779 1069 2818 rerum

26 2851 212 2926 spiritalium
234 2847 342 2904 babere
363 2847 511 2904 videretur
529 2849 670 2922 promissa
688 2849 833 2920 carnalia,
859 2845 1068 2922 propterquod

25 2947 122 2993 vetus
137 2931 245 2988 dicitur
261 2930 487 2988 Testamentum.
514 2929 589 2987 Nam
603 2940 632 2986 ct
644 2929 805 3006 Prophetae
818 2942 890 2988 tunc
907 2939 1001 3002 erant,
1015 2950 1068 3006 per

25 3037 126 3096 qnos,
156 3019 235 3074 sicut
257 3033 310 3091 per
335 3015 478 3092 Angelos,
505 3015 604 3071 cedern
629 3017 782 3088 promissio
814 3015 980 3092 praedicata
1007 3025 1066 3070 est:

27 3114 61 3160 et
75 3120 117 3159 ex
130 3103 251 3157 illorum
263 3117 383 3155 numero
397 3109 470 3169 erat,
485 3099 565 3154 cuius
577 3108 637 3154 tem
650 3117 786 3178 magnam
799 3100 984 3172 divinamque
998 3116 1065 3153 sen·

25 3188 160 3244 tentiam
180 3183 216 3240 de
236 3183 306 3240 boni
321 3181 509 3238 humanifiue
527 3183 613 3256 paulo
633 3191 701 3238 autc
726 3184 963 3238 commemoravi:
990 3179 1067 3238 Mili

24 3282 134 3328 autem
148 3266 316 3325 adhaerere
330 3264 411 3334 Deo,
438 3265 606 3323 document.
649 3264 683 3322 ln
697 3285 753 3340 quo
766 3267 852 3340 plane
865 3265 979 3320 Psalmo
994 3265 1066 3320 duo-

23 3375 99 3411 rum
114 3351 387 3420 Testamentum,
414 3367 488 3423 quae
501 3347 640 3403 dicuntur
652 3359 736 3405 vetus
751 3357 779 3404 et
791 3365 916 3417 novum,
937 3350 1007 3401 satis
1023 3355 1069 3401 est

23 3439 184 3495 declarata
201 3434 361 3490 distinctio.
404 3431 525 3506 Propter
545 3433 676 3487 carnales
693 3433 772 3486 enim
792 3439 981 3502 terrenasque
999 3447 1067 3502 pro-

23 3523 210 3590 missiones,
238 3536 305 3574 cum
325 3534 373 3571 eas
391 3517 487 3591 impiis
508 3514 654 3572 abundare
671 3516 864 3590 perspiceret,
891 3511 963 3567 dicit
979 3509 1067 3584 pedes

25 3625 101 3664 suos
120 3622 200 3680 pene
220 3602 312 3658 fuisse
330 3610 504 3670 conunotos,
531 3607 561 3654 et
574 3596 680 3656 effusos
694 3600 726 3653 in
739 3599 850 3671 lapsum
863 3592 1065 3668 propemodum

25 3707 155 3770 gressus
171 3703 256 3757 suos,
283 3693 420 3758 tauquam
435 3684 545 3739 frustra
558 3681 623 3738 Deo
636 3684 700 3756 ipse
713 3681 867 3750 servisset,
897 3696 962 3732 cnm
975 3695 1008 3732 ea
1021 3676 1065 3732 ie-

27 3777 164 3846 licitate,
180 3787 268 3846 quam
281 3767 317 3823 de
329 3769 381 3822 illc
396 3765 581 3841 expectabat,
595 3773 791 3821 contemtores
805 3765 867 3819 eius
881 3761 986 3818 llorere
1000 3779 1065 3834 per·

24 3861 178 3934 aspiceret,
205 3871 296 3929 seque
310 3853 341 3908 in
358 3853 403 3907 rei
421 3849 507 3906 buius
525 3849 717 3925 inquisitione
734 3849 896 3918 laborasse,
924 3846 1064 3902 volentem

752 3931 777 3988 U
