2586 4396
201 181 262 238 206
431 173 528 233 DlVl
549 171 739 231 AVRELll
763 167 1017 228 AVGVSTlNl

572 341 641 399 CA
666 340 698 397 P.
741 335 872 396 XVIl.

206 443 284 509 Qesod
293 443 376 496 etium
386 441 443 507 ipse
460 437 546 490 Varro
558 437 693 504 opiniones
704 452 767 488 suos
778 436 808 486 de
819 433 870 485 diis
882 433 1072 500 pronuntiarit
1087 435 1248 506 asrrdignos.

266 547 306 604 Et
319 548 397 602 sicut
408 543 496 614 hoec,
523 560 598 618 quae
612 543 738 614 exempli
752 541 846 619 gratio
860 541 1099 611 commemoravi,
1114 543 1156 597 ita
1172 562 1248 597 enc-

102 693 113 703 ,
204 644 269 690 tero
282 649 342 687 non
356 629 520 702 explicant,
547 624 599 680 sed
610 625 707 698 potius
732 625 897 698 implicant3
923 623 1005 678 sicut
1017 623 1143 698 impetus
1157 643 1248 681 erra-

205 713 320 772 bundce
335 711 482 784 opinionis
496 708 659 782 impulerit,
684 708 721 762 its
735 705 793 763 huo
807 715 894 781 atque
906 707 994 776 illuc,
1020 703 1089 762 hinc
1103 716 1191 782 atquc
1204 711 1247 763 il-

204 801 279 868 linc,
293 795 432 850 insiliunt
445 801 474 848 ct
486 793 637 848 resiliunt:
665 798 699 844 ut
711 791 775 864 ipse
788 787 883 845 Varro
896 787 932 844 de
946 788 1081 844 omnibus
1095 788 1247 862 dubitare,

205 899 292 955 quom
306 875 415 950 aliquid
428 875 573 932 affirmare
586 874 732 929 maluerit.
776 871 851 929 Num
863 873 954 928 trium
967 879 1167 930 extremorum
1178 876 1247 948 pri-

205 981 283 1018 mum
298 979 363 1016 oum
376 957 412 1014 de
426 960 481 1014 diis
495 958 583 1014 certis
598 955 774 1012 absolvisset
786 955 953 1026 librum„in
967 957 1059 1012 altero
1073 955 1109 1011 de
1122 955 1178 1012 diis
1194 959 1247 1014 in-

206 1045 296 1100 certis
310 1037 408 1097 dicere
421 1043 590 1119 ingressus,
605 1040 661 1095 cit:
689 1037 785 1110 „Cum
797 1039 829 1094 in
842 1033 898 1094 hoc
911 1038 1009 1096 libello
1023 1037 1123 1095 dubias
1137 1039 1173 1095 de
1185 1039 1248 1096 diis

207 1127 383 1201 „opiniones
398 1142 541 1197 posuero,
564 1119 739 1196 reprehendi
751 1139 811 1178 non
824 1119 925 1180 debeo.
970 1122 1026 1188 Qui
1041 1123 1119 1178 enim
1129 1125 1252 1196 putabit

207 1209 352 1282 „iudicari
367 1217 503 1282 oportere
517 1215 547 1261 et
561 1223 663 1278 posse,
689 1223 755 1260 cum
780 1201 921 1276 audierit,
947 1203 1037 1260 faciet
1061 1205 1133 1278 ipsc.
1176 1205 1248 1283 Ego

207 1293 317 1362 „citius
330 1289 454 1365 perduci
466 1307 604 1364 possum,
631 1297 665 1344 ut
677 1289 709 1344 in
722 1289 816 1364 primo
829 1287 904 1343 libro
919 1305 992 1362 quoe
1006 1286 1068 1342 dixi
1082 1289 1113 1342 in
1127 1287 1249 1344 dubita-

207 1375 341 1446 „tionem
367 1392 522 1444 revocem,
544 1388 631 1447 quam
648 1372 680 1428 in
699 1369 754 1426 hoc
769 1389 844 1445 quae
856 1369 1036 1446 perscribam
1049 1371 1147 1426 omnio
1159 1380 1194 1426 ut
1207 1373 1249 1428 ad

206 1455 643 1534 aliquamdirigcmsumnsam.“
663 1452 707 1510 Ite
719 1472 779 1509 non
790 1455 885 1509 solum·
896 1453 985 1508 istum
996 1453 1032 1508 de
1041 1452 1096 1508 diis
1108 1454 1248 1524 incertis,

206 1541 258 1596 sed
272 1540 360 1593 etium
373 1539 456 1594 illum
469 1537 504 1593 de
518 1537 606 1592 certis
620 1535 691 1592 fecit
703 1537 858 1592 incertum.
901 1535 936 1592 In
961 1537 1050 1592 tertio
1073 1553 1160 1610 porro
1184 1538 1248 1594 isto

207 1623 242 1678 de
257 1622 312 1676 diis
326 1621 459 1690 selectis,
485 1628 587 1693 postea
600 1637 687 1693 quem
699 1621 884 1694 praelocutus
899 1625 945 1674 est
958 1617 1035 1693 quod
1053 1636 1092 1674 ex
1116 1623 1248 1676 naturali

207 1703 355 1780 theologie
381 1701 629 1776 praeloquendum
654 1703 788 1775 putarit,
814 1703 1005 1778 ingressurus
1031 1701 1119 1759 huius
1146 1703 1247 1758 civilis

206 1787 371 1864 theologiae
384 1785 532 1840 vanitates
547 1792 577 1840 et
590 1785 721 1840 insanies
736 1785 906 1855 mendaces,
933 1784 983 1841 ubi
996 1804 1061 1840 cum
1075 1803 1135 1841 non
1147 1787 1248 1842 solum

207 1887 266 1926 non
291 1867 414 1923 ducebat
435 1885 534 1922 rerum
554 1869 680 1938 veritos,
708 1867 861 1923 sedetiam
875 1869 1015 1924 maiorum
1029 1869 1178 1942 premebat
1191 1887 1247 1924 uu-

207 1952 336 2008 ctoritas.
381 1949 450 2021 „De
463 1949 531 2021 diis,
557 1951 669 2025 inquit,
695 1952 796 2024 populi
821 1948 948 2005 Romani
969 1951 1112 2024 publicis,
1139 1953 1248 2027 quibus

207 2033 315 2106 „aedes
341 2033 565 2104 dedicaverunt,
592 2051 700 2107 eosque
725 2033 855 2108 pluribus
881 2033 974 2110 signis
989 2043 1107 2092 ornatos
1120 2043 1248 2091 notare-

152 2103 168 2116 ⁶
207 2127 314 2189 „runt‚
341 2119 373 2172 in
386 2115 441 2172 hoc
455 2117 529 2172 libro
553 2116 695 2186 scribam,
722 2116 773 2172 ed
786 2125 819 2171 ut
831 2113 1031 2190 Xenophane
1045 2116 1248 2192 Colophonius

207 2200 346 2272 ‚‚scribit‚
374 2198 444 2274 quid
462 2209 577 2274 putem,
592 2217 653 2254 non
668 2197 737 2273 quid
751 2199 934 2270 contendam,
948 2217 1063 2274 ponem.
1107 2199 1249 2258 Hominis

207 2284 309 2354 „enim
324 2291 369 2336 est
381 2280 455 2338 hoec
481 2283 611 2355 opinari,
637 2279 695 2336 Dei
710 2281 819 2336 scire.“
863 2279 973 2338 Rerum
985 2284 1077 2362 igitur
1090 2302 1151 2340 non
1164 2303 1249 2341 com-

206 2363 433 2440 prehensorum,
460 2383 515 2420 nec
528 2363 694 2420 firmissime
708 2363 900 2436 crediturum,
928 2365 1186 2442 sedopincturum
1217 2379 1250 2424 et

207 2447 426 2504 dubitantarum
439 2465 605 2504 sermonem
618 2446 746 2522 trepidus
759 2449 930 2522 pollicetur,
959 2448 1089 2506 dicturus
1110 2469 1146 2506 ιι
1168 2469 1249 2526 quac

206 2531 241 2588 ab
255 2529 421 2586 hominibus
435 2531 572 2586 institute
586 2539 663 2586 sunt.
707 2529 809 2606 Neque
823 2533 918 2602 enim,
946 2531 1022 2588 sieut
1047 2533 1156 2590 sciebat
1179 2553 1249 2592 esse

204 2611 363 2685 mundum,
390 2632 454 2670 esse
468 2615 580 2670 coelum
594 2622 624 2668 ct
636 2623 760 2685 terram,
789 2615 902 2670 coelum
916 2613 1059 2672 sideribus
1085 2616 1248 2694 fulgidum,

205 2706 316 2754 terram
342 2697 502 2758 seminibus
530 2697 674 2768 fertilem,
700 2705 788 2771 atque
813 2695 980 2754 huiusmodi
1006 2708 1136 2771 caetero,
1168 2702 1250 2757 sicut

205 2779 281 2836 hanc
296 2788 388 2836 totum
400 2781 507 2834 molem
518 2788 608 2853 atque
621 2787 757 2836 naturam
769 2781 800 2836 vi
813 2781 937 2856 quodum
950 2783 1092 2838 invisibili
1104 2801 1139 2840 nc
1156 2802 1249 2858 prce-

205 2863 320 2934 potcnti
333 2862 399 2936 regi
413 2870 499 2935 atque
513 2859 712 2918 administrari
727 2871 808 2919 certa
821 2865 912 2920 aninsi
921 2865 1079 2923 stabilitate
1092 2866 1249 2936 credebat;

204 2945 247 2998 ita
268 2951 384 3016 poterat
395 2941 540 3000 affirmare
554 2943 689 3017 deloco,
717 2945 795 3021 quod
808 2947 932 3004 mundus
946 2950 1008 3024 ipse
1023 2959 1116 3022 esset;
1142 2950 1248 3006 auide

204 3023 334 3080 Saturno
348 3027 499 3098 invenire,
527 3028 670 3102 quomodo
698 3038 727 3086 et
752 3029 829 3088 lovis
855 3040 938 3104 poter
964 3042 1042 3088 esset
1056 3043 1086 3089 et
1101 3037 1247 3111 regnanti

205 3107 338 3164 subditus
353 3108 448 3164 foetus
463 3119 555 3182 esset,
583 3120 613 3166 et
627 3121 743 3170 caetera
755 3115 834 3169 tolia.

561 3275 684 3334 CAP.
728 3275 886 3336 XVlll.

275 3370 350 3434 Quae
360 3372 515 3425 credibilior
526 3390 609 3426 eausa
618 3373 668 3436 sit,
688 3390 740 3440 quc
752 3390 828 3424 error
836 3377 1011 3446 paganitatis
1021 3378 1170 3430 inoleverit.

264 3475 311 3533 De
324 3480 429 3554 quibus
445 3480 614 3536 credibilior
626 3478 759 3535 redditur
772 3484 865 3553 ratio,
892 3502 957 3538 cusu
981 3484 1172 3558 perhibentur
1187 3483 1242 3542 ho-

202 3563 296 3618 mines
311 3561 414 3633 luisse,
438 3571 468 3618 et
482 3563 641 3635 unicuique
654 3579 756 3618 eorum
770 3564 805 3620 ul)
819 3563 864 3620 his
880 3567 931 3640 qui
946 3585 995 3623 eos
1009 3568 1154 3624 adulando
1169 3568 1243 3626 deos

200 3661 265 3700 esse
279 3645 453 3715 voluerunt,
483 3661 521 3699 ex
535 3645 597 3700 eius
617 3644 753 3720 ingenio,
779 3647 924 3719 moribus,
950 3651 1078 3722 cotibus,
1106 3652 1244 3708 casibuss

202 3743 286 3781 sacra
300 3729 333 3781 ei
343 3729 478 3782 solennia
490 3727 668 3796 constitute,
695 3737 782 3801 utque
796 3727 868 3785 hoe'c
881 3733 1020 3804 paulatim
1045 3751 1099 3808 per
1125 3735 1243 3792 unitus-

201 3805 355 3863 hominum
369 3808 556 3864 doemonibus
571 3809 681 3863 similes
694 3819 726 3864 et
751 3811 928 3870 ludicrarum
941 3833 1038 3872 rerum
1052 3815 1151 3874 avidos
1167 3819 1243 3891 irre,
