2586 4396
233 218 276 277 DE
296 219 509 278 civitais:
533 221 610 279 DEI
636 223 717 280 ΗΒ.
743 223 831 284 XVL
971 233 1027 288 121

73 369 123 432 ceti
131 371 199 442 Eece,
210 373 291 448 inquit,
303 373 374 428 odor
380 371 446 443 fitis·
456 375 513 429 mei
525 383 666 450 tanquam
676 376 748 432 odor
761 379 933 455 agripleni,
946 401 1027 457 quera

69 457 189 516 benedicit
198 455 321 513 Dominus.
348 455 390 512 Et
402 457 452 514 det
464 455 520 513 riti
529 455 611 514 Deus
626 458 660 514 de
673 477 742 517 rore
755 460 841 531 coeli,
857 463 931 519 etde
944 464 1028 521 uber·

66 551 118 598 tote
128 549 221 610 terroe,
232 550 255 596 et
263 539 469 597 multitudinem
478 540 633 612 frameati
644 551 674 598 ct
686 543 763 600 cini:
788 553 818 600 et
830 547 962 602 serviam
976 547 1031 603 tihi

60 634 157 700 gentes,
171 633 194 679 et
204 623 305 680 odorent
317 632 347 680 te
353 624 525 701 principes,
543 634 573 682 et
576 622 642 695 fiee
655 625 786 682 dominae
792 626 915 698 fratria
928 630 983 697 tui,
999 639 1030 684 et

60 706 197 763 odorabunt
207 716 231 763 te
239 705 401 783 fib'ipotrie
413 708 467 762 tui.
500 705 560 777 Qut
571 707 759 766 maledixerit
772 719 816 781 te,
839 711 1013 768 maledictae
1020 730 1030 784 ,·

57 801 84 849 et
96 791 137 866 qai
145 789 295 846 benedicerit
305 799 344 858 te,
358 789 534 847 benedictus.
556 789 715 847 Benedicto
729 793 822 882 igitur
835 791 932 863 Iacob,
945 812 1029 869 prae·

56 873 144 929 dicatio
156 871 243 928 Christi
255 875 335 929 estin
351 873 484 929 omnibus
501 873 645 952 gentibus.
685 873 753 933 ¹Hoc
772 875 820 949 fit,
842 875 898 935 hoc
914 879 1028 955 agitur:

56 957 105 1012 hex
116 965 143 1012 et
152 954 280 1030 Prophetis
289 966 332 1012 est
339 953 395 1033 [in]
403 955 496 1013 Isaac:
511 960 598 1014 etiam
608 977 660 1033 per
674 977 706 1015 os
718 957 890 1018 ludaeorum
900 959 1029 1019 Christus

56 1043 79 1096 rb
91 1042 136 1095 iila
148 1040 299 1096 benedicitur
310 1043 390 1098 velut
402 1059 420 1097 a
434 1042 594 1114 nesciente,
609 1044 676 1117 quia
688 1045 751 1118 ipsa
762 1047 901 1102 nescitur.
933 1045 1030 1103 Odore

55 1125 157 1181 nominis
170 1122 274 1194 Christi,
286 1126 363 1181 sieut
375 1143 456 1204 ager,
468 1124 593 1182 mundus
606 1127 755 1202 impletur:
778 1129 839 1184 eius
853 1137 899 1186 est
910 1128 1029 1186 bencdi-

58 1211 95 1264 tio
108 1208 139 1263 de
150 1225 208 1263 rore
220 1209 294 1279 coeli,
314 1206 370 1265 hoc
390 1217 444 1279 cst,
467 1208 503 1264 de
516 1209 671 1266 verborum
683 1211 781 1286 pluvia
793 1209 974 1285 diuinorum3
1000 1222 1030 1268 et

58 1313 72 1348 e
86 1293 203 1348 ubertate
214 1301 309 1364 terrae,
327 1289 382 1348 hoc
396 1299 450 1365 est,
468 1291 504 1350 de
516 1295 745 1372 congregatione
757 1296 942 1370 populorum:
968 1297 1029 1352 eius

56 1387 81 1432 st
91 1375 227 1432 multitudo
238 1375 370 1432 frumenti
383 1378 497 1449 etvini,
516 1374 571 1433 hoc
586 1386 641 1449 est,
654 1376 809 1436 multitudo
822 1397 907 1454 quam
919 1380 1031 1458 colligit

54 1469 192 1515 umectum
205 1468 231 1516 et
241 1461 336 1517 sinum
355 1460 387 1517 in
405 1469 586 1517 sacramento
601 1462 729 1536 corporis
744 1471 774 1520 et
786 1463 939 1542 sanguinis
957 1464 1030 1520 eius.

54 1547 64 1600 i
76 1545 198 1600 seruiunt
209 1553 317 1622 gentes,
332 1545 425 1618 ipsum
438 1541 561 1600 adorant
571 1545 726 1621 principes.
762 1545 827 1622 lpse
840 1554 885 1602 est
897 1544 1029 1604 dominns

54 1629 184 1699 acrisoni,
197 1629 258 1703 quia
269 1629 388 1703 populus
401 1630 462 1684 eins
476 1627 641 1685 dominetur
654 1626 777 1686 ludaeis.
798 1629 895 1705 Ipsum
908 1629 1031 1688 adorant

54 1714 74 1768 ii
84 1713 171 1786 patris
185 1713 256 1782 cius,
278 1709 330 1767 hoc
344 1720 398 1784 est,
411 1711 466 1767 filii
477 1711 608 1769 Abrahae
621 1713 779 1770 secundum
791 1713 896 1771 fidem:
922 1715 988 1789 quia
1001 1724 1030 1770 et

54 1816 77 1852 se
88 1795 162 1851 hiius
176 1805 219 1851 cst
229 1792 357 1852 Abrahae
370 1795 530 1853 secundum
542 1815 667 1854 carnem.
698 1795 794 1873 Ipsum
810 1799 859 1874 qui
871 1797 1029 1854 maledixe-

54 1878 255 1952 ,maiedictus3
279 1888 308 1935 et
321 1881 371 1956 qui
383 1879 582 1952 benedixerit,
605 1880 774 1938 benedictus
789 1891 842 1938 est.
886 1879 1029 1954 Christus,

53 1982 142 2040 (uam,
169 1971 267 2019 noster
281 1964 368 2020 etiam
382 1983 419 2020 ex
433 1983 484 2020 ore
500 1963 685 2037 ludaeorum,
710 1967 840 2041 quamvis
858 1967 1029 2034 errantium,

53 2099 54 2102 ,
68 2058 164 2104 tamen
177 2046 284 2125 Legem
297 2045 511 2123 Prophetesqnc
525 2049 706 2104 cantantium
719 2047 912 2118 benedicitur,
931 2047 962 2102 id
975 2057 1030 2118 est,

52 2133 145 2188 aciter
157 2129 282 2203 dicitur3
306 2139 334 2186 et
348 2132 421 2187 alius
435 2130 569 2186 benedici
581 2139 714 2206 putatur,
734 2132 785 2205 qui
798 2131 833 2186 ab
848 2133 890 2186 eis
905 2132 1029 2186 erranti-

66 2223 264 2289 exspectatur.
286 2214 363 2270 Ecce
375 2213 609 2271 benedictionem
621 2214 794 2288 promissam
806 2221 955 2288 repetente
967 2230 1029 2268 ma·

52 2321 67 2370 e,
85 2300 257 2374 expavescit
270 2295 369 2369 Isaac,
394 2307 424 2354 et
436 2299 526 2354 alium
538 2298 662 2373 proelio
677 2315 709 2353 se
721 2295 907 2354 benedixisse
919 2314 1029 2374 cogno-

52 2403 75 2439 ιε
90 2385 230 2454 miratur,
245 2383 421 2459 ecquisnam
435 2382 484 2438 illc
498 2383 547 2453 sit,
570 2389 792 2456 percunctatur:
819 2399 874 2437 nec
887 2391 985 2437 tansen
998 2398 1030 2436 se

53 2475 140 2542 ptum
155 2485 235 2539 esse,
265 2467 470 2542 conqueritur,
497 2467 554 2521 inno
571 2464 726 2521 confestim
738 2466 867 2520 revelato
881 2464 937 2520 eibi
949 2465 1030 2519 intus

52 2551 117 2606 ›rde
138 2567 257 2629 magno
277 2557 459 2606 sacramento
480 2548 589 2604 devitet
604 2546 853 2624 indignationem,
880 2545 1032 2603 confirmet

52 2634 238 2691 dictionem.
280 2631 355 2703 Quis
368 2651 455 2709 ergo,
479 2633 590 2707 inquit,
612 2640 738 2688 cenatus
757 2640 803 2687 eet
815 2627 887 2685 mibi
897 2629 1030 2687 cenatio-

72 2729 106 2776 et
122 2717 240 2775 intulit
253 2715 343 2786 mibi,
368 2725 397 2774 et
409 2715 586 2774 manducavi
597 2713 633 2770 oh
648 2713 793 2783 omnibus,
816 2722 887 2769 cate
899 2729 984 2790 quom
998 2721 1031 2768 trs

55 2819 100 2873 ee,
118 2811 153 2860 et
166 2801 319 2860 benedict
331 2817 403 2869 eam,
418 2809 448 2857 et
459 2801 501 2856 eit
514 2793 700 2858 benedictus?
723 2796 795 2863 Quis
809 2813 868 2852 non
881 2795 929 2854 hic
941 2796 1030 2851 mele·

53 2903 137 2941 rnem
151 2886 267 2960 potius
282 2891 467 2959 exspectaret
477 2883 556 2953 irati,
572 2883 598 2936 si
610 2879 681 2937 haec
693 2899 755 2938 non
768 2899 893 2956 superna
906 2881 1030 2954 inspira·

72 2970 135 3025 sed
151 2977 289 3026 terreno
302 2986 383 3024 moro
396 2959 590 3048 gererentnri
615 2963 703 3022 Ores
716 2974 827 3044 gestas,
845 2964 896 3021 sed
907 2961 1030 3040 prophe-

54 3063 167 3123 estas;
190 3053 229 3108 in
246 3061 341 3123 terra,
362 3051 413 3108 sed
426 3053 565 3123 coelitue3
590 3067 642 3123 pcr
654 3047 797 3120 homines,
811 3047 862 3106 sed
875 3042 1029 3106 divinitus!

54 3138 227 3193 eutiantur
252 3137 375 3214 singula
393 3136 483 3192 tantis
501 3132 644 3190 foecunda
661 3135 827 3210 mysteriis,
853 3134 943 3189 nsults
962 3139 1032 3187 sunt
1113 3175 1117 3182 .

54 3221 109 3277 ida
127 3221 324 3276 volumina:
350 3218 401 3273 sed
412 3217 480 3274 huic
494 3216 584 3290 Operi
601 3215 704 3273 modus
722 3215 867 3273 moderate
881 3217 1030 3289 imponen-

54 3324 72 3360 s
90 3305 132 3360 in
150 3305 224 3360 alia
241 3303 390 3360 festinare
404 3302 558 3377 compellit.

318 3423 439 3527 cnm
483 3464 717 3525 xxxvus

53 3585 80 3619 ro
95 3567 207 3620 Iacob
221 3567 260 3620 ἐπ
272 3566 495 3636 Mesopotamiam
505 3568 542 3618 ad
550 3563 733 3634 accipiendam
743 3574 863 3620 uxorem,
879 3565 905 3608 et
916 3556 946 3606 de
956 3553 1033 3607 cisio·

52 3679 53 3683 η
74 3654 188 3706 quam
201 3637 244 3691 θη
256 3637 361 3690 itinere
371 3635 527 3700 somniarit,
541 3644 569 3688 et
578 3636 610 3686 de
620 3641 737 3702 quatuor
747 3625 957 3700 ipsiassemins's,

316 3723 376 3760 cam
392 3722 473 3766 anone
484 3705 598 3774 petisset
609 3719 727 3756 uxorem.

54 3818 161 3873 titur
182 3815 295 3873 [acob
310 3814 509 3889 aparentibus
528 3815 561 3869 in
574 3811 825 3886 Mesopotamiam,
848 3815 882 3863 nt
893 3805 933 3863 ibi
947 3805 1034 3862 ducet

61 3941 70 3956 .
91 3900 233 3957 Patris
251 3901 403 3958 mittentis
416 3897 487 3956 baec
500 3897 589 3955 verba
602 3904 682 3952 sunt:
700 3892 764 3952 Non
775 3893 903 3970 occmiea
917 3905 1033 3948 oaorem
