2586 4396
257 195 319 256 DE
343 193 561 255 ClVlTATE
584 193 665 254 Dlil
691 195 771 257 [ΑΒ.
793 198 847 260 Vl.
1015 203 1075 266 tut

42 356 150 423 Prema,
180 359 218 408 nt
229 350 364 421 subacta,
390 367 427 405 ne
440 365 472 404 se
487 359 679 425 commoveat,
694 353 919 429 comprimatur3
938 353 992 414 dea
1003 355 1076 416 Par·

42 439 127 497 tanda
140 437 187 494 ibi
199 433 272 511 qnid
284 429 376 490 faciti
400 431 574 506 Erubescat,
588 442 637 490 cat
648 433 745 493 foras:
771 446 842 515 agat
854 439 963 515 aliquid
975 447 1006 498 et
1014 459 1076 498 ιιι-

41 527 119 582 ιὶιιι.
133 518 234 577 Valde
247 517 505 588 inhonestumest,
518 527 553 574 ut
566 517 642 594 quod
652 529 776 578 vocatur
788 521 849 593 illa,
863 523 983 596 impleat
995 526 1077 601 quis·

41 627 122 684 quam
136 605 202 662 nisi
215 605 277 658 ille.
314 600 376 659 Sed
388 601 465 658 forte
477 599 544 658 ideo
558 603 712 676 toleratur,
731 605 800 680 quia
812 604 866 661 dea
879 604 988 663 dicitnr
1000 625 1075 678 csse,

39 712 94 749 non
108 689 196 746 deus.
223 686 301 744 Nam
314 687 341 742 si
352 686 499 742 masculus
517 684 703 761 crederetur,
730 695 760 744 ct
771 686 939 748 Pertundas
952 709 1076 748 vocare·

38 787 98 846 tur,
115 773 227 829 'maius
248 781 353 828 contra
370 787 436 826 eum
452 787 506 844 pro
525 772 629 828 uxoris
647 771 789 845 pudicitia
805 783 941 847 posceret
953 776 1076 832 maritus

37 861 193 927 auxilium,
222 873 310 931 quam
322 854 403 912 foeta
422 863 524 912 eontra
537 851 698 913 Silvanum.
733 853 793 914 Sed
813 855 881 934 quid
900 857 955 914 hoc
970 857 1076 929 dicam,

38 963 101 999 cum
113 942 157 998 ibi
174 941 217 996 sit
231 947 263 995 et
274 938 398 1014 Priapus
412 939 520 996 nimius
532 942 694 1012 masculus,
722 957 810 1017 super
823 943 908 999 cuius
925 942 1076 1000 ἰιιιιιιιίι·

38 1030 141 1083 simum
160 1033 193 1080 et
219 1025 425 1097 turpissimum
438 1023 582 1080 fascinum
601 1023 703 1080 sedere
722 1043 800 1082 nora
818 1036 910 1100 nupta
928 1027 1075 1098 iubeatur,

37 1129 115 1168 more
127 1108 345 1166 honestissimo
359 1117 390 1163 et
400 1108 628 1186 religiosissimo
641 1105 859 1166 matronaruml

96 1194 181 1250 Eant
192 1189 303 1264 adhuc,
317 1200 348 1248 ct
361 1192 476 1248 civilem
488 1189 669 1271 theologiam
678 1211 696 1249 a
704 1191 853 1270 theologia
865 1193 1013 1265 fabulosa,
1026 1211 1079 1250 ur·

37 1280 85 1335 bes
98 1296 115 1334 a
127 1277 270 1348 theatris,
296 1277 406 1350 templa
418 1295 435 1334 a
447 1278 561 1348 scenis,
588 1293 674 1333 sacra
685 1276 857 1350 pontificum
870 1294 888 1332 a
902 1277 1079 1333 carminibus

38 1373 202 1438 poetarum,
230 1361 316 1417 velut
327 1377 377 1415 res
389 1358 529 1418 honestas
542 1379 561 1418 a
573 1361 723 1435 turpibus,
750 1377 871 1418 veraces
883 1376 901 1416 a
915 1359 1080 1430 fallacibus,

39 1464 145 1524 graves
158 1445 314 1518 oleribus,
329 1444 422 1502 serias
431 1463 448 1502 a
457 1443 592 1516 ludicris,
605 1442 783 1519 appetendas
794 1461 812 1500 a
822 1443 1008 1519 respuendis,
1022 1461 1080 1519 qua

37 1539 163 1606 possunt
176 1531 265 1606 quasi
279 1537 426 1586 conentur
437 1528 599 1586 subtilitate
610 1527 790 1586 discernere.
804 1526 1000 1607 lntelligimus
1010 1526 1081 1604 quid

39 1624 141 1693 agant:
168 1617 254 1670 illam
266 1612 440 1670 theatricam
454 1621 483 1668 ιι
496 1611 658 1670 fabulosam
676 1611 855 1692 theologiam
873 1613 908 1670 ab
928 1614 986 1669 ista
999 1613 1081 1670 civili

38 1699 165 1774 pendere
179 1705 348 1769 noverunt,
376 1705 406 1752 ct
419 1699 448 1753 ei
460 1695 496 1752 dc
516 1697 695 1754 carminibus
713 1707 867 1772 poctarum
884 1706 1025 1772 tanquam
1044 1694 1080 1752 de

40 1785 157 1857 speculo
171 1783 338 1853 resultare;
352 1790 383 1836 ct
392 1779 457 1838 idco
468 1781 528 1837 ista
541 1783 686 1858 exposita,
701 1799 788 1858 quam
801 1781 939 1838 damnare
951 1798 1013 1837 non
1026 1797 1080 1836 au-

40 1866 115 1938 dent,
128 1868 216 1922 illam
231 1867 296 1922 cius
311 1866 472 1942 imaginem
484 1866 608 1932 liberius
620 1875 752 1945 arguunt
763 1875 793 1923 et
802 1864 1034 1942 reprehendunt,
1047 1871 1082 1920 nt

40 1953 84 2026 qui
96 1958 272 2030 agnoscunt
285 1947 357 2024 qnid
368 1950 472 2019 velint,
486 1957 517 2004 et
527 1947 603 2006 hanc
617 1952 712 2024 ipsam
724 1951 831 2008 faciem
844 1952 929 2007 cuius
943 1950 994 2004 illa
1007 1949 1080 2004 ima-

39 2054 72 2112 go
87 2045 144 2106 est,
160 2032 368 2104 detestentur3
382 2050 469 2106 quam
479 2040 578 2090 tamen
589 2033 631 2090 dii
639 2035 697 2110 ipsi
709 2044 848 2111 tanquam
858 2035 890 2090 in
902 2032 1004 2091 eodem
1014 2049 1081 2106 spe-

41 2122 102 2175 culo
116 2138 149 2175 se
164 2119 323 2173 intuentes
337 2117 380 2172 ita
393 2113 532 2194 diligunt,
553 2119 650 2194 utqui
664 2120 821 2194 qualesque
836 2118 942 2174 sintin
955 2123 1080 2190 utraque

40 2206 140 2260 melius
153 2200 331 2260 rideantur.
366 2198 450 2256 Vnde
465 2201 554 2256 etiam
567 2204 696 2258 cultores
710 2219 781 2258 snos
794 2201 974 2258 terribilibus
989 2199 1079 2274 impe-

40 2291 88 2344 riis
115 2287 350 2362 compulerunt,
376 2293 412 2340 ut
434 2283 650 2342 immunditiam
668 2284 837 2364 theologiae
854 2285 1006 2342 fabulosae
1024 2283 1080 2340 sibi

42 2373 182 2445 dicarent,
210 2372 245 2427 in
259 2371 323 2426 suis
337 2368 563 2425 solennitatibus
578 2379 735 2444 ponerent,
760 2370 792 2426 in
806 2369 892 2426 rebus
906 2367 1015 2426 divinis
1028 2366 1079 2422 ha-

41 2457 157 2529 berent3
183 2463 275 2530 atquc
289 2455 333 2509 ita
347 2461 422 2508 etse
441 2453 521 2526 ipsos
541 2453 790 2510 immundissimos
813 2453 933 2528 spiritus
956 2451 1081 2506 manife-

42 2542 111 2597 stius
126 2559 194 2596 esse
207 2539 395 2609 docuerunt,
410 2546 439 2593 ct
451 2534 538 2593 huius
552 2537 682 2592 urbanae
695 2536 865 2613 theologiae
875 2536 957 2590 velut
972 2536 1081 2588 electae

44 2633 73 2678 ιι
84 2625 223 2698 probatae
236 2624 319 2678 illam
330 2618 513 2691 theatricam,
526 2620 670 2675 abiectam
681 2629 770 2695 atque
784 2617 978 2692 reprobatam,
991 2634 1081 2672 mern-

44 2707 130 2762 brum
141 2716 315 2782 partemque
329 2704 480 2776 fecerunt3
495 2712 529 2760 ut
543 2721 610 2759 curn
624 2704 664 2758 sit
676 2705 816 2760 universa
829 2702 925 2776 turpis
938 2709 969 2755 et
981 2699 1081 2772 fallax,

45 2798 135 2865 atque
147 2793 178 2847 in
190 2811 221 2848 sc
237 2791 393 2848 contineat
406 2788 624 2846 commentitios
639 2785 725 2860 deos,
753 2804 813 2844 una
830 2801 899 2860 pers
919 2785 983 2840 eius
997 2784 1037 2839 sit
1052 2785 1082 2840 in

46 2875 138 2932 literis
151 2875 356 2947 sacerdotum,
382 2875 475 2930 altera
488 2875 520 2929 in
535 2871 711 2929 carminibus
725 2879 887 2949 poetarum.
914 2868 1019 2926 Vtrum
1031 2865 1083 2924 ha-

44 2959 109 3016 beat
121 2970 151 3017 et
164 2963 239 3017 alias
253 2968 367 3034 partes,
381 2959 438 3014 alia
451 2958 586 3033 quaestio
601 2965 659 3013 est:
682 2975 763 3014 nunc
775 2964 895 3032 propter
908 2955 1084 3012 divisionem

42 3041 201 3117 Varronis,
230 3054 260 3101 et
277 3044 421 3100 urbanam
436 3051 465 3096 et
478 3039 651 3098 theatricam
663 3039 843 3119 theologiam
856 3038 893 3095 ad
907 3057 997 3096 unam
1010 3037 1083 3094 ciri-

40 3128 95 3184 lem
107 3131 274 3204 pertinere,
288 3128 373 3199 satis,
387 3135 420 3182 ιι
432 3126 548 3200 opinor,
563 3124 688 3181 ostendi,
703 3124 798 3198 Vnde,
819 3125 888 3200 quia
900 3131 972 3178 sunt
984 3121 1085 3177 ambae

41 3213 145 3268 similis
158 3211 370 3288 turpitudinis,
384 3209 585 3282 absurditatis,
600 3209 800 3288 indignitatis,
815 3208 964 3279 falsitatis,
978 3205 1055 3262 absit
1067 3222 1085 3259 a

40 3297 110 3353 viris
124 3297 292 3375 religiosis,
306 3303 341 3350 ut
354 3296 417 3351 sive
431 3294 465 3350 ab
478 3291 544 3365 huc,
558 3295 621 3351 siue
630 3295 665 3350 ab
675 3296 726 3350 illa
735 3295 797 3350 vita
809 3299 945 3365 speretur
954 3297 1083 3346 aeterna.

122 3381 265 3456 Denique
284 3389 315 3436 ct
336 3381 400 3452 ipse
413 3377 506 3434 Varro
528 3395 756 3434 commemorare
775 3385 805 3432 ct
823 3391 995 3431 enumcrare
1014 3370 1084 3424 dcos

39 3467 138 3540 coepit
150 3483 169 3522 a
184 3465 385 3540 conceptione
399 3461 538 3533 hominis,
563 3480 688 3537 quorum
702 3477 858 3519 numerum
871 3473 997 3512 exorsum
1010 3459 1055 3507 ιιι
1068 3469 1086 3504 a

38 3545 125 3620 lano;
140 3567 267 3624 eamque
280 3549 388 3604 scriem
401 3545 540 3622 perduxit
552 3563 644 3621 usque
658 3545 696 3600 ad
709 3543 851 3616 decrepiti
864 3537 992 3596 hortinis
1005 3551 1085 3590 mor-

37 3643 110 3704 tem,
123 3643 154 3690 et
169 3633 241 3690 deos
256 3631 295 3688 ad
309 3633 405 3706 ipsum
418 3628 566 3686 hominem
578 3630 761 3704 pertinentes
776 3623 882 3681 clausit
895 3620 932 3677 ad
942 3618 1086 3674 Naeuium

37 3714 134 3788 deam,
160 3735 236 3792 quae
250 3718 284 3771 in
297 3715 453 3770 funeribus
472 3731 576 3770 senum
595 3719 746 3768 cantatur:
773 3705 879 3762 deinde
897 3703 995 3775 coepit
1013 3701 1084 3758 deos

37 3799 307 3870 aliosostcndere,
329 3800 381 3872 qui
393 3797 588 3871 pertinerent,
616 3813 677 3851 non
691 3793 729 3850 ad
742 3793 839 3869 ipsum
849 3785 1014 3858 hominem,
1034 3785 1085 3842 sed

39 3881 126 3941 adea
140 3903 217 3962 quac
232 3880 458 3954 sunthominis,
487 3881 574 3938 sicuti
589 3878 754 3950 astrictus,
784 3873 924 3946 vestitus,
954 3879 983 3928 et
996 3887 1084 3948 quae-
