2576 4396
226 195 288 254 284
455 187 556 248 DlVl
576 183 765 245 AVRELll
785 181 1035 242 AVGVSTlNl

231 347 330 405 divino
343 348 574 418 usurpata‘sunt,
588 357 663 414 quoe
672 335 830 396 honoribus
846 335 1031 394 deferrentur
1040 335 1186 411 humanis,
1200 343 1259 400 sive

230 428 392 488 hnmilitate
406 426 507 496 nimia,
521 425 584 481 sive
596 422 762 480 adulatione
774 420 929 496 pestifera3
947 423 989 476 ita
1000 429 1098 477 tamen
1110 431 1144 478 ut
1159 424 1259 498 quibus

232 533 266 572 ea
278 512 473 581 deferrentur,
487 507 618 565 hominos
631 503 818 576 haberentur,
832 505 883 579 qui
896 503 1033 560 dicuntur
1043 504 1159 562 colendi
1170 516 1200 562 et
1209 527 1259 563 ve-

231 595 369 668 nerandi,
385 595 412 650 si
424 601 522 650 autem
536 592 578 646 eis
591 591 712 647 multum
725 588 859 664 additur,
885 597 914 645 et
931 587 1086 645 adorandi:
1113 590 1178 664 quis
1193 609 1259 647 vero

230 677 455 738 sacrificandum
469 675 595 745 censuit,
610 675 668 731 nisi
683 674 710 729 ei
723 692 808 749 quem
821 671 918 729 Deum
929 680 980 728 ant
992 673 1094 744 scivit,
1114 681 1165 728 aut
1176 683 1259 748 puta·

229 766 285 836 vit,
299 755 468 820 autfinxitl
494 761 588 827 Quam
610 775 698 833 porro
720 758 858 832 antiquus
881 757 921 812 sit
943 757 976 811 in
995 755 1187 812 sacrificando
1205 755 1260 812 Dei

229 851 335 919 cultus,
350 845 465 902 duoilli
478 844 582 900 fratres
596 841 669 899 Cain
682 841 711 898 et
723 841 796 898 Abel
809 841 880 896 satis
893 837 1040 910 indicant,
1054 857 1190 916 *quorum
1202 859 1259 898 ma·

231 931 303 988 ioris
317 929 398 990 Deus
412 928 579 1004 reprobavit
591 924 782 997 sacrificium,
795 925 919 985 minoris
932 923 1074 998 adspexit.

229 1192 273 1248 Dc
288 1174 433 1264 sacrificiis
447 1209 515 1262 quae
525 1189 601 1244 Deus
615 1207 668 1246 uon
684 1187 814 1260 requirit,
832 1189 880 1242 red
893 1189 931 1242 ad
938 1188 1162 1261 significationem
1172 1207 1262 1245 eorum

525 1261 662 1314 obseruari
670 1261 756 1313 coluit
764 1277 832 1330 quae
842 1260 968 1330 requirit.

296 1355 367 1420 Quis
381 1363 478 1410 autem
491 1354 533 1410 ita
547 1354 685 1428 desipiat,
708 1359 742 1408 ut
755 1352 917 1424 existimet,
939 1353 1082 1428 aliquibus
1094 1352 1192 1409 usibus
1205 1351 1263 1408 Dei

230 1457 294 1495 osse
308 1440 486 1510 necessaria,
506 1456 580 1513 quae
593 1439 625 1492 in
638 1435 793 1492 sacrificiis
807 1431 987 1493 offerunturi
1016 1434 1100 1503 Quod
1113 1438 1178 1492 edm
1189 1439 1261 1492 mul·

229 1525 268 1579 tis
281 1523 352 1578 locis
366 1521 466 1579 divino
479 1519 631 1595 Scriptura
645 1527 785 1590 testetur,
811 1537 849 1576 ne
862 1521 984 1598 longum
997 1519 1151 1592 faciamus,
1176 1519 1262 1576 breve

174 1647 175 1650 η
229 1605 301 1662 illud
314 1605 349 1661 dc
362 1605 477 1662 Psahno
493 1621 719 1661 commemorare
733 1598 897 1661 suffecerit:
924 1601 1002 1662 Diei
1013 1601 1157 1674 Domino,
1182 1602 1261 1661 Deus

229 1705 309 1747 meus
336 1684 366 1748 ea
385 1701 435 1764 tu,·
467 1689 602 1766 quoniam
628 1686 767 1744 horrorum
792 1705 920 1744 meorum
945 1705 1002 1744 uon
1027 1705 1105 1764 egeo.
1131 1685 1198 1744 Non
1217 1705 1261 1743 so-

169 1781 178 1796 *
229 1774 291 1830 lum
303 1775 395 1852 igitur
408 1790 530 1847 pecore,
555 1772 604 1827 vel
616 1769 744 1846 qualibet
766 1771 824 1826 alio
845 1789 879 1827 re
898 1772 1083 1846 corruptibili
1100 1780 1186 1846 atque
1205 1781 1261 1827 ter-

229 1875 312 1928 rena,
327 1857 377 1913 sed
391 1876 429 1912 ne
442 1857 505 1930 ipsa
518 1853 633 1930 quidem
646 1854 760 1911 iustitia
772 1853 899 1914 hominis
911 1854 992 1912 Deus
1005 1874 1092 1933 egere
1105 1854 1261 1910 credendus

231 1949 291 2012 est,
309 1949 459 2014 totumque
474 1938 550 2012 quod
563 1947 645 1994 recte
658 1939 764 1994 colitur
777 1936 876 2010 Dens,
901 1937 1012 1996 homini
1024 1937 1179 2012 prodesse,
1206 1957 1262 1996 non

230 2021 304 2081 Deo.
331 2023 433 2098 Neque
447 2024 526 2078 eninr
539 2020 615 2078 fonti
628 2041 660 2077 se
674 2023 826 2097 quisquam
840 2021 949 2079 dixerit
960 2022 1121 2096 profuisse,
1147 2023 1173 2078 si
1184 2021 1262 2078 bibe-

229 2109 286 2179 rit3
300 2116 350 2163 ant
362 2108 430 2178 luei,
444 2107 472 2162 si
483 2105 600 2163 viderit.
635 2105 698 2162 Nec
712 2104 789 2182 quod
801 2105 836 2163 ab
850 2108 979 2183 antiquis
993 2105 1124 2182 patribus
1137 2107 1206 2162 talia
1218 2124 1262 2161 sa·

231 2190 343 2248 crificia
356 2190 433 2246 lacta
447 2191 561 2246 suntin
576 2191 704 2246 victimis
716 2207 871 2265 pecorum,
892 2209 967 2266 qnae
981 2209 1060 2248 nunc
1073 2188 1132 2246 Dei
1144 2191 1262 2265 populus

230 2275 314 2352 legit,
329 2291 390 2330 non
403 2273 484 2346 facit,
499 2273 579 2330 aliud
592 2273 816 2351 intelligendum
830 2282 890 2345 est,
909 2275 969 2330 nisi
981 2275 1068 2332 rebus
1082 2275 1141 2330 illis
1156 2291 1205 2329 eas
1218 2293 1274 2330 res

229 2358 322 2414 fuisse
336 2357 526 2436 significatas,
553 2376 626 2432 qnae
640 2365 772 2436 aguntur
784 2359 816 2412 in
830 2358 925 2428 nobis,
951 2356 1054 2414 adhoc
1067 2355 1262 2414 utinhaerea-

226 2459 293 2498 mus
304 2439 379 2513 Deo,
394 2451 424 2498 et
437 2442 474 2498 ad
487 2442 613 2498 cundem
625 2441 715 2497 finem
727 2441 861 2516 proximo
876 2443 1069 2498 consulamus.
1083 2437 1263 2498 Sacrificium

230 2533 301 2604 eigo
314 2526 430 2583 visibile
444 2525 602 2583 invisibilis
617 2523 755 2582 sacrificii
769 2533 1001 2596 sacramentum,
1028 2525 1127 2596 idest,
1152 2543 1263 2582 socrum

229 2611 347 2688 signum
360 2619 414 2666 est.
437 2608 520 2665 Vnde
533 2611 583 2667 ille
596 2611 752 2685 poenitens
766 2607 843 2682 apud
855 2607 1044 2684 Prophetom,
1058 2609 1106 2665 vel
1118 2609 1181 2682 ipse
1194 2607 1263 2664 Pro-

227 2691 315 2771 pheta
329 2711 472 2770 quaerens
486 2693 584 2750 Deum
603 2694 732 2768 peccatis
758 2694 820 2748 suis
838 2690 946 2749 hebere
969 2693 1138 2767 propitium:
1165 2690 1202 2750 Si
1217 2711 1264 2749 eo-

229 2778 345 2847 lue‘esee,
357 2779 463 2851 inquit,
475 2776 667 2848 sacrificium,
681 2777 826 2834 dediosem
837 2778 947 2854 utique,
956 2775 1135 2834 holocaustis
1145 2795 1203 2832 nors
1216 2777 1264 2833 dc-

230 2860 396 2920 lectaberis.
423 2856 691 2930 sacrficium-Deo
705 2861 833 2937 spiritus
847 2860 1074 2931 contribulatus,
1088 2879 1139 2916 cor
1154 2861 1265 2918 contri-

230 2952 292 2998 tum
305 2952 335 2999 et
347 2940 532 2998 humiliatum
548 2939 631 3000 Deus
650 2961 707 3000 uon
727 2955 857 3022 eperuet.
884 2942 1054 3002 Intueomur
1079 2943 1264 3019 quemadmo-

231 3024 299 3080 dum
310 3024 360 3080 nbi
373 3024 469 3082 Deum
482 3023 558 3080 dixit
570 3027 648 3083 nolle
667 3027 859 3098 sacrificinm,
885 3026 926 3083 ibi
940 3027 1035 3085 Deum
1048 3027 1176 3085 ostendit
1187 3028 1265 3084 velle

230 3107 416 3164 sacrificium.
444 3107 511 3165 Non
529 3111 596 3171 vult
614 3129 685 3189 ergo
703 3111 881 3170 sacrificium
899 3112 1038 3168 trucidati
1057 3113 1188 3186 pecoris,
1216 3109 1274 3166 sed,

230 3194 296 3250 vult
308 3191 485 3249 sacrificium
499 3195 619 3251 contriti
630 3194 738 3251 cordis.
752 3193 805 3250 lllo
819 3195 912 3272 igitur
924 3194 1001 3269 quod
1014 3213 1080 3252 eum
1092 3197 1170 3252 nolle
1185 3195 1265 3266 dicit,

231 3274 285 3333 hoc
299 3275 483 3356 significatur
496 3277 572 3353 qnod
586 3297 651 3336 eum
663 3280 739 3337 selle
752 3278 884 3334 subiecit.
921 3277 972 3336 Sic
990 3280 1088 3355 itaque
1107 3279 1159 3336 illa
1172 3277 1266 3335 Deum

230 3361 309 3416 nollo
323 3360 408 3432 dixit,
423 3362 565 3436 quomodo
578 3363 725 3420 abstultis
738 3380 773 3418 ea
784 3364 860 3419 velle
871 3362 1009 3435 creditur,
1022 3362 1104 3419 velut
1116 3379 1191 3418 snae
1201 3381 1266 3440 gre·

230 3445 273 3500 tia
286 3446 455 3521 voluptatis.
475 3444 551 3502 Nem
563 3447 589 3502 si
600 3466 635 3504 ea
648 3445 791 3502 sacrificia
801 3465 876 3522 quae
885 3449 957 3518 vult,
972 3463 1096 3521 quorum
1105 3445 1163 3502 hoc
1176 3465 1266 3503 unum

231 3524 1274 3607 est,corcontritumethumiliatnmdolorepoenitendi,nolleteia[sibi]

231 3613 384 3668 sacrificiis
398 3613 571 3690 significari,
585 3631 661 3688 quae
673 3616 755 3670 velut
767 3613 823 3670 sibi
835 3612 1018 3671 delectabilia
1031 3614 1203 3670 desiderare
1215 3631 1264 3690 pu-

230 3703 310 3751 tatus
322 3705 378 3766 est,
392 3713 452 3753 non
461 3697 562 3770 utiquc
576 3697 612 3752 de
624 3695 670 3753 his
684 3694 840 3754 offerendis
852 3697 884 3753 in
897 3695 978 3778 Lege
991 3699 1086 3755 veteri
1097 3699 1266 3774 praecepis-

234 3786 284 3833 set.
307 3777 346 3834 Et
358 3777 423 3836 idco
435 3779 574 3836 mutanda
587 3790 672 3836 erant
684 3791 845 3857 opportuno
857 3791 995 3858 certoque
1004 3783 1063 3838 iam
1072 3789 1218 3857 tempore,
1231 3799 1267 3838 ne

232 3859 289 3934 ipsi
301 3858 366 3920 Deo
380 3860 601 3938 desiderabilia,
628 3866 675 3922 rel
688 3874 767 3922 certe
785 3866 817 3922 in
830 3865 915 3923 nobis
929 3865 1133 3942 acceptabilia,
1161 3886 1197 3924 ac
1209 3873 1274 3923 non
