2592 4396
246 201 307 260 DE
336 201 874 272 c1v1TnTEnE1L1nxrv.
1045 227 1082 281 21

36 355 191 426 versario,
206 355 257 430 qui
270 362 316 410 est
329 352 476 427 diabolus,
490 359 616 414 maxime
631 359 786 436 dominari,
804 367 895 421 sacris
910 370 1002 427 literis
1016 374 1084 431 edo-

36 447 146 497 cetur:
170 435 305 512 profecto
323 438 381 493 ista
398 447 442 494 est
454 457 563 519 magna
577 441 759 516 differentia,
787 465 843 521 qua
856 447 982 526 Civitas,
1007 458 1084 514 unde

35 522 205 597 loquimur,
218 529 341 596 utraque
354 519 547 597 discernitu13
568 545 627 584 una
640 529 753 584 scilicet
766 533 892 588 societas
905 535 1018 608 piorum
1031 538 1083 596 ho-

36 607 176 674 minum,
204 603 296 659 altera
312 604 483 679 impiorum,
510 607 627 686 singula
646 629 775 688 quaeque
795 632 860 670 curu
873 620 987 694 angelis
1001 620 1038 676 ad
1053 639 1084 677 se

35 686 272 763 pertinentibus,
287 688 319 743 in
333 688 437 762 quibus
450 695 612 764 praecessit
624 692 678 750 hac
692 713 774 751 amor
785 695 854 768 Dei,
867 695 921 755 hac
933 719 1015 759 amor
1028 707 1084 760 sui.

105 768 267 827 Manifesta
292 788 363 848 ergo
387 782 544 848 apertoque
567 786 703 850 peccato,
730 778 780 835 ubi
806 781 916 838 factum
943 787 1086 861 estquod

36 855 125 912 Deus
145 851 213 908 lieri
231 851 434 927 prohibuerat,
461 855 592 914 diabolus
609 857 757 918 bominem
775 881 835 920 uon
859 867 1000 940 cepisset,
1027 872 1086 926 nisi

34 941 100 995 iam
124 937 177 990 ille
202 935 258 990 sibi
280 937 338 1011 ipsi
360 938 476 1010 placere
498 941 650 1016 coepisset.
694 943 774 1001 Hine
788 949 867 1003 euim
884 957 914 1004 et
927 949 1085 1008 delectavit

34 1019 120 1096 quod
134 1017 319 1090 dictumest,
347 1017 446 1076 Eritis
460 1023 600 1081 sicatdir'.
645 1027 729 1091 Quod
752 1031 856 1085 melius
879 1049 943 1088 esse
964 1047 1085 1110 possent

34 1120 157 1159 sunrmo
178 1119 308 1177 veroque
331 1102 475 1179 principio
498 1104 679 1165 cohaerendo
706 1128 759 1183 per
785 1111 995 1187 obedientiam,
1024 1137 1085 1174 uon

35 1205 129 1242 suum
156 1185 214 1242 sibi
238 1185 408 1242 exsistendo
432 1188 607 1263 principium
633 1209 686 1264 per
711 1193 884 1267 superbiam.
928 1195 980 1252 Dii
1007 1202 1085 1256 enim

34 1271 154 1339 creati,
181 1287 242 1324 uon
256 1285 310 1324 sua
322 1269 449 1326 veritate
467 1267 620 1349 [virtute],
645 1274 696 1329 sed
709 1273 767 1330 Dei
781 1278 843 1332 veri
859 1279 1085 1353 participatione

35 1361 113 1410 sunt
125 1351 177 1408 dii.
203 1350 273 1407 Plus
287 1360 384 1407 autem
398 1349 508 1432 [bomo]
520 1355 695 1430 appetendo,
709 1359 804 1414 miuus
816 1369 875 1416 est:
890 1361 1017 1435 quidum
1029 1363 1086 1418 sibi

33 1435 179 1494 sufficere
200 1435 299 1513 diligit
320 1430 486 1514 [delegit],
513 1437 613 1496 abillo
628 1441 677 1516 qui
693 1442 803 1497 eivere
820 1441 942 1515 suffieit,
969 1443 1085 1506 deiecit.

32 1519 117 1578 lllud
130 1521 231 1593 itaque
245 1519 369 1590 malum,
395 1536 453 1594 quo
467 1538 532 1576 cunr
547 1523 603 1578 sibi
616 1521 702 1580 horno
715 1527 829 1598 placet,
854 1535 993 1601 tanquam
1004 1531 1044 1584 sit
1057 1539 1087 1584 et

33 1608 104 1679 ipse
115 1604 230 1672 lumen,
245 1603 391 1658 avertitur
400 1601 436 1658 ab
449 1621 484 1659 eo
497 1604 620 1679 lumine,
635 1606 712 1683 quod
726 1611 754 1664 ei
767 1611 793 1664 si
805 1611 920 1684 placeat
933 1619 963 1666 et
976 1612 1038 1686 ipse
1052 1611 1086 1668 fit

32 1691 161 1743 lumen:
188 1683 276 1756 illud,
302 1687 436 1761 iuquam,
462 1687 570 1744 malum
581 1693 743 1765 praecenit
755 1695 786 1749 in
800 1692 908 1765 abdito,
932 1703 966 1749 ut
980 1712 1084 1770 seque-

31 1781 125 1828 retur
143 1767 199 1824 hac
218 1770 326 1824 malum
344 1769 422 1844 quod
437 1779 635 1845 perpetratum
653 1784 699 1830 cst
715 1777 747 1832 in
763 1785 874 1852 aperto.
917 1775 1026 1834 Verum
1041 1788 1085 1834 est

32 1856 120 1911 enim
134 1851 214 1927 quad
228 1853 371 1927 seriptum
385 1861 444 1908 est:
471 1852 549 1911 Ante
562 1859 680 1914 ruinam
695 1859 851 1916 exaltatur
864 1879 933 1933 car,
961 1871 991 1918 et
1013 1871 1085 1918 ants

30 1937 172 2016 glorians
185 1934 371 1992 humiliatur.
413 1933 466 1992 llla
491 1955 610 2010 prorsus
637 1941 723 1996 ruina
748 1959 821 2016 quae
844 1941 879 1998 fit
901 1945 933 2000 in
957 1946 1084 2015 occulto,

31 2019 193 2098 praecedit
206 2019 323 2074 ruinam
335 2036 409 2092 quae
424 2018 458 2074 fit
470 2021 502 2076 in
515 2021 682 2094 manifesto,
700 2021 767 2079 dum
780 2026 831 2080 illa
843 2027 930 2082 ruina
944 2043 1009 2081 esse
1023 2044 1083 2080 non

31 2113 171 2181 putatur.
216 2102 287 2168 Quis
302 2101 381 2158 enim
394 2103 604 2158 exaltationem
617 2105 734 2160 ruinam
751 2113 848 2179 putat,
875 2125 941 2162 cum
962 2109 1020 2162 iarn
1042 2107 1084 2162 ibi

31 2192 75 2245 sit
89 2186 242 2256 delectus,
257 2202 314 2259 quo
328 2192 373 2240 est
386 2185 507 2240 relictus
522 2183 677 2241 excelsusi
692 2188 763 2253 Quis
777 2197 874 2244 autem
887 2191 1004 2246 ruinam
1019 2208 1082 2244 esse

31 2291 97 2329 nou
111 2268 232 2339 videat,
248 2267 363 2343 quaudo
377 2266 411 2323 fit
423 2265 553 2323 mandati
568 2269 688 2326 evidens
702 2278 791 2346 atquc
805 2270 969 2330 indubitata
983 2281 1082 2330 trans-

29 2348 178 2436 gressio'i
200 2350 324 2425 Propter
338 2349 393 2407 boc
407 2349 488 2408 Deus
502 2351 575 2408 illud
587 2351 752 2427 prohibuit,
767 2353 845 2429 quod
859 2373 925 2413 cum
939 2364 1017 2413 esset
1030 2355 1081 2412 ad-

28 2443 179 2508 missum,
194 2435 274 2492 nulla
288 2432 404 2490 delendi
416 2443 517 2508 posset
525 2435 738 2512 imaginatione
751 2438 891 2494 iustitiae.
934 2439 975 2495 Et
989 2435 1080 2514 [ideo]

29 2524 130 2580 audeo
144 2520 256 2590 dicere,
271 2517 402 2594 superbis
418 2534 482 2571 essa
496 2518 569 2571 utile
579 2517 683 2572 cadere
696 2520 728 2573 in
742 2519 860 2593 aliquod
873 2529 1006 2594 apertum
1019 2537 1080 2574 ma-

29 2607 239 2676 nifestumque
253 2611 420 2676 peccatum,
445 2597 523 2655 unde
537 2599 594 2655 sibi
607 2599 798 2674 displiceant,
812 2603 862 2676 qui
876 2603 934 2657 iam
948 2602 1005 2657 sibi
1017 2602 1080 2675 pla-

27 2687 131 2747 cendo
149 2684 324 2743 ceciderant.
347 2682 501 2742 Salubrius
516 2683 592 2738 enirn
603 2681 709 2738 Petrus
724 2683 780 2740 sibi
794 2682 950 2758 displicuit,
965 2683 1080 2759 quando

26 2774 137 2842 llerit,
153 2787 241 2845 quam
254 2767 310 2824 sibi
322 2767 448 2844 placuit,
470 2765 585 2842 quando
597 2768 782 2841 praesumsit.
827 2765 892 2824 Hoc
906 2767 977 2823 dicit
990 2774 1019 2822 et
1032 2785 1075 2822 sa·

28 2874 87 2914 cer
100 2853 253 2909 Psalmus:
280 2847 374 2930 Imple
385 2849 491 2922 faciet
505 2869 603 2907 eornm
619 2851 796 2927 ignominia,
823 2860 853 2908 et
872 2859 1016 2928 quaerent
1030 2869 1081 2907 no·

27 2959 102 2997 men
118 2947 218 3006 tesan,
236 2933 379 2992 Dareine:
405 2931 435 2989 id
449 2941 508 3004 est,
522 2942 554 2988 ut
566 2943 599 2990 tu
620 2935 662 2988 eis
676 2935 790 3008 placeas
805 2933 1011 3010 quaerentibus
1026 2952 1079 2990 no·-

22 3041 101 3081 meu
115 3030 221 3090 tcum,
236 3019 286 3094 qui
299 3018 355 3074 sibi
368 3019 543 3091 placuerunt
556 3017 721 3091 quaerendo
735 3037 828 3075 suum.

424 3167 547 3226 csP.
591 3166 698 3224 Xlll.

24 3269 70 3321 De
82 3263 220 3334 superbia
235 3263 473 3335 transgressionis,
492 3279 561 3332 qnae
575 3261 635 3330 ipsa
645 3261 710 3334 fait
724 3263 939 3332 transgressione
953 3264 1078 3316 deterior.

97 3353 164 3414 Sed
179 3361 225 3409 est
244 3354 327 3428 peior
342 3353 593 3426 damnabiliorque
612 3352 765 3425 superbia,
793 3369 850 3426 qua
864 3355 953 3408 ctiam
967 3354 998 3408 in
1011 3371 1079 3425 pec·

19 3441 108 3498 catis
137 3435 306 3494 manifestis
332 3433 489 3514 suffugium
516 3435 715 3490 excusationis
739 3433 913 3508 inquiritur:
940 3433 1017 3488 sicut
1037 3434 1080 3486 illi

18 3523 123 3601 primi
137 3519 295 3589 homiues,
322 3537 443 3594 quorum
457 3527 488 3573 et
499 3519 550 3572 illa
563 3516 654 3587 dixit,
680 3513 810 3594 Serpens
828 3516 947 3572 sedarit
966 3531 1025 3581 mc,
1051 3522 1081 3568 et

18 3603 237 3665 manducavi:
264 3602 314 3657 ille
327 3601 416 3672 dixit,
429 3599 540 3659 Mulier
553 3617 639 3676 qaam
653 3598 765 3656 dedisti
776 3615 901 3666 naccum,
922 3592 996 3652 baec
1009 3592 1082 3649 mibi

19 3689 119 3749 dedit
130 3703 153 3744 a
169 3683 269 3762 ligna,
283 3685 382 3742 stedi.
419 3683 571 3758 Nusquam
584 3680 631 3738 hic
646 3690 734 3736 sonat
745 3679 848 3754 petitio
861 3677 982 3749 veniae,
1009 3695 1078 3732 nus-

18 3788 125 3850 quam
154 3765 324 3842 imploratio
350 3765 521 3822 medicinae.
564 3762 641 3820 Nam
662 3765 731 3818 licet
752 3763 803 3818 isti
823 3779 883 3818 non
901 3761 978 3818 sicut
995 3757 1079 3831 Cain,

16 3849 363 3934 quodnamque,
390 3855 514 3928 negent3
540 3845 633 3904 adbuc
657 3855 755 3903 auten
776 3843 912 3921 superbia
935 3843 968 3902 iu
991 3843 1080 3902 elium
