2590 4396
225 215 282 273 DE
305 215 522 276 ClVl'l'A'l'E
544 217 623 276 DEI
644 219 725 277 LlB.
747 221 799 279 iv.
966 229 1024 284 125

45 366 108 420 lovem
126 385 185 422 cum
202 370 289 424 tantis
306 369 422 424 iniuriis
440 369 590 425 colendum
608 379 751 444 putarant.
794 371 852 429 lste
869 376 1028 434 alienarum

46 445 119 504 dicium
133 449 303 506 adulterator
322 467 458 521 uxorum,
476 452 533 506 iste
551 455 634 525 pueri
647 453 761 527 pulchri
774 456 936 528 impudicus
949 477 1027 516 asna·

44 537 71 583 tor
80 539 102 584 et
112 541 208 606 raptor.

358 681 479 738 CAP.
522 682 673 742 xxvi.

44 771 129 826 deludis
140 777 256 840 scenicis,
273 792 339 844 quos
352 776 404 828 sibs'
417 777 456 830 dii
468 777 598 829 celebrari
611 796 628 830 s
642 779 695 830 suis
710 779 855 833 cultoribus
872 794 1027 850 exegerunt.

83 863 153 934 „Sed
167 864 292 942 fingebat
308 863 381 919 baec
398 861 559 936 Homerus,
585 869 628 922 ait
649 865 779 939 Tullius,
802 879 832 925 et
850 870 974 927 humana
993 872 1030 929 ad

45 944 107 1012 „deos
120 947 315 1004 transferebat:
336 947 434 1005 divina
451 949 567 1004 mallem
580 949 617 1005 ad
628 952 718 1006 nos.“
760 950 865 1010 Merito
880 952 1029 1028 displicuit

44 1028 83 1082 siro
103 1031 190 1105 grati,
215 1030 382 1086 divinorum
409 1031 562 1086 criminum
584 1041 670 1105 pocta
688 1032 835 1091 confictor.
879 1033 939 1092 Cur
957 1055 1027 1113 ergo

44 1109 81 1164 ludi
91 1114 198 1182 scenici,
213 1113 263 1169 ubi
278 1111 353 1168 baec
365 1111 545 1185 dictitantur,
565 1117 754 1187 cantitantur,
771 1119 942 1188 actitantur,
960 1118 1028 1174 deo·

44 1208 83 1246 run
95 1192 234 1252 honoribus
254 1195 440 1264 exhibentur,
459 1197 537 1251 iuter
550 1215 597 1253 res
611 1197 725 1254 divinas
739 1216 756 1253 a
769 1198 946 1255 doctissimis
959 1217 1029 1255 con-

32 1275 180 1343 ,rcribuuturl
203 1277 261 1334 Hic
283 1279 425 1333 exclamet
443 1275 557 1350 Cicero,
575 1297 634 1335 non
652 1288 754 1335 contro
773 1280 912 1356 figmenta
929 1291 1028 1354 poeta·

43 1373 91 1428 rum,
110 1361 152 1416 sed
174 1369 275 1420 contra
301 1361 436 1416 instituta
452 1363 604 1417 maiorum.
647 1361 693 1416 An
709 1379 768 1416 non
786 1363 982 1417 exclamarent
1000 1372 1029 1418 et

43 1439 80 1509 illi,
96 1443 157 1508 Quid
171 1462 221 1500 nos
240 1439 386 1500 fecimusl
412 1441 471 1518 lpsi
489 1444 531 1498 dii
549 1446 606 1500 ista
623 1445 684 1500 suis
696 1442 854 1500 honoribus
868 1443 1029 1500 exbibenda

43 1520 212 1598 flagitaverunt,
240 1527 385 1583 atrociter
408 1527 601 1601 imperarunt,
630 1526 740 1583 cladem
761 1528 819 1582 nisi
840 1526 923 1582 lieret
944 1545 1028 1600 prae-

44 1607 178 1683 nuntiarunt,
204 1613 276 1686 quia
299 1610 463 1685 neglectum
486 1618 530 1666 est
548 1609 672 1686 aliquid,
697 1611 881 1666 severissime
896 1609 1027 1666 sindica·

44 1697 97 1760 runt3
114 1694 170 1765 quia
190 1693 219 1748 id
241 1691 323 1768 quod
344 1694 508 1766 neglectum
525 1692 622 1747 fuerat
640 1693 750 1748 factum
768 1703 826 1763 est,
850 1693 979 1766 placatos
997 1712 1028 1748 se

46 1785 83 1824 ose
106 1781 299 1834 monstrarunt.
341 1771 420 1828 luter
451 1789 551 1830 eorum
579 1784 819 1831 commemoratur
844 1777 968 1831 virtutes
999 1785 1028 1829 et

47 1854 135 1911 sananda
146 1857 217 1913 lacta
228 1855 310 1934 quod
323 1855 426 1912 dicam.
454 1854 523 1910 Tito
538 1855 655 1911 Latinio
668 1860 779 1914 rustico
793 1854 924 1912 Romano
936 1858 1027 1930 patri-

47 1932 131 1993 lmilias
147 1939 250 1996 dictum
270 1946 318 1994 est
334 1939 367 1993 in
380 1939 499 2010 somnis,
518 1940 549 1992 in
562 1946 663 1994 senatu
676 1940 836 2008 nuntiaret,
848 1947 882 1993 ut
894 1938 955 1993 ludi
968 1935 1028 1992 Iic-

47 2021 94 2073 nani
110 2022 341 2092 instaurarentur,
360 2020 546 2096 quod-primo
565 2040 664 2076 eorum
683 2021 730 2076 die
746 2023 778 2076 in
796 2019 920 2095 quodam
937 2022 1037 2076 scele-.

47 2109 95 2170 ido,
108 2107 149 2179 qui
163 2108 263 2180 populo
286 2112 433 2179 spectante
452 2103 488 2159 ad
505 2106 677 2178 supplicium
696 2103 763 2158 duci
781 2104 877 2159 iussus
895 2108 956 2171 est,
973 2119 1028 2156 nu-

47 2184 131 2243 uinibus
144 2189 277 2244 videlicet
296 2206 334 2242 ex
351 2185 426 2242 ludis
443 2185 611 2242 bilaritaten
629 2185 848 2262 quaerentibus,
864 2185 950 2240 triste
968 2183 1026 2239 dis-

46 2266 149 2334 plicuisset
172 2273 335 2347 imperium.
380 2267 452 2326 Cum
476 2289 545 2346 ergo
564 2271 615 2324 ille
632 2271 682 2344 qui
705 2269 817 2324 somnio
838 2267 1027 2324 commonitus

47 2357 94 2421 erat,
107 2362 207 2426 postera
223 2356 272 2411 die
291 2356 371 2410 iussa
388 2352 485 2408 lacere
502 2371 561 2408 non
581 2371 667 2408 ausus
686 2360 777 2422 esset;
799 2349 924 2407 secunda
941 2357 1028 2404 nocte

45 2426 79 2485 loc
93 2435 154 2492 idem
173 2457 273 2496 rursus
294 2437 423 2493 severius
441 2439 613 2510 imperatum
631 2444 689 2492 est:
712 2436 808 2490 amisit
825 2433 935 2502 filium,
959 2433 1027 2506 quia

46 2528 80 2568 ιιι
90 2516 152 2574 lecit.
190 2520 295 2578 Tertia
310 2527 395 2575 noete
409 2518 517 2574 dictum
531 2529 575 2574 cst
588 2517 710 2586 bomini,
724 2515 800 2590 quod
812 2515 904 2569 maior
919 2515 947 2567 ei
959 2531 1028 2584 poe-

45 2611 76 2667 lt,
96 2603 116 2655 si
129 2621 179 2660 nou
194 2605 325 2673 laceret,
350 2603 524 2658 immineret.
568 2598 641 2654 Cum
658 2599 746 2652 etiam
761 2597 805 2650 sic
822 2611 881 2648 uon
898 2592 1028 2661 auderet,

44 2677 62 2730 in
74 2684 178 2742 morbum
192 2688 301 2744 incidit
319 2703 415 2740 acrem
433 2693 462 2738 et
474 2681 653 2738 horribilem.
697 2675 774 2734 Tum
786 2693 856 2732 vero
871 2692 908 2728 ex
920 2675 1028 2728 amico-

42 2775 88 2817 rum
101 2772 218 2828 sententia
230 2771 270 2828 ad
284 2769 472 2844 magistratus
485 2784 547 2820 rem
565 2763 681 2833 detulit,
697 2769 784 2836 atque
796 2760 827 2814 in
840 2757 944 2812 lectica
957 2757 1028 2811 alla-

43 2851 73 2898 tus
88 2856 123 2901 cst
135 2851 160 2904 iu
174 2863 318 2910 senatum:
342 2852 531 2924 expositoque
548 2848 671 2916 somnio,
687 2851 804 2917 recepta
822 2841 958 2897 continuo
978 2857 1028 2895 va-

43 2924 142 3003 letudiue,
156 2937 271 3008 pedibus
291 2936 351 2991 suis
371 2951 456 2988 sanus
474 2931 621 2988 abscessit.
665 2925 760 2984 Tanto
779 2923 956 2998 stupefactus
975 2924 1030 2977 mi-

43 3014 109 3066 raculo
129 3028 235 3074 senatus
255 3017 475 3093 quadruplicata
491 3017 614 3089 pecunia
631 3011 714 3068 ludos
735 3009 846 3065 censuit
864 3007 1029 3062 instaurari.

43 3090 90 3150 lluis
105 3113 152 3152 uon
167 3101 280 3170 uideat,
302 3101 352 3174 qui
370 3116 472 3154 sanum
492 3099 581 3170 sapit,
599 3095 728 3151 subditos
745 3091 877 3147 homines
894 3089 1031 3164 malignis

42 3171 199 3253 daemonibus,
228 3201 245 3240 a
274 3198 397 3256 qnorum
422 3179 618 3235 dominatione
645 3195 704 3231 non
728 3175 834 3230 liberat
855 3173 914 3226 nisi
936 3172 1031 3246 gratia

42 3249 77 3309 lici
91 3278 132 3332 per
142 3261 233 3320 lesum
248 3263 396 3320 Christum
409 3259 567 3316 Dominum
584 3267 726 3328 nostrum,
744 3258 776 3312 vi
794 3255 954 3328 compulsos
969 3271 1032 3308 esse

42 3336 140 3400 exhibere
156 3348 262 3403 talibus
283 3347 349 3415 diis,
369 3363 442 3418 quae
458 3351 538 3398 recto
559 3343 831 3413 consilio'poteraut
846 3337 946 3410 turpia
956 3334 1032 3389 iudi-

43 3421 93 3476 caril
110 3426 137 3482 ln
154 3431 212 3488 illis
232 3437 313 3484 certe
329 3425 405 3483 ludis
423 3427 536 3500 poetica
548 3425 698 3479 numinum
713 3421 835 3486 crimina
846 3418 1032 3494 irequentan-

43 3509 79 3574 lii,
93 3512 134 3582 qui
151 3511 211 3566 ludi
231 3497 402 3586 cogentibus
419 3507 585 3563 numinibus
603 3507 683 3560 iussu
703 3511 818 3558 senatus
831 3496 1033 3589 instauraban-

41 3590 76 3640 lir.
109 3590 137 3646 ln
154 3596 212 3649 illis
229 3591 309 3648 ludis
327 3599 523 3664 corruptorem
534 3587 691 3662 pudicitiae
705 3583 803 3640 lovem
816 3578 977 3652 turpissimi
988 3573 1034 3628 ln-

42 3671 132 3728 snioues
153 3675 325 3744 cantabant,
351 3674 489 3750 agebant,
517 3671 677 3744 placebant.
721 3663 755 3720 Si
772 3661 845 3719 illud
861 3657 1035 3732 fingebatur,
1106 3675 1113 3686 ·

43 3747 70 3803 ille
79 3755 258 3813 irasceretur:
282 3758 307 3810 si
320 3765 414 3812 autem
428 3756 488 3812 suis
503 3753 672 3808 criminibus
686 3749 771 3802 etiam
786 3743 862 3799 lictis
875 3739 1035 3836 delectaba-

42 3839 80 3902 bt,
94 3839 199 3911 quando
222 3839 381 3909 coleretur,
399 3839 456 3894 uisi
476 3835 589 3892 diabolo
609 3825 784 3889 servireturl
806 3823 887 3880 itane
904 3831 960 3878 uste
978 3818 1036 3878 Ro-
