2586 4396
236 217 293 272 12⁰
463 205 563 266 DIVI
587 201 772 263 AVRELll
797 201 1044 261 AVGVSTlNl

233 362 381 423 Abrabam
388 370 481 439 poter
495 369 563 416 tuno
575 376 671 414 vocem
684 375 785 424 meon,
799 366 829 411 et
839 357 997 412 custodivit
1005 369 1172 436 praecepte
1182 379 1251 430 meo,

233 458 263 505 et
275 445 417 501 mandato
429 462 504 513 mea,
526 453 556 498 et
569 439 795 512 iustificationes
808 457 904 509 meos,
928 449 958 495 et
969 439 1106 515 legitimo
1119 461 1189 499 mea.
1215 443 1253 499 Et

232 531 288 586 alio
302 544 402 583 rursus
415 528 542 596 oraculo,
555 523 619 599 ligo
630 540 703 592 sum,
717 523 821 596 inquit,
833 521 1071 579 DeusAbrabom
1076 527 1176 600 putris
1188 530 1252 582 tus':

232 611 294 670 noli
305 613 425 684 timere;
438 621 531 666 tecum
544 609 618 664 enim
631 625 704 676 eone,
718 616 748 662 et
761 605 895 662 benedixi
907 616 946 675 te,
961 615 990 662 et
1000 606 1194 684 multiplicabo
1206 626 1254 666 oe-

232 714 296 753 men
320 705 401 751 tunm
422 702 549 770 propter
572 687 723 745 Abrabam
739 699 861 767 petrem
885 699 973 745 tuam.
999 687 1037 744 Vt
1060 691 1253 770 intelligamus

232 797 319 855 quam
338 786 417 832 caste
430 773 573 830 Abraham
585 772 703 843 fecerit,
727 771 804 846 quod
821 770 983 828 hominibus
996 773 1149 847 impudicis
1163 785 1193 832 et
1204 795 1251 831 ne-

233 863 342 937 quitiae
361 877 430 914 suse
449 857 484 912 de
496 855 655 931 Scripturis
675 857 784 911 sancus
803 857 965 930 patrocinia
982 859 1198 931 requirentibus
1211 862 1251 914 ri-

233 945 317 1000 detur
331 943 435 998 iecisse
446 941 576 996 libidine.
601 938 714 995 Deinde
728 948 761 994 ut
774 941 861 995 etiam
873 937 927 996 hoo
940 941 1119 1012 noverimus,
1145 960 1205 998 non
1219 960 1253 996 ex

232 1028 316 1084 bonis
335 1027 458 1102 singulis
477 1026 554 1079 inter
572 1041 604 1078 se
622 1021 752 1078 homines
768 1041 950 1098 comparare,
975 1022 1070 1080 sedin
1082 1043 1255 1102 unoquoque

235 1109 451 1168 consideremus
465 1109 611 1164 universa.
637 1106 718 1162 Fieri
730 1107 808 1162 enim
821 1116 930 1182 potest,
944 1117 977 1163 ut
988 1105 1092 1164 habeat
1103 1108 1208 1182 aliquid
1221 1111 1255 1164 in

234 1195 296 1250 rita
315 1202 345 1248 et
362 1193 492 1248 moribus
510 1192 655 1268 quispiam
672 1207 729 1264 quo
752 1201 872 1264 superat
891 1193 992 1262 alium,
1018 1190 1105 1266 idque
1117 1193 1154 1247 sit
1166 1193 1256 1270 longe

233 1276 447 1352 praestabilius,
461 1293 548 1351 quam
563 1283 608 1330 est
620 1273 693 1330 illud
705 1273 782 1330 unde
796 1275 830 1330 ob
844 1276 902 1331 alio
915 1283 1077 1350 superatur.
1090 1276 1131 1331 Ac
1141 1293 1195 1348 per
1203 1275 1256 1332 hoc

234 1379 306 1417 sano
325 1378 453 1435 veroque
471 1359 596 1430 iudicio,
623 1376 688 1413 cuns
710 1359 893 1414 continentia
912 1359 1049 1437 coniugio
1067 1359 1256 1433 praeferatur,

232 1446 337 1509 melior
352 1453 506 1500 esttamen
519 1441 604 1499 homo
617 1441 711 1497 fidelis
726 1443 909 1520 coniugatus,
924 1460 1010 1517 quam
1023 1443 1180 1499 continens
1194 1443 1256 1500 infi-

235 1529 315 1586 delis.
339 1525 398 1583 Sed
411 1522 591 1602 [continens]
606 1523 731 1581 infidelis
745 1523 840 1596 homo,
854 1543 913 1582 non
924 1527 1016 1582 solum
1028 1527 1125 1582 minus
1139 1527 1256 1583 laudan-

234 1611 299 1680 dus,
318 1605 387 1684 [est,
400 1611 469 1683 quia
482 1627 514 1664 se
529 1609 660 1664 eontinet
672 1607 739 1664 dnm
752 1627 812 1664 non
825 1607 934 1685 credat]
952 1628 1053 1666 rerum
1066 1611 1156 1666 etiarn
1168 1612 1256 1667 maxi·

233 1713 280 1750 me
293 1692 480 1748 detestandus
494 1701 540 1747 est
553 1688 763 1769 [multomagis
777 1692 1001 1765 vituperandus,
1015 1694 1157 1768 quianon
1172 1694 1256 1750 credit

235 1795 301 1833 cum
314 1794 345 1830 se
358 1772 528 1851 contineat}
562 1773 777 1832 Constituamus
792 1794 862 1852 ergo
876 1776 974 1832 ambos
986 1776 1092 1848 bonos3
1119 1781 1209 1835 etiam
1221 1779 1257 1833 sie

234 1858 365 1934 profecto
385 1859 488 1914 melior
508 1867 552 1914 est
568 1859 741 1934 coniugatus
759 1857 945 1916 fidelissimus
964 1868 994 1916 et
1006 1859 1256 1918 obedientissimus

234 1942 315 2014 Deo,
335 1960 420 2016 qnam
433 1943 589 1998 continens
602 1941 726 1996 minoris
740 1941 809 1998 fidei
820 1943 999 2018 minorisque
1012 1943 1210 2002 obedientiae:
1236 1947 1256 2000 si

234 2045 305 2082 vero
318 2028 400 2101 paria
419 2027 480 2086 siut
494 2035 623 2096 caetera,
648 2027 847 2082 continentem
866 2029 1022 2105 coniugato
1034 2029 1186 2101 praeferre
1199 2031 1257 2104 quis

235 2106 380 2188 ambigatl

556 2193 673 2251 CAP.
716 2193 936 2252 xxxvii

264 2331 270 2344 ι
336 2271 380 2326 De
389 2273 431 2326 bis
441 2291 509 2343 quoe
519 2275 548 2327 ιἰι
558 2274 636 2328 Ειιιιι
645 2285 673 2328 et
682 2275 762 2328 lucob
772 2275 881 2346 mystice
887 2275 1160 2346 prefignrobontnr.

274 2363 341 2421 Duo
354 2366 447 2442 igitur
460 2361 541 2420 isaac
553 2361 689 2420 liliiEsau
705 2373 734 2420 et
746 2364 830 2422 laoob
840 2368 950 2441 pariter
960 2375 1103 2422 crescunt.
1117 2365 1260 2424 Primatus

232 2449 351 2506 maioris
369 2447 587 2504 transfunditur
606 2448 638 2503 in
657 2449 800 2505 minorem
817 2460 952 2526 expecto
966 2459 995 2505 ct
1010 2451 1120 2525 placito
1134 2453 1208 2507 inter
1221 2452 1257 2504 il-

231 2534 286 2604 los,
300 2551 335 2587 eo
345 2531 423 2607 quod
433 2532 611 2602 lenticulam,
626 2549 710 2607 quem
719 2532 815 2590 cibum
822 2535 918 2590 minor
923 2542 1086 2609 paraverat,
1100 2537 1193 2592 maior
1205 2535 1259 2590 im·

232 2617 410 2674 moderatius
424 2617 608 2689 concupivit,
631 2635 724 2690 eoque
736 2619 830 2692 pretio
842 2619 1037 2696 primogenita
1049 2635 1104 2673 sua
1116 2619 1203 2675 freni
1216 2621 1260 2674 iu-

231 2702 348 2758 ratione
361 2701 534 2773 interposita
546 2699 687 2756 vendidit.
700 2699 756 2756 Vbi
769 2700 916 2772 diaconus,
929 2703 961 2757 in
970 2700 1117 2758 vescendo
1129 2721 1193 2759 non
1206 2703 1260 2758 cibi

231 2802 351 2863 genere,
366 2781 417 2838 sed
430 2781 568 2838 ariditate
583 2784 770 2840 inmoderata
783 2802 924 2861 quemque
932 2784 1112 2860 culpandum.
1126 2783 1262 2842 Seneseit

230 2867 321 2935 Isaac,
336 2867 456 2938 eiusque
470 2866 562 2920 oeulis
574 2882 626 2938 per
639 2877 788 2923 senectam
799 2869 880 2925 visus
894 2868 1032 2926 aufertur.
1043 2887 1046 2892 ·
1057 2867 1128 2925 Vult
1138 2869 1262 2926 benedi-

230 2967 297 3006 cere
317 2949 408 3004 filium
425 2948 580 3018 maiorem,
606 2958 637 3004 et
653 2967 705 3023 pro
724 2952 775 3007 illo
794 2953 927 3008 nesciens
946 2952 1093 3010 benedicit
1105 2953 1262 3022 morem,

230 3050 283 3107 pro
295 3030 386 3086 fratrc
401 3031 521 3101 maiore,
542 3032 593 3105 qui
607 3042 670 3088 crat
681 3035 807 3108 pilosus,
821 3053 851 3091 se
863 3038 994 3111 paternis
1007 3035 1138 3093 manibus
1152 3054 1262 3113 suppo·

230 3123 366 3184 nentem,
389 3112 524 3169 hoedinis
544 3114 600 3170 sibi
617 3118 761 3189 pelliculis
775 3122 915 3194 coaptatis
935 3122 1018 3178 velut
1030 3121 1128 3177 aliena
1139 3129 1263 3195 peccata

229 3206 401 3274 portantem.
435 3195 496 3254 late
513 3197 595 3255 dolus
613 3198 715 3273 iacob,
740 3221 778 3258 ne
790 3211 940 3276 putaretur
952 3203 1154 3260 fraudulentus
1169 3204 1262 3271 dolus,

230 3293 260 3340 et
273 3299 333 3338 non
347 3284 379 3338 in
392 3302 426 3339 eo
439 3300 562 3360 magnae
575 3286 619 3340 rei
632 3287 801 3361 mysterium
814 3297 1014 3361 quaereretur,
1028 3289 1165 3362 superius
1177 3306 1262 3364 prae-

231 3366 307 3423 dixit
319 3365 485 3441 Soriptura:
511 3366 590 3424 Erat
602 3368 686 3426 Esou
698 3368 779 3425 bomo
792 3373 888 3428 aciens
901 3373 1015 3442 venari,
1028 3373 1185 3448 agrestis:
1211 3368 1263 3428 lu·

230 3451 279 3508 cob
294 3461 391 3508 nutem
404 3449 485 3508 bomo
499 3451 637 3528 simplex,
656 3451 795 3508 babitans
810 3455 931 3510 domum.
957 3453 1021 3512 Hoc
1034 3457 1130 3511 nostri
1144 3453 1263 3531 quidam

227 3535 414 3609 interpretati
426 3542 506 3604 sunt,
520 3536 583 3592 sine
596 3535 670 3592 dolo.
687 3534 757 3592 Sive
771 3545 867 3593 autem
880 3540 944 3595 sine
958 3539 1033 3610 dolo,
1047 3539 1111 3594 sire
1124 3539 1263 3618 simplat,

229 3619 292 3674 sive
308 3620 404 3692 potius
424 3618 488 3673 sine
499 3617 626 3688 sectione
645 3619 776 3701 dicatur,
790 3620 880 3696 ⁴quod
900 3631 945 3677 est
962 3621 1074 3678 Graece
1092 3615 1264 3689 ἄπλαστος.

230 3702 294 3774 quis
308 3711 351 3756 est
363 3703 394 3756 in
408 3701 465 3756 ista
477 3701 663 3775 percipienda
675 3702 877 3760 benedictione
894 3703 976 3762 dolus
990 3704 1115 3762 hominis
1128 3707 1199 3763 sine
1211 3703 1263 3762 do-

228 3778 277 3836 loi
303 3783 374 3848 Quis
394 3792 439 3838 est
457 3782 538 3838 dolus
557 3785 711 3858 simplicis,
735 3805 808 3862 quae
820 3787 899 3844 fictio
919 3807 978 3845 non
991 3790 1177 3860 mentientis,
1206 3789 1263 3844 nisi

228 3863 406 3938 profundum
424 3867 595 3940 mysterium
614 3866 765 3927 veritatisl
798 3870 865 3945 lpsa
877 3883 972 3930 autem
985 3873 1149 3930 benedictio
1165 3873 1263 3948 qualis
