2590 4396
226 183 285 238 134
387 218 390 223 -
447 176 546 234 Dtvt
571 169 1030 232 AVRELIIAVGVSTINI

224 351 262 390 ex
273 333 371 408 aliquo
384 329 552 388 rationabili
564 325 665 384 ordine
678 325 847 396 venientem
861 333 891 380 et
901 343 935 380 ea
945 324 1056 396 fatalia,
1070 343 1144 400 quae
1158 344 1247 400 prae·

222 427 268 474 ter
286 416 343 474 Dei
364 425 393 472 ιι
410 411 557 472 hominum
573 412 752 468 voluntatem
770 407 918 466 cuiusdam
936 408 1049 466 ordinis
1066 412 1247 467 necessitate

224 503 408 579 contingunt.
441 497 563 554 Prorsus
589 492 688 549 divina
713 493 896 568 providentia
914 511 1007 572 regna
1024 495 1246 552 constituuntur
1283 493 1284 498 ’

222 585 356 642 hunaana.
384 584 464 649 Quae
477 581 503 635 ιί
514 587 670 654 propterea
681 577 835 652 quisquam
847 577 907 633 feto
927 578 1044 650 tribuit,
1065 579 1133 653 quie
1148 579 1247 653 ipsam

223 667 282 727 Dei
293 670 473 726 voluntatem
486 665 533 720 vel
542 670 716 738 potestatem
726 661 780 718 fati
793 663 912 717 nomine
920 663 1053 737 appellet,
1067 664 1246 718 sententiam

222 762 336 824 teneat,
362 751 493 825 linguam
517 747 653 825 corrigat.
693 743 753 802 Cur
771 746 849 800 enim
866 763 926 801 non
943 744 997 802 hoc
1014 747 1141 821 primum
1160 746 1245 817 dicit,

223 835 299 912 quod
311 841 411 907 postea
424 831 554 888 dicturus
568 840 624 902 est,
648 847 713 886 cum
724 829 759 884 ab
773 830 824 884 illo
838 830 990 906 quisquam
1002 830 1161 904 quaesierit
1175 829 1246 906 quid

147 935 150 942 ’
222 919 332 974 dixerit
349 911 457 972 saturni
483 915 557 972 Nam
573 914 604 970 id
621 912 753 970 homines
774 912 887 988 quando
906 913 1044 984 audiunt,
1070 914 1180 969 usitata
1199 915 1243 968 lo·

221 999 329 1077 quendi
347 999 559 1056 (consuetudine
571 1005 637 1054 'non
655 998 827 1075 intelligunt
843 999 902 1052 nisi
921 998 979 1053 vim
996 997 1151 1071 positionis
1165 995 1244 1052 side·

207 1103 297 1157 ,runa
310 1086 403 1160 qualis
414 1093 459 1140 ιιι
470 1082 583 1158 quando
596 1083 661 1158 quis
674 1083 817 1153 nascitur,
832 1083 894 1138 rive
907 1083 1083 1156 concipitur:
1098 1081 1176 1156 quod
1189 1083 1244 1136 ali-

221 1171 272 1245 qui
284 1170 414 1224 alienant
425 1186 443 1224 a
455 1167 513 1223 Dei
524 1169 691 1237 voluntate,
716 1167 806 1242 aliqui
823 1183 860 1220 ex
877 1165 927 1221 illa
947 1167 1037 1240 etiam
1049 1163 1103 1222 hoo
1115 1163 1245 1240 pendere

221 1252 406 1310 confirmant.
434 1241 503 1308 'Sed
516 1253 560 1306 illi
571 1241 624 1325 qui
636 1253 700 1306 sine
713 1248 771 1306 Dei
783 1251 935 1306 voluntate
948 1249 1105 1308 decernere
1120 1250 1244 1322 opinan-
1283 1249 1284 1256 ’

220 1347 271 1394 tur
284 1335 380 1392 sidera
390 1333 460 1410 quid
470 1353 601 1413 agamus,
614 1335 662 1390 rel
670 1332 738 1409 quid
750 1334 892 1390 bonorum
900 1332 1055 1394 habeamus
1065 1334 1244 1390 malorumve

220 1422 374 1495 potiamur,
388 1420 423 1476 ab
436 1419 554 1475 auribus
568 1419 697 1474 omnium
706 1417 865 1490 repellendi
875 1427 961 1490 ιιιιιις,
970 1434 1030 1474 non
1040 1419 1134 1473 solum
1143 1435 1244 1473 eorum

222 1507 385 1580 quiveram
397 1504 571 1580 religionem
583 1510 700 1571 tenent,
727 1500 779 1554 sed
793 1503 842 1574 qui¹
855 1500 975 1558 deorum
988 1503 1243 1577 qualiumcunque,

220 1590 291 1644 licet
309 1587 466 1657 falsorum,
490 1586 592 1642 volunt
608 1601 674 1638 esse
694 1584 829 1638 cultores.
859 1583 940 1640 Haec
959 1587 1037 1640 enirn
1055 1586 1156 1658 opinio
1175 1583 1244 1661 quid

222 1670 302 1727 aliud
319 1671 397 1747 agit,
423 1669 482 1725 nisi
498 1677 533 1724 ut
550 1668 646 1722 nullus
665 1667 784 1732 omnino
803 1669 917 1724 colamr
934 1677 985 1724 aut
1001 1679 1125 1746 rogetur
1142 1665 1243 1726 Densi

222 1753 333 1811 Contra
347 1771 420 1828 quos
433 1751 518 1809 modo
532 1751 616 1808 nobis
629 1750 786 1826 disputatio
799 1769 859 1808 non
873 1761 919 1806 ιιι
932 1753 1083 1824 instituta,
1108 1753 1158 1812 ted
1171 1769 1241 1809 con-

221 1847 268 1894 tre
281 1856 331 1893 eos
345 1838 396 1913 qui
407 1855 460 1911 pro
473 1835 644 1892 defensione
657 1851 758 1892 eorum
772 1853 845 1910 quos
855 1835 924 1891 deos
934 1845 1047 1909 putant,
1061 1835 1244 1896 Christianae

221 1922 361 2000 religioni
373 1921 573 1986 adversantur.
599 1919 647 1976 Illi
664 1937 735 1977 vero
755 1920 805 1994 qui
822 1921 996 1994 positionem
1009 1923 1158 1978 stellarum
1170 1939 1242 1997 quo-

222 2005 287 2062 dam
299 2004 384 2062 modo
399 2004 617 2061 decernentium
631 2003 723 2078 qualis
737 2005 858 2079 quisque
872 2005 921 2076 sit,
936 2013 965 2060 ct
976 2003 1044 2080 quid
1055 2007 1082 2061 ci
1090 2007 1245 2080 proveniat

127 2139 131 2144 .
220 2087 604 2166 boniquidvemaliaecidet,
618 2105 656 2142 ex
662 2085 720 2144 Dei
729 2089 879 2143 voluntate
886 2089 1079 2162 suspendunt,
1093 2091 1119 2145 si
1129 2086 1244 2145 eusdem

221 2175 320 2230 stellas
332 2181 435 2248 putant
443 2172 549 2229 habere
559 2169 635 2228 hanc
646 2179 819 2246 potestatem
831 2170 967 2228 traditam
984 2174 1040 2230 sibi
1052 2191 1070 2228 a
1082 2191 1193 2228 summa
1206 2173 1243 2229 il-

220 2259 279 2312 lius
289 2265 444 2330 potestate,
453 2265 487 2312 ut
496 2257 627 2312 volentes
638 2256 695 2310 ista
706 2253 878 2327 decernunt3
891 2275 1027 2334 magnam
1038 2258 1118 2312 coelo
1128 2255 1245 2314 faciunt

221 2341 373 2411 iniuriam,
400 2341 432 2396 in
458 2340 541 2396 cuiue
566 2340 648 2396 velut
674 2339 833 2395 clarissimo
859 2349 967 2398 senatu·
985 2360 1018 2398 ac
1042 2338 1243 2413 splendidissi-

221 2441 269 2478 ma
288 2423 369 2479 curia
387 2425 542 2498 opinantur
561 2423 671 2478 scelera
692 2422 826 2479 facienda
839 2421 973 2496 decerni3
999 2424 1094 2498 qualia
1107 2423 1133 2478 si
1146 2424 1245 2497 aliqua

221 2516 339 2566 terrena
352 2508 455 2564 civitas
468 2506 661 2578 decrevisset,
688 2523 797 2584 genere
815 2505 940 2568 humano
960 2507 1134 2564 decernente
1147 2507 1246 2566 tuerat

223 2590 389 2648 evertenda.
429 2593 521 2658 Quale
534 2590 639 2650 deiude
655 2590 797 2648 iudicium
810 2590 846 2647 de
858 2590 1007 2648 hominum
1018 2589 1104 2646 iactis
1116 2588 1181 2646 Deo
1194 2609 1245 2647 re·

220 2677 373 2752 linquitur,
400 2676 501 2750 quibus
515 2676 651 2732 coelestis
665 2677 825 2732 necessitas
839 2675 1000 2748 adhibetur,
1024 2693 1089 2732 cum
1100 2672 1244 2732 Dominus

220 2761 273 2816 ille
286 2761 326 2816 sit
338 2768 368 2814 et
380 2759 512 2816 siderum
521 2768 552 2814 et
564 2755 732 2816 hominum?
757 2759 817 2816 Aut
831 2761 857 2816 si
870 2778 930 2817 non
943 2750 1045 2816 dicunt
1058 2759 1168 2830 stellas,
1194 2778 1243 2816 ac·

221 2851 306 2915 cepta
318 2841 435 2916 quidem
446 2851 591 2916 potestate
603 2860 622 2898 a
635 2860 746 2900 summo
759 2842 841 2916 Deo,
866 2843 986 2900 arbitrio
1005 2860 1058 2899 suo
1071 2844 1131 2899 iata
1143 2842 1243 2899 decer·

221 2943 304 2996 uere,
318 2924 370 2980 sed
382 2925 415 2980 in
427 2925 532 2982 talibus
546 2927 768 2984 necessitatibus
781 2926 950 3005 ingerendis
962 2928 1040 2986 illius
1052 2929 1170 2986 omniuo
1181 2929 1243 2984 ius·

222 3027 255 3064 sa
268 3009 419 3082 compleri:
445 3009 525 3067 itane
538 3009 574 3066 de
588 3011 650 3084 ipso
663 3009 728 3068 Deo
743 3011 927 3068 sentiendum
940 3021 995 3084 est,
1010 3011 1087 3086 quod
1098 3011 1243 3090 indignis·

222 3094 326 3148 siusum
340 3093 436 3148 visum
453 3101 497 3148 ιιι
515 3093 551 3150 de
570 3096 719 3154 stellarum
738 3095 888 3152 voluntate
901 3091 1030 3152 sentiret
1059 3094 1144 3162 Quod
1157 3097 1183 3151 si
1195 3093 1243 3150 di-

222 3183 329 3230 cuntur
343 3177 443 3232 stellae
456 3177 623 3255 significare
636 3180 734 3251 potius
747 3179 805 3234 ista
817 3196 903 3254 quam
915 3179 1028 3251 facere;
1054 3188 1088 3236 ut
1100 3181 1183 3255 quasi
1195 3181 1243 3234 lo-

221 3259 300 3314 cutio
320 3259 460 3334 quaedam
477 3263 516 3316 sit
534 3264 584 3318 illa
600 3263 706 3335 positio
724 3261 894 3334 praedicent
915 3263 1029 3335 futura,
1055 3281 1117 3320 non
1134 3281 1242 3340 agenr:

221 3337 293 3418 (non
309 3343 386 3398 enim
397 3343 582 3402 mediocriter
595 3345 745 3400 doctorum
763 3343 911 3402 hominum
930 3345 986 3402 fuit
998 3349 1057 3404 ista
1074 3348 1244 3420 sententia),

221 3445 280 3481 non
295 3425 409 3501 quidem
422 3429 464 3484 ita
477 3431 573 3490 solent
583 3427 663 3502 loqui
675 3425 881 3502 mathematici,
894 3439 928 3486 ut
937 3431 1020 3488 verbi
1029 3432 1124 3510 gratia
1135 3429 1244 3501 dicant,

220 3509 299 3566 Mars
311 3513 354 3566 ita
366 3514 478 3586 positus
491 3510 663 3568 homicidam
676 3510 836 3588 siguificat3
850 3512 902 3568 sed
911 3506 1085 3572 homicidam
1094 3513 1179 3570 facit:
1192 3534 1243 3570 ve-

220 3603 381 3650 rumtamen
396 3605 429 3651 ut
442 3595 650 3662 concedamus,
664 3609 724 3649 uon
738 3613 787 3651 eos
801 3606 835 3653 ut
847 3597 954 3654 debent
966 3601 1060 3675 loqui,
1080 3607 1110 3654 ιι
1122 3617 1139 3654 a
1150 3595 1243 3672 philo·
1283 3605 1284 3648 l

219 3676 317 3750 sophis
331 3681 462 3753 accipere
476 3670 609 3752 oportere
623 3680 765 3734 sermonis
778 3682 919 3758 regulam,
939 3683 975 3747 ad
989 3701 1024 3740 ea
1035 3683 1242 3758 praenuntian-

219 3759 256 3816 du
269 3781 341 3837 quae
355 3765 386 3817 in
401 3761 528 3817 siderum
540 3761 685 3835 positione
699 3780 731 3817 se
744 3767 872 3839 reperire
885 3759 1002 3841 putant3
1029 3769 1078 3841 qui
1095 3765 1144 3837 fit,
1168 3765 1243 3842 quod
1283 3775 1284 3832 j

218 3844 293 3902 nihil
318 3863 444 3920 unquam
462 3844 559 3902 dicere
577 3852 748 3922 potuerunt,
775 3867 826 3907 cur
852 3851 883 3908 in
909 3853 969 3910 uita
986 3852 1183 3931 geminorum,
1211 3851 1242 3907 in
1283 3875 1284 3878 ¹
