2586 4396
233 192 295 252 DE
318 193 539 257 clvlTnTu
562 199 645 259 DEI
664 201 745 260 ΗΒ.
768 203 879 264 xvll.
1007 215 1067 277 129

209 483 356 558 LIBER
380 487 603 564 DECIMVS
630 493 883 572 SEPTIMVS.

434 657 456 715 C
470 660 494 716 Α
507 660 530 716 Ρ
543 660 569 717 V
582 661 608 720 T
647 664 668 720 l.

320 748 365 806 Dc
385 757 550 823 temporibus
570 759 781 828 Prophetarum.

34 836 257 921 promissiones
272 855 347 929 Dei,
361 862 545 935 quaefactae
559 867 676 922 suntad
690 865 846 941 Abraham,
861 873 945 928 cuius
960 875 1067 932 semini

34 954 65 1002 ιι
80 952 194 1020 gentem
206 941 399 1000 lsrabliticum
418 947 580 1004 secundum
598 967 717 1008 carnem
730 961 760 1008 ct
772 971 874 1011 omnes
891 965 996 1034 gentes
1015 957 1066 1014 de-

32 1029 96 1085 beri
108 1025 264 1083 secundum
273 1025 370 1099 fidem,
385 1027 450 1087 Dec
459 1033 630 1106 pollicente,
644 1035 810 1107 didicimus,
825 1039 1068 1113 quamadmodum

33 1112 238 1185 compleantur,
250 1129 303 1184 per
317 1110 449 1170 ordinem
457 1124 621 1189 temporum
631 1135 811 1191 procurrens
822 1120 880 1178 Dei
892 1122 1006 1180 Civitas
1020 1127 1067 1182 in·

33 1195 139 1252 dicabit
157 1192 333 1271 {indicavit}
361 1197 506 1262 Quoniam
520 1217 591 1277 ergo
605 1204 766 1276 superioris
779 1203 848 1260 libri
860 1221 956 1280 usqua
970 1207 1007 1263 ad
1018 1226 1067 1264 re-

31 1297 121 1358 gnum
133 1275 228 1334 David
240 1277 336 1334 taccu
350 1288 396 1335 est
408 1280 493 1353 finis,
515 1301 596 1342 nuuc
614 1283 650 1339 ab
672 1285 772 1344 eodem
785 1305 897 1365 rcgno,
924 1299 1068 1364 quantum

31 1369 163 1436 suscepto
176 1360 268 1435 Operi
280 1360 414 1418 sufficere
426 1364 559 1437 videtur,
580 1375 697 1426 caetera
710 1385 784 1445 quac
797 1381 963 1446 sequuntur
974 1376 1066 1432 attin·

28 1448 127 1526 gimus
140 1441 353 1522 [attingamusJ.
371 1445 437 1504 Hoc
449 1451 548 1525 itaque
561 1459 685 1526 tempus,
700 1470 738 1508 ex
748 1471 806 1528 quo
817 1464 939 1512 sanctus
950 1454 1069 1514 Samuel

27 1527 199 1607 prophetare
213 1531 324 1604 coepit,
346 1540 376 1586 ιι
386 1529 523 1606 deinceps
538 1533 631 1590 donec
643 1539 769 1610 populus
782 1535 875 1594 lsrabl
888 1541 1022 1614 captivus
1035 1543 1068 1598 ia

27 1613 218 1688 Babyloniam
232 1611 410 1685 duceretur,
437 1625 526 1692 atque
545 1617 615 1674 inde
635 1619 795 1677 secundum
815 1624 913 1679 sancti
926 1621 1068 1680 Ieremias

25 1694 204 1775 prophetiam
214 1705 280 1770 post
290 1700 479 1776 septuaginta
490 1717 583 1758 annos
594 1705 723 1760 reversis
733 1703 878 1761 -lsraelitis
892 1704 951 1762 Dei
963 1705 1066 1764 domus

26 1783 253 1849 instauraretur,
270 1789 366 1836 totum
377 1790 491 1858 tempor
505 1794 551 1840 est
563 1783 783 1860 Prophetarum.
827 1789 967 1856 Quamvis
987 1792 1067 1847 enim

25 1875 56 1922 et
68 1867 163 1939 ipsum
175 1861 239 1920 Noe
250 1863 457 1938 patriarcham,
482 1869 515 1925 in
529 1870 612 1925 euius
627 1869 728 1927 diebus
742 1871 883 1929 universa
896 1882 977 1930 terra
989 1873 1067 1930 dilu-

24 1951 73 2006 vio
88 1949 184 2004 deleta
197 1956 253 2018 cst,
267 1956 297 2004 et
308 1949 383 2005 alios
400 1967 489 2024 supra
503 1961 533 2007 ct
546 1953 625 2009 infra
638 1970 731 2030 usqne
745 1954 782 2011 ad
794 1953 849 2011 hcc
864 1965 992 2032 tempus,
1008 1975 1067 2032 quo

22 2051 110 2111 reges
122 2033 156 2088 in
168 2030 226 2087 Dei
237 2033 344 2106 populo
360 2051 427 2089 esse
446 2045 623 2110 coeperunt,
649 2045 769 2111 proptor
787 2038 927 2112 quaedam
946 2055 998 2112 per
1017 2053 1067 2096 coa

20 2116 124 2174 futura
137 2117 201 2175 eisc
215 2116 429 2190 quoquomodo
443 2115 626 2195 significata,
639 2121 702 2175 sive
715 2119 875 2195 praedicta,
889 2139 962 2196 quae
975 2124 1069 2196 perti·

20 2207 132 2258 nerent
148 2198 187 2256 ud
202 2196 358 2256 Civitatem
370 2198 429 2256 Dei
440 2217 629 2278 regnumque
647 2204 812 2274 coelorum,
837 2220 897 2258 non
921 2204 1068 2261 immerito

20 2280 169 2360 possimus
181 2284 327 2356 appellare
337 2281 515 2358 Prophetus3
528 2287 701 2359 praesertim
711 2287 779 2361 quia
790 2289 951 2344 nonnullos
966 2303 1068 2346 eorum

20 2367 49 2424 id
65 2365 239 2441 expressius
253 2368 377 2444 legimus
391 2376 594 2443 nuncupator,
619 2372 697 2426 sicut
709 2367 864 2441 Abraham,
889 2372 967 2428 sicut
981 2371 1067 2447 Moy·

20 2470 88 2508 sen:
116 2460 218 2506 tamen
241 2451 304 2506 dies
323 2449 533 2526 Prophetarum
554 2455 711 2528 praecipue
733 2455 918 2530 maximeque
941 2453 972 2510 hi
996 2455 1068 2514 dicti

20 2545 100 2608 sunt,
117 2551 158 2590 ex
172 2551 233 2609 quo
247 2537 346 2608 coepit
359 2532 535 2608 prophetare
548 2533 678 2606 Samuel,
692 2537 743 2611 qui
755 2545 786 2592 et
798 2535 919 2593 Saulem
930 2539 1023 2611 prius,
1039 2547 1068 2594 ct

20 2639 52 2676 eo
66 2619 229 2694 reprobato
242 2619 339 2692 ipsum
353 2616 465 2689 David,
488 2617 553 2674 Deo
572 2620 786 2695 praecipiente,
810 2621 898 2674 unxit
909 2621 941 2675 in
955 2637 1067 2697 regem,

20 2703 51 2758 le
62 2705 150 2760 cuius
164 2703 275 2758 caeteri
285 2703 377 2776 stirpe
388 2701 592 2774 succederent,
604 2721 765 2779 quousque
778 2703 845 2758 illos
857 2703 1015 2760 succedere
1025 2703 1069 2758 sic

20 2795 180 2862 ›porteret
216 2787 298 2854 Quae
317 2785 412 2862 igitur
423 2801 441 2840 a
454 2783 608 2860 Prophetis
629 2797 699 2844 sunt
717 2785 869 2862 praedicta
888 2785 925 2842 de
938 2784 1067 2857 Christo,

20 2887 82 2924 eum
106 2869 264 2928 moriendo
291 2869 497 2926 decedentibus
525 2879 556 2925 et
579 2871 725 2928 nascendo
754 2869 979 2928 succedentibus
1007 2871 1069 2926 suis

20 2952 158 3010 nembria
174 2951 287 3010 Civitas
300 2951 358 3010 Dei
370 2971 422 3029 per
433 2955 490 3010 ista
505 2964 640 3012 curreret
651 2963 799 3031 tempora,
824 2955 850 3010 si
862 2956 962 3012 omnia
979 2955 1070 3012 velim

20 3055 261 3108 ecmmemorare,
275 3039 308 3093 in
321 3038 495 3094 immensum
507 3040 650 3117 pergitur.
682 3037 814 3096 Primum
828 3040 896 3113 quia
909 3040 973 3114 ipsa
987 3037 1069 3096 Scri-

20 3132 115 3192 ·tura,
131 3137 213 3195 quae
224 3139 277 3195 por
290 3121 424 3176 ordinem
436 3119 535 3198 Reges
550 3139 712 3198 corumque
725 3121 803 3180 facta
818 3131 849 3178 et
863 3131 971 3178 eventa
984 3123 1066 3200 dige-

22 3206 93 3276 ens,
107 3203 236 3263 videtur
250 3213 389 3279 tauquam
397 3202 539 3260 historica
549 3204 705 3282 diligentia
716 3206 804 3261 rebus
819 3205 912 3281 gcstis
927 3213 1069 3278 occupata

23 3305 74 3343 ιιι
89 3286 275 3359 narrandis,
301 3289 328 3342 si
341 3285 499 3343 adiuvante
513 3285 699 3362 Dei-Spiritu
713 3287 898 3344 considerate
913 3294 1068 3353 tractetur,

20 3373 56 3426 ·el
71 3371 199 3449 magis,
224 3373 273 3426 vel
287 3380 368 3426 certe
381 3387 443 3426 non
455 3369 552 3426 :ninus
564 3369 807 3444 praenuntiandis
828 3368 956 3437 futuris,
982 3381 1069 3440 quarn

21 3455 190 3512 saeteritis
203 3453 404 3524 enuntiandis,
418 3454 589 3510 invenietur
601 3455 725 3511 intenta.
738 3451 779 3508 Et
789 3449 849 3506 hoc
858 3447 1077 3524 perscrutando.

20 3538 167 3616 odagaro
190 3555 226 3594 ac
251 3535 421 3596 disserendo
444 3545 621 3610 mensuare,
646 3555 733 3612 quam
751 3536 791 3590 sit
808 3549 963 3608 operosum
982 3539 1071 3606 atquc

22 3624 192 3692 rolixum,
218 3631 248 3676 ct
267 3639 355 3696 qnam
375 3621 474 3676 multia
493 3617 650 3697 indignum
675 3615 833 3697 [indigeat]
858 3613 1070 3686 voluminibus,

20 3708 72 3762 uis
89 3708 237 3783 ignorat,
255 3707 306 3780 qui
317 3703 391 3761 hacc
403 3706 451 3760 vel
463 3699 652 3760 mediocriter
665 3697 796 3780 cogitati
819 3697 936 3756 Deinde
955 3699 1024 3773 quia
1037 3715 1074 3754 ex

20 3808 70 3846 saa
88 3805 181 3863 qnae
192 3789 230 3844 ad
242 3787 423 3862 prophetiam
436 3805 496 3844 non
510 3786 670 3865 ambigitur
682 3785 842 3862 pertinere,
857 3785 900 3840 ita
913 3789 983 3839 sunt
996 3783 1071 3838 mul-

20 3891 29 3926 ι
46 3872 92 3928 dc
110 3869 242 3928 Cluisto
254 3887 408 3948 regnoque
427 3871 595 3942 coelorum,
617 3888 690 3946 quae
704 3867 815 3926 Civitas
829 3867 888 3928 Dei
906 3875 966 3938 est,
990 3875 1023 3922 ut
1036 3863 1074 3924 ad

38 3953 94 4012 ΙΙ.
768 3953 781 4010 ¹
