2586 4396
251 221 311 279 DE
334 221 551 280 ClVlTATE
573 222 652 281 DEl
679 225 759 286 ΗΒ.
782 231 871 288 XVI.
1005 238 1062 298 lot

48 389 123 447 tam3
140 376 185 430 ille
198 373 234 429 de
246 375 414 448 posteritate
427 375 580 445 sollicitus,
594 376 738 450 quendam
749 379 865 440 Eliezer
878 389 1063 447 vernaculum

49 479 130 516 suum
144 459 277 524 futurum
291 457 346 513 sibi
358 455 510 513 haeredem
523 457 612 515 dixit:
638 461 835 539 continuoque
854 467 897 521 illi
909 476 1065 541 promissus

50 553 95 600 ιιι
107 541 216 612 haeres,
231 557 290 597 non
303 541 351 596 ille
364 543 549 612 vernaculus,
562 541 613 597 sed
626 545 676 618 qui
689 543 725 601 de
739 549 801 620 ipso
814 547 957 606 Abraham
971 553 1067 611 luerat

50 629 193 683 exiturus:
214 641 373 699 rursusque
386 643 484 682 semen
498 626 726 700 innumerabile,
741 649 801 686 non
815 633 892 688 sicut
904 651 993 691 arena
1007 645 1065 692 ter-

48 729 116 781 rae,
138 707 187 764 sed
205 709 282 764 sicut
298 709 401 764 stellae
419 709 509 764 coeli:
533 708 583 764 ubi
603 708 675 766 mihi
692 715 786 791 magis
799 713 914 772 videtur
925 720 1067 791 promissa

47 793 197 870 posteritas
205 793 325 848 coelesti
333 792 471 850 felicitate
478 792 615 848 sublimis.
629 793 705 850 Nam
716 806 855 872 quantum
861 798 898 854 ad
904 803 1067 859 multitudi-

47 895 115 934 nem
126 877 260 952 pertinet,
275 875 344 951 quid
357 885 427 932 sunt
440 878 540 932 stellae
551 878 624 933 coeli
633 877 669 933 ad
682 897 799 936 arenam
811 892 918 954 terrae,
931 885 990 940 nisi
1003 888 1067 961 quis

48 971 79 1017 et
91 961 172 1016 istam
186 961 430 1034 comparationem
442 962 474 1016 in
486 969 600 1017 tantum
613 979 678 1018 esse
692 964 816 1021 similem
828 964 916 1038 dicat,
930 969 961 1022 in
975 986 1067 1043 qusn-

45 1059 107 1100 tum
120 1045 205 1100 etiam
217 1044 319 1098 stellae
332 1043 509 1100 dinumerari
521 1063 582 1100 non
594 1043 712 1102 veienti
750 1048 825 1114 Quia
838 1068 892 1105 nec
906 1068 1006 1106 omnes
1019 1071 1067 1108 ιιι

44 1127 139 1186 videri
158 1145 242 1202 posse
261 1127 435 1184 credendum
455 1138 509 1184 est.
536 1127 610 1183 Nam
628 1139 737 1203 quanto
757 1133 880 1207 quisquc
893 1137 1007 1190 acutius
1021 1137 1067 1191 in-

43 1221 162 1282 tuetur,
184 1219 266 1267 tanto
284 1212 381 1284 plures
400 1211 488 1268 videt.
514 1209 596 1267 Vnde
616 1221 645 1266 et
663 1214 802 1269 acerrime
815 1217 999 1272 cernentibus
1013 1220 1065 1276 ali·

44 1313 118 1371 quas
135 1296 262 1351 occultas
284 1313 348 1350 esse
370 1297 474 1350 merito
497 1295 697 1366 existimetur,
721 1299 849 1371 exceptis
868 1300 910 1354 eis
924 1299 1067 1358 sideribus

44 1397 121 1454 quae
138 1380 169 1435 in
185 1379 242 1434 alia
261 1387 343 1451 parte
366 1379 444 1434 orbis
462 1397 481 1434 a
498 1379 583 1434 nobis
602 1381 795 1436 remotissima
808 1383 879 1437 oriri
894 1391 923 1438 ct
935 1383 1068 1440 occidere

41 1461 238 1539 perhibentur.
264 1461 416 1518 Postremo
434 1463 597 1537 quicunque
615 1464 786 1520 universum
805 1467 953 1522 stellarum
966 1485 1068 1523 nume-

40 1564 109 1603 rum
123 1543 371 1621 comprehendisse
384 1554 414 1602 et
426 1547 631 1620 conscripsisse
644 1547 800 1619 iactantur,
813 1550 888 1605 sicut
900 1550 1006 1606 Aratus
1021 1553 1069 1607 rel

39 1630 195 1701 Eudoxus,
207 1632 255 1686 vel
268 1632 294 1685 si
307 1632 358 1706 qui
370 1630 422 1685 alii
433 1639 512 1701 sunt,
527 1647 577 1685 ecs
590 1630 658 1685 libri
670 1629 755 1687 huius
770 1635 930 1689 contemnit
942 1636 1068 1690 auctori-

40 1725 98 1770 tas.
132 1711 189 1769 llic
202 1731 273 1770 sune
285 1715 338 1770 issa
351 1715 496 1770 sententia
514 1715 648 1788 ponitur,
674 1716 756 1770 cuius
769 1715 925 1791 Apostolus
938 1719 1070 1774 meminit

40 1805 160 1874 propter
173 1795 231 1852 Dei
243 1798 367 1875 gratiam
385 1796 656 1854 commendandam:
669 1817 672 1824 ·
685 1796 820 1856 Credidit
831 1798 981 1857 Abrabam
992 1799 1067 1872 Dea,

40 1892 73 1940 ιι
86 1881 260 1960 deputatam
275 1881 379 1938 catilli
391 1882 432 1939 ad
444 1882 606 1939 iustitiam:
629 1899 667 1937 ne
680 1883 863 1940 circumcisio
883 1885 1068 1962 gloriaremur,

38 1973 207 2044 gentesque
219 1965 437 2020 incircumcisas
452 1965 491 2021 ad
501 1964 586 2020 fidem
601 1963 711 2022 Christi
729 1967 821 2021 nollet
838 1967 960 2022 admitti.
1003 1966 1068 2024 Hoc

37 2050 120 2104 enim
133 2045 248 2122 quando
262 2046 371 2103 factum
385 2057 443 2119 est,
463 2057 496 2103 ut
508 2047 639 2104 credenti
651 2046 783 2104 Abrahae
796 2048 986 2121 deputaretur
997 2050 1068 2108 fides

37 2131 77 2188 ad
89 2131 243 2202 iustitiam,
257 2129 385 2188 nondum
401 2131 496 2187 fuerat
509 2131 704 2187 circumcisus.

399 2279 519 2338 CAP.
562 2278 714 2340 XXIV.

34 2379 83 2432 De
98 2377 299 2447 significatione
319 2377 461 2448 sacrs'ficii‚
481 2379 551 2446 pand
570 2377 706 2430 Abrabam
725 2377 825 2448 offerre
841 2390 1003 2450 praeceptas
1023 2391 1071 2446 ιιι,

81 2463 166 2517 qaam
176 2447 341 2515 poposcisset
349 2457 382 2500 at
392 2448 422 2499 dc
433 2445 473 2500 bis
483 2464 550 2516 qaae
560 2447 712 2500 crediderat
728 2449 868 2514 [crederet]
880 2449 1026 2504 doceretur.

95 2554 130 2611 ln
138 2553 578 2630 eodemvisuqunmloqueretur
586 2553 712 2625 eiDeus,
725 2552 871 2609 etiamhoc
883 2557 925 2610 ait
933 2555 1071 2612 adillum:

35 2636 198 2715 Echeas
209 2641 260 2716 qai
268 2649 298 2696 te
308 2639 398 2695 edaci
407 2639 442 2695 de
455 2639 575 2713 regione
589 2636 812 2707 Chaldaeorum,
825 2647 859 2693 at
872 2638 935 2694 dem
945 2639 1002 2695 tibi
1010 2647 1071 2696 ter-

34 2741 108 2780 ram
121 2720 207 2794 banc,
221 2733 255 2780 at
267 2721 372 2779 baeres
387 2724 429 2777 sis
444 2723 516 2778 cias.
539 2719 595 2777 Vbi
607 2739 694 2796 quum
707 2721 921 2798 interrogasset
930 2719 1073 2778 Abrabam
1096 2735 1103 2750 ⁸

34 2804 203 2874 secundum
215 2807 283 2881 quid
297 2808 396 2877 sciret,
410 2803 485 2881 quod
498 2803 600 2862 haeres
608 2805 672 2860 cius
684 2806 750 2874 crit,
765 2803 841 2860 dixit
853 2804 1001 2862 illiDeus:
1014 2803 1073 2863 Ac·

34 2892 106 2968 cepae
117 2889 192 2946 mibi
204 2885 353 2948 iuvencam
365 2891 495 2960 trimam,
510 2899 540 2946 ιι
551 2906 673 2966 capram
685 2890 813 2958 trimam,
835 2897 864 2946 et
877 2891 1001 2946 arietem
1016 2892 1073 2948 tri-

30 2993 125 3045 mam,
144 2983 174 3029 et
188 2983 344 3044 tartareae,
359 2983 388 3030 ιι
400 2973 566 3030 columbam.
580 2971 703 3050 Accepit
711 2983 810 3030 catera
821 2972 871 3030 ille
883 2970 956 3030 baec
967 2976 1073 3045 amnia,

31 3068 64 3115 ιι
79 3059 192 3116 divisit
204 3056 258 3113 illa
268 3057 374 3127 media,
388 3067 417 3114 ιι
423 3059 529 3134 posuit
543 3075 578 3115 ea
588 3056 817 3128 contrafaciant
828 3056 955 3113 alteram
966 3058 1074 3115 alteri:

30 3159 108 3200 aves
124 3150 227 3210 autem
240 3159 297 3197 naa
314 3141 427 3196 dicirit.
454 3139 496 3196 Et
513 3140 741 3211 descenderant,
763 3141 841 3194 sicut
858 3141 999 3214 scriptum
1019 3150 1075 3211 est,

31 3241 108 3282 aves
123 3240 218 3302 saper
235 3241 363 3301 corpora
377 3241 450 3299 qaae
464 3223 561 3279 divisa
574 3231 671 3296 erant,¹
693 3232 724 3278 ιι
736 3222 868 3278 consedit
881 3222 942 3278 iliis
955 3223 1073 3280 Abram.

33 3307 135 3365 Circa
149 3307 224 3363 solis
237 3316 335 3363 autem
349 3321 481 3386 occatam
494 3321 594 3382 paror
607 3305 701 3362 irrait
714 3321 804 3382 saper
816 3302 941 3374 Abram,
968 3315 998 3362 ιι
1011 3323 1076 3361 ιιιι

32 3393 131 3447 timor
146 3389 320 3448 tenebrosas
334 3403 458 3464 magnas
471 3388 578 3444 incidit
589 3389 632 3444 ei:
659 3397 691 3452 ιι
708 3387 818 3444 dictam
837 3396 883 3442 est
903 3387 944 3442 ad
954 3385 1075 3454 Abram,

30 3471 169 3532 Scienda
183 3475 275 3542 scies,
302 3474 371 3548 qaia
383 3472 579 3548 peregrinant
592 3471 653 3526 erit
672 3485 767 3526 semen
782 3477 863 3524 taam
876 3470 907 3524 in
921 3477 1008 3525 terra
1019 3486 1076 3524 non

22 3559 182 3634 propria,
196 3566 227 3614 et
239 3558 270 3612 in
284 3556 456 3612 servitutem
468 3553 605 3629 redigent
617 3569 676 3622 ιιι,
690 3562 720 3609 ιι
728 3549 865 3628 affligent
877 3566 925 3606 ιιι
935 3549 1076 3626 quadrin-

24 3642 144 3716 gentis
158 3641 265 3713 annis‚·
277 3648 392 3714 gentem
406 3638 566 3710 cntempsi
577 3637 746 3704 servierint,
761 3632 895 3691 indicabo
904 3651 965 3710 ego.
984 3683 987 3690 .
1005 3629 1076 3689 Post

21 3723 110 3780 baec
132 3740 207 3780 cera
221 3719 408 3780 eribantbac
422 3737 486 3776 cam
504 3717 703 3796 suppellectili
719 3717 820 3774 malta.
850 3714 893 3773 lb
911 3724 1009 3775 actem
1021 3717 1076 3774 ibis

22 3807 74 3864 ad
79 3815 206 3884 patres
221 3815 288 3862 taos
301 3821 451 3881 cumpace
463 3803 596 3860 nutritas
610 3803 642 3858 in
653 3811 772 3858 senecta
785 3799 868 3858 bona.
897 3797 1016 3869 Quarta
1028 3819 1076 3858 ιι-

20 3907 61 3946 ro
79 3890 295 3965 generatione
311 3883 603 3946 concatenatae.
631 3881 765 3944 Nondum
784 3885 859 3942 enim
878 3883 1000 3964 impleta
1022 3899 1076 3941 san
