2538 4392
246 221 303 282 DE
326 219 552 284 ‘orvluhuu
577 221 656 284 DEI
678 223 763 282 ΗΒ.
787 225 913 288 xuni.
1035 237 1093 294 17³

1 379 17 415 ²¹
53 375 216 438 fluentibus
230 373 342 449 alebat,
369 376 507 452 quoniam
526 395 592 434 eum
616 376 681 434 rinc
693 375 874 458 sarcophago
886 381 986 440 victum
1000 403 1076 444 vene

13 479 16 499 ³
50 462 214 532 rabuntur,
240 459 325 533 Apis,
352 477 411 518 non
430 458 549 534 Serapis
567 461 734 519 vocabatur.
778 463 843 529 Quo
866 463 940 522 bove
963 477 1090 542 mortuo,

47 545 194 622 quoniam
208 543 403 619 quaerebatur
416 552 448 600 et
461 545 661 619 reperiebatur
684 545 796 602 vitulus
821 547 927 604 coloris
949 550 1090 623 eiusdem,

6 650 14 688 ι
46 627 106 686 hoc
125 635 188 698 est,
214 625 288 682 albis
304 626 476 701 quibusdam
495 629 618 684 maculis
635 628 772 684 similiter
784 629 959 706 Insignitus3
984 633 1089 690 mitum

5 756 7 761 .
46 709 188 788 quiddam
203 717 233 764 et
245 708 386 766 diviuitus
399 710 456 766 sibi
466 720 653 784 procuratum
666 729 731 766 esse
744 711 911 768 credebant.
931 714 997 772 Non
1012 717 1091 772 enirn

1 817 12 873 „s
45 812 192 872 magnum
213 801 277 848 erat
295 791 484 850 daemonibus
502 791 538 848 ad
558 812 609 849 eos
630 792 814 868 decipiendos
826 792 1007 869 phantasiam
1022 799 1091 854 talis

0 909 5 918 =·
45 879 146 949 tauri,
173 891 260 952 qnam
279 876 342 932 sola
356 884 506 946 cerneret,
532 885 682 933 ostentare
694 895 801 934 vaccae
813 879 992 952 concipienti
1004 891 1092 956 atque

0 1005 4 1018 .
45 959 244 1038 praegnantI,
265 957 344 1014 unde
362 957 452 1014 libido
470 961 573 1016 matris
593 957 771 1032 attraheret,
788 960 864 1036 quod
883 963 915 1018 in
935 964 996 1018 eius
1009 963 1091 1020 Ioetu

44 1047 110 1102 iarn
123 1043 316 1118 corporaliter
333 1050 499 1116 appareret:
527 1044 605 1100 sicut
621 1041 708 1099 Iacob
726 1041 763 1098 de
782 1044 876 1120 virgis
895 1047 1034 1117 variatis,
1059 1055 1093 1102 ut

1 1185 2 1194 ,
45 1144 123 1185 oves
137 1135 168 1182 et
182 1142 286 1199 caprae
300 1126 400 1192 variae
412 1134 620 1196 nascerentur,
635 1123 739 1182 effecit.
770 1127 854 1194 Quod
867 1129 946 1184 enim
958 1127 1091 1186 hominos

1 1247 3 1276 2
44 1208 199 1267 coloribus
214 1216 244 1264 et
256 1207 425 1283 corporibus
439 1209 536 1280 veris,
553 1206 610 1263 hoo
623 1207 780 1266 daemones
793 1208 899 1286 figuris
912 1210 989 1272 fictis
1006 1211 1090 1268 facib-

44 1296 120 1352 lime
132 1300 259 1370 possunt
271 1290 446 1348 animalibus
462 1291 696 1366 concipientibus
712 1289 860 1348 exhibere.

459 1460 581 1519 CAP.
624 1460 685 1520 VI.

44 1561 110 1626 Quo
121 1565 257 1628 regnante
267 1560 343 1628 apud
350 1556 468 1629 Argiuos
473 1573 587 1682 'um
588 1561 668 1680 ff
675 1558 814 1630 Assyrios,
835 1559 917 1613 Iacob
926 1560 956 1614 a'n
967 1559 1091 1630 Aegypto

115 1719 188 1793 Apis
203 1736 275 1796 ergo
289 1735 354 1790 rex,
368 1736 429 1775 non
441 1718 668 1796 Aegyptiorum,
685 1719 738 1776 sod
750 1718 943 1796 Argivorum,
957 1727 1091 1776 mortuus

41 1814 93 1862 cst
105 1805 141 1860 iu
155 1802 299 1880 Aegypto.
312 1799 390 1858 Huic
404 1801 482 1858 filius
495 1801 593 1880 Argus
607 1804 748 1860 suecessit
760 1803 792 1859 in
805 1819 942 1880 regnum,
957 1819 994 1858 ex
1008 1802 1091 1858 cuius

1 1933 2 1940 ,
39 1888 172 1947 norniuc
185 1894 216 1942 et
227 1885 317 1964 Argi,
331 1893 412 1942 etex
424 1883 612 1963 hoeArgIri,
626 1887 763 1961 appellati
775 1895 855 1942 sunt
878 1883 1089 1959 Superioribus

1 2025 3 2035 ι
37 1982 150 2030 autem
161 1967 283 2047 regibus
297 1968 428 2026 nondum
441 1971 490 2026 vel
510 1970 591 2026 locus
608 1970 658 2025 vel
676 1987 750 2047 gens
763 1965 889 2026 habebat
900 1966 956 2024 hoc
970 1985 1087 2024 nomen.

36 2055 112 2114 Hoc
126 2067 200 2130 ergo
214 2060 360 2130 regnante
372 2051 590 2128 apudhrgIvos,
604 2059 635 2108 et
646 2052 722 2125 apud
728 2049 886 2125 Sicyonios
896 2047 1000 2119 Erato,
1013 2049 1089 2122 apud

1 2189 2 2194 ,
33 2137 189 2214 Assyrios
197 2153 266 2193 vero
273 2133 367 2192 adhuc
377 2133 758 2205 manenteBaIeo,nrortuus
769 2130 1091 2207 estIacobInAegypto

0 2277 1 2282 ,
34 2237 198 2282 annorum
221 2226 340 2278 centurn
363 2215 558 2296 quadraginta
580 2225 707 2290 septem,
734 2233 799 2272 cum
826 2215 987 2282 moriturus
1012 2212 1089 2272 filios

33 2323 114 2366 suos
127 2311 162 2360 ct
174 2311 296 2378 nepotes
310 2319 349 2358 ex
360 2297 466 2376 Ioseph
485 2299 695 2371 benedixissit,
720 2295 927 2373 Christumque
940 2293 1091 2371 apertissi-

35 2409 93 2450 me
111 2383 332 2464 prophetasset,
355 2385 456 2442 dicens
474 2385 507 2442 in
525 2382 730 2442 benedictione
747 2379 855 2454 Iudae,
892 2378 958 2438 Non
973 2376 1093 2452 deficiet

26 2474 190 2560 princepe
201 2487 240 2529 ex
249 2465 337 2539 Isca,
352 2478 382 2527 et
396 2468 458 2528 dur
471 2465 683 2540 defemoribus
695 2467 769 2536 eiua,
782 2466 873 2523 donec
881 2466 1004 2522 veniant
1017 2480 1093 2538 quae

30 2553 325 2636 reprobassent:
340 2562 370 2610 et
384 2553 447 2628 Ipse
461 2550 645 2630 exspectatio
657 2549 799 2624 gentium.
826 2544 983 2624 Regnante
995 2552 1093 2601 autem

26 2643 127 2718 Argo
142 2637 205 2694 suis
218 2637 314 2711 coepit
327 2635 371 2692 uti
384 2633 518 2716 frugibus
531 2631 666 2703 Graecia,
681 2639 711 2687 et
720 2629 828 2690 habere
840 2635 956 2708 segetes
967 2627 999 2682 in
1010 2625 1091 2703 agri-

28 2726 181 2793 cultura,
207 2718 311 2776 delatis
324 2716 442 2776 aliunde
456 2713 627 2774 seminibus.
661 2713 758 2794 Argus
773 2729 886 2790 quoque
899 2719 968 2786 post
981 2710 1092 2766 obitum

28 2809 130 2868 Deus
144 2802 248 2860 haberi
261 2803 375 2876 coepit,
394 2801 502 2877 templo
515 2808 546 2858 et
558 2796 711 2856 eacrfflciis
724 2795 897 2854 honoratus.
928 2793 986 2862 Qui
998 2791 1094 2850 honor

30 2887 437 2962 euregnanteetanteilinm
458 2882 571 2942 delatus
595 2891 641 2940 eat
667 2879 779 2939 honaini
801 2874 917 2955 privato
944 2883 975 2934 et
992 2875 1093 2934 suinu-

26 2983 117 3035 nato
131 2970 249 3030 cuidam
263 2967 450 3048 Homogyre,
463 2986 498 3026 eo
512 2963 587 3044 quod
600 2966 711 3044 primur
724 2963 761 3024 ad
773 2971 905 3022 matrum
918 2961 1009 3020 bores
1023 2960 1091 3018 iun-

24 3057 138 3118 xerit.

566 3230 574 3247 .
608 3185 633 3244 V
685 3228 693 3244 .

152 3285 273 3358 Quorum
284 3301 377 3356 regum
388 3187 611 3355 tmpdrdiddepb
624 3183 787 3350 iddegypto
797 3251 941 3350 defunctae
951 3277 996 3332 ait,

114 3392 325 3474 Regnantibus
338 3391 528 3468 Assyriorum
540 3387 711 3448 duodecimo
725 3383 863 3454 Mamito,
890 3392 921 3438 et
940 3379 1094 3438 undecimo

20 3479 268 3558 sicyoniorum
280 3475 448 3548 Plemnaeo,
461 3483 492 3532 et
503 3473 592 3552 'Argis
606 3469 699 3528 adhuc
712 3476 851 3526 manente
857 3465 949 3542 Argo,
963 3468 1094 3518 mortuus

21 3577 94 3630 est
109 3557 221 3636 Ioseph
235 3560 416 3638 inrAegypto
429 3575 572 3628 annorum
593 3563 711 3612 eentum
731 3559 761 3607 et
779 3548 887 3604 decem.
923 3544 995 3602 Post
1012 3543 1095 3599 cuius

13 3653 195 3716 mortem
206 3645 328 3720 populus
346 3641 405 3700 Dei
425 3639 600 3698 mirabiliter
624 3653 759 3695 crescens
782 3631 892 3688 mansit
912 3629 944 3685 in
960 3626 1095 3706 Aegypto

13 3741 176 3798 centurn
189 3725 384 3805 quadraginta
395 3727 525 3800 quInque
535 3739 640 3792 anuos,
653 3717 811 3792 tranquille
822 3713 916 3787 priua,
930 3710 1023 3768 donec
1034 3727 1096 3766 mo·

2 3823 196 3887 rerentur
209 3811 314 3887 quibus
328 3807 433 3883 Ioseph
447 3816 534 3864 notus
552 3803 623 3862 fuit:
650 3799 756 3862 deinde
769 3797 838 3875 quia
850 3794 1037 3856 invidebatur
1049 3794 1097 3850 in·

6 3895 307 3968 crementisteInr,
331 3900 471 3967 erantque
484 3885 631 3964 suapebta,
653 3903 711 3962 quo
724 3899 819 3959 usque
831 3879 900 3938 inde
914 3878 1099 3949 liberaretur,
