2576 4396
216 187 277 248 252
444 185 541 246 DlVl
572 185 757 247 AVlbllLll
787 187 1039 250 AVGVS'HNl

218 351 265 398 tus
280 337 440 410 idolorum,
467 347 497 394 et
516 338 545 396 in
567 357 616 396 eos
636 340 686 415 qui
703 341 834 398 solerent
846 339 1006 402 dominatio
1019 343 1276 429 daemoniorum,

218 425 294 482 orale
314 423 417 500 spiritu
435 423 593 501 instigatus
611 441 724 498 semper
742 423 857 481 volebat
875 427 960 484 istem
975 431 1180 504 captivitatem
1196 455 1276 496 ma-

220 527 307 580 nere,
332 525 389 583 qua
407 515 555 564 transacta
568 505 700 563 Psalmus
721 509 800 571 canit
817 508 966 566 aedilioeri
984 510 1099 570 domum
1116 517 1151 574 in
1175 525 1278 580 omni

217 603 305 648 terre.
333 589 562 651 Praenuntiabat
575 591 625 646 illa
638 587 762 649 Hermes
775 590 914 649 dolendo:
939 599 1168 669 praenuntiabat
1179 599 1276 664 haee

216 673 361 750 Propheta
373 671 551 753 gaudendo·
579 669 619 730 Et
632 675 701 750 quie
715 673 841 751 Spiritus
854 677 949 734 vietor
963 687 1023 751 est,
1049 682 1100 756 qui
1111 680 1193 740 haee
1210 706 1277 762 per

217 767 331 816 senetos
345 755 504 832 Prophetas
517 757 655 820 canebat:
682 759 769 815 etiam
793 757 916 818 Hermes
943 761 1007 837 ipse
1032 780 1067 820 ea
1093 783 1172 841 quae
1207 789 1276 829 no·

216 841 296 898 lebet
315 849 344 897 et
369 839 485 900 dolebat
500 841 625 911 auferri,
650 861 712 899 non
731 859 754 898 a.
760 842 952 918 prudentibus
967 853 997 901 et
1009 845 1145 906 fidelibus
1162 861 1199 909 et
1216 874 1276 912 re-

216 925 347 1002 ligiosis,
374 923 426 980 sed
438 923 474 980 ab
487 925 652 982 errantibus
666 935 696 982 et
704 925 879 998 incredulis,
901 937 931 985 et
943 945 962 1009 a
974 931 1055 988 oultu
1069 931 1199 992 divinae
1216 958 1276 996 re-

217 1008 339 1085 ligionis
353 1007 462 1064 aversis
477 1026 540 1064 esse
553 1009 699 1081 instituta,
711 1011 794 1066 miris
806 1010 900 1068 modis
914 1023 1032 1072 coaetus
1047 1025 1091 1088 ιιι
1104 1019 1277 1080 confiteri.

218 1092 275 1158 Qui
287 1091 419 1166 quemvis
434 1109 483 1148 eos
497 1093 622 1167 appellet
630 1091 722 1166 deos,
735 1102 834 1152 tomen
844 1113 909 1152 oum
922 1095 1023 1155 dieite
1035 1100 1144 1158 talibus
1158 1101 1278 1166 bomi-

217 1174 303 1231 nibus
322 1174 431 1246 laetos,
458 1177 557 1250 quales
580 1194 645 1234 esse
667 1178 769 1252 utique
792 1195 856 1250 non
871 1178 1025 1255 debemus,
1050 1185 1139 1258 velit,
1168 1193 1279 1266 nolit,

218 1257 351 1315 ostendit
368 1257 506 1318 colendos
522 1278 584 1316 non
604 1277 669 1316 esse
687 1261 722 1318 ab
739 1261 851 1337 eisqui
868 1265 941 1320 tales
959 1283 1020 1324 non
1039 1277 1120 1338 ιιιιιι,
1150 1277 1279 1344 quales

217 1341 337 1398 luerunt
349 1360 366 1397 a
379 1342 482 1417 quibus
496 1342 566 1400 faeti
579 1353 664 1420 sunt,
689 1342 744 1402 hoo
759 1353 818 1417 ιιι,
842 1365 862 1402 e
874 1346 1082 1424 prudentibus,
1105 1351 1279 1435 fidelibus,

216 1425 378 1503 religiosis:
391 1427 478 1482 simul
491 1427 577 1488 etiam
589 1425 809 1500 demonstrent,
825 1430 902 1504 ipson
915 1429 1062 1506 homines,
1075 1437 1127 1510 qui
1141 1455 1204 1495 eos
1223 1443 1281 1500 fe.

217 1517 339 1581 cerunt,
366 1507 482 1565 sibimet
500 1511 688 1584 importasse,
713 1521 747 1568 ιιι
766 1511 973 1572 eos-heberent
986 1516 1056 1576 deos
1068 1521 1118 1594 qui
1133 1519 1183 1578 dii
1200 1544 1279 1586 non

217 1600 311 1648 erant.
354 1590 463 1648 Verum
480 1601 525 1648 est
537 1594 643 1668 qnippe
660 1593 732 1652 illud
748 1594 965 1671 prophetienm:
990 1599 1027 1658 Si
1038 1601 1147 1674 societ
1171 1603 1278 1669 homo

216 1677 299 1744 deos,
314 1683 343 1732 et
358 1693 423 1732 ecoe
436 1676 498 1752 s‘puse'
509 1693 565 1732 non
578 1687 649 1733 sunt
661 1679 713 1735 dii.
757 1677 837 1736 Deos
851 1699 922 1762 ergo
937 1685 1025 1758 telos,
1051 1687 1159 1745 tullum
1171 1689 1278 1768 deos,

216 1767 279 1814 arte
292 1757 385 1814 laotos
399 1775 416 1812 a
429 1758 550 1830 talibus,
576 1777 644 1816 enm
669 1763 843 1836 appellasset
864 1763 1002 1841 Hermes3
1028 1769 1058 1826 id
1075 1779 1153 1844 ιιι,Δ
1166 1773 1278 1836 idolis

216 1842 389 1912 daemones,
403 1859 456 1916 per
468 1849 560 1898 artem
574 1844 783 1921 nescioquam,
809 1848 999 1922 eupiditotum
1011 1869 1132 1911 suarum
1146 1859 1278 1921 vinou-

215 1927 251 1982 lis
266 1923 411 2002 illigatos,
437 1943 504 1982 oum
516 1927 678 2002 appellaret
689 1929 781 1986 laetos
795 1931 830 1988 ab
843 1931 1005 1992 hominibus
1019 1937 1103 2009 deos,
1130 1959 1205 2000 non
1222 1955 1279 2005 ta.

214 2026 282 2066 men
296 2011 341 2076 eis
351 2007 448 2082 dedit,
461 2009 540 2084 quod
552 2009 718 2069 Platonicus
731 2013 888 2090 Apuleius,
901 2013 1003 2094 (unde
1016 2023 1085 2078 satis
1098 2022 1163 2080 iam
1178 2027 1279 2088 dixi.

214 2109 294 2164 mus,
320 2099 350 2148 et
367 2110 455 2168 quam
475 2094 514 2149 sit
530 2095 744 2154 inconveniens
763 2097 977 2178 absurdumque
990 2110 1280 2196 monstravirnns‚)

215 2186 248 2232 ut
260 2179 316 2251 ipsi
330 2185 430 2232 essent
443 2177 620 2253 interpretes
634 2189 664 2237 et
676 2181 888 2240 intercessores
908 2187 986 2244 inter
1006 2187 1076 2244 deos
1089 2209 1171 2266 ques
1188 2195 1279 2258 feeit

214 2257 312 2330 Deus,
334 2268 364 2316 et
374 2257 508 2317 homines
522 2280 595 2338 quos
608 2261 685 2320 idem
698 2263 771 2322 feeit
782 2263 878 2342 Deus,
903 2266 973 2328 bine
990 2268 1154 2332 efferentes
1174 2294 1278 2358 vota,

211 2342 281 2400 inde
295 2359 417 2400 munera
428 2343 600 2402 referentes.
623 2345 720 2404 Nimis
731 2350 810 2406 enim
824 2353 948 2410 strrltnm
961 2365 1007 2412 ιιι
1019 2356 1163 2434 eredere,
1188 2366 1276 2430 (100.

211 2445 283 2504 quos
297 2426 431 2485 fecerunt
442 2427 589 2502 homines,
615 2433 680 2506 plus
693 2433 791 2488 valere
803 2435 880 2510 apud
891 2435 962 2495 deos
976 2457 1051 2516 qnos
1064 2441 1142 2500 feeit
1157 2445 1276 2530 Deus,

211 2528 298 2588 quam
310 2513 411 2568 velent
423 2513 480 2587 ipsi
492 2511 623 2570 homines
637 2531 710 2590 quos
725 2514 802 2573 idem
814 2519 877 2594 ipse
890 2520 962 2579 feeit
973 2522 1064 2582 Deus.
1108 2525 1277 2600 Daemon

211 2597 317 2670 quippe
337 2597 494 2652 simulacro
513 2605 577 2654 orte
596 2599 685 2674 impia
705 2599 861 2680 colligatus
880 2604 915 2661 ab
933 2603 1064 2682 bomine,
1090 2607 1204 2676 faetus
1224 2639 1280 2685 est

176 2715 178 2720 a
210 2677 306 2752 Dens;
334 2679 384 2735 sed
398 2681 452 2736 teli
464 2678 591 2753 bomini,
606 2701 666 2740 non
679 2685 760 2740 omni
772 2682 892 2744 bomini.
930 2691 1030 2758 Qualis
1045 2702 1090 2750 ιιι
1102 2709 1187 2776 ergo
1207 2707 1279 2768 ist„

212 2763 296 2834 deus,
322 2779 408 2838 quem
419 2781 480 2820 non
490 2764 602 2820 faceret
610 2762 697 2822 homo
708 2767 768 2824 nisi
780 2787 882 2828 errans
894 2783 923 2830 ιι
933 2775 1101 2834 inorednlus
1117 2791 1152 2838 et
1165 2802 1279 2850 aver..

210 2863 258 2902 sus
272 2863 290 2900 e
303 2863 373 2902 vero
389 2841 472 2902 Deol
497 2845 590 2904 Porro
613 2849 640 2904 si
662 2848 818 2910 doemones
841 2857 892 2930 qui
910 2859 1047 2916 ooluntur
1064 2861 1096 2918 in
1113 2871 1278 2952 templis,

208 2945 262 3004 per
275 2936 369 2984 artem
381 2929 482 2985 neseio
495 2947 584 3006 quarn
596 2931 772 3012 imaginibus
784 2937 890 3014 inditi,
914 2938 970 2999 lroe
984 2952 1029 3001 est
1044 2943 1278 3021 invisibilibus

209 3011 393 3083 simulantis,
420 3009 456 3066 eb
475 3013 517 3068 eis
530 3010 695 3074 hominibus
711 3020 762 3094 qui
773 3018 827 3078 lreo
838 3032 903 3082 arte
915 3023 1051 3086 fecerunt
1062 3025 1156 3108 deos,
1191 3059 1280 3104 oum

209 3093 381 3150 aberrarent
403 3097 559 3172 aversique
582 3109 682 3159 essent
697 3120 716 3160 a
732 3105 814 3162 oultu
833 3115 863 3163 et
879 3109 1024 3189 religione
1038 3111 1160 3191 dimna,
1196 3143 1277 3189 110„

208 3185 279 3233 sunt
291 3179 468 3235 internuntii
482 3199 537 3238 nee
550 3183 726 3260 interpretes
740 3187 819 3245 inter
831 3186 964 3250 homines
977 3203 1007 3252 ιι
1017 3193 1102 3270 deos,
1133 3212 1169 3260 et
1185 3227 1278 3284 pro.

206 3269 273 3336 pter
296 3279 363 3318 snos
386 3264 527 3338 pessimos
550 3285 594 3324 ao·
607 3269 791 3346 turpissimos
814 3291 926 3350 mores,
951 3286 981 3335 ιι
998 3279 1074 3355 qnod
1094 3278 1279 3372 borsines,

207 3347 338 3420 quemvis
358 3356 491 3404 errantes
506 3358 537 3406 et
549 3351 693 3409 inereduli
706 3361 736 3410 et
748 3358 845 3413 aversi
857 3375 875 3414 a
889 3362 969 3418 onltu
987 3379 1022 3420 ao
1034 3363 1200 3444 religione
1219 3379 1278 3438 di.

204 3430 292 3501 vina,
318 3437 417 3486 tamen
431 3427 473 3487 eis
487 3433 551 3490 sine
562 3433 651 3492 dubio
663 3437 799 3495 meliores
813 3451 899 3514 sunt,
926 3461 999 3520 quos
1018 3446 1087 3504 deos
1106 3451 1176 3527 ipsi
1194 3475 1281 3524 arte

204 3511 354 3572 iecerunt:
377 3522 486 3586 restat,
499 3526 534 3572 ut
546 3517 624 3592 quod
636 3530 776 3594 possunt,
792 3530 930 3600 tanquam
943 3527 1099 3588 daemones
1114 3547 1265 3610 possint

203 3599 251 3652 vel
264 3599 348 3674 quasi
360 3595 504 3654 beneficia
516 3600 691 3674 praestando
703 3605 798 3684 magis
808 3619 968 3684 nocentes,
996 3615 1064 3689 qnia
1076 3624 1188 3699 magis
1207 3593 1279 3689 (103

201 3681 361 3754 oipientes3
386 3683 435 3737 vel
448 3691 548 3756 aperte
559 3681 777 3746 maleiaeiendo.
821 3688 883 3748 Nee
900 3702 997 3752 temen
1015 3698 1182 3773 quodlibet
1203 3711 1278 3773 ho.

199 3779 284 3835 rum,
312 3767 370 3822 nisi
383 3763 499 3838 quondo
513 3774 544 3821 ιι
555 3774 697 3842 quantum
712 3773 925 3846 permittuntur
937 3781 996 3836 alte
1010 3789 1039 3837 ιι
1051 3798 1180 3847 seoreta
1198 3795 1279 3860 Dei

198 3847 395 3922 providentie:
423 3863 485 3904 non
502 3857 599 3908 eutem
616 3857 756 3930 tanquam
772 3855 861 3916 medii
877 3861 957 3920 inter
977 3862 1110 3924 homines
1127 3881 1163 3930 ιι
1181 3879 1279 3944 «100⁸
