2510 4404
189 231 244 292 DE
272 232 490 293 CIVITATE
515 233 593 292 DEI
616 233 699 292 ΗΒ.
723 233 820 294 xxt.
958 240 1015 298 3⁵1

380 386 402 446 C
424 388 448 445 A
470 387 501 444 P.
544 383 628 444 XX.

41 503 44 530 ,ν
59 483 97 535 lit
111 483 154 551 qui
167 501 217 537 non
233 485 365 550 omnihus,
384 486 481 538 aedeis
497 494 604 538 tantum
614 483 661 552 qui
670 486 745 554 apud
753 486 896 540 catholicoe
907 497 968 542 eunt
978 505 1017 542 re·

40 554 87 616 oti,
97 553 196 606 etiamsi
210 564 305 622 postea
318 555 347 609 in
362 558 447 608 multa
461 554 577 608 erimina
592 570 747 626 erroresque
758 556 950 624 proruperint,
960 557 998 609 in·
1027 605 1031 612 .

329 625 494 696 dulgentiam
505 624 675 693 polliceretur.

60 730 128 787 Item
140 741 206 788 sunt
218 734 269 807 qui
281 731 336 789 hoo
346 752 402 790 neo
412 733 546 790 omnibus
557 731 730 790 habentibus
741 733 921 806 baptismatis
932 731 1016 790 Chri-

51 825 79 871 at
91 816 149 872 eius
163 818 291 890 eorporis
303 826 532 886 sacramentum,
547 814 599 872 sad
617 818 687 873 solis
701 815 870 890 catholicis,
885 819 1016 893 quamvis

39 899 242 956 detinentibus
255 901 446 974 pollieentur;
473 901 540 974 quia
554 918 614 956 non
627 901 689 957 solo
703 910 898 971 attramento,
921 901 972 958 sed
984 919 1017 956 ra

39 1003 59 1039 a
79 983 323 1040 manducaverunt
342 1001 447 1058 eorpus
465 981 589 1054 Christi,
615 984 722 1058 inipso
737 985 931 1060 eiuseorpore
945 1004 1016 1042 eon-

39 1068 103 1136 tuti,
114 1065 148 1122 de
162 1085 217 1141 quo
231 1066 304 1124 dicit
315 1067 488 1142 Apostolus,
507 1064 586 1123 Vnus
592 1069 702 1145 punit,
715 1087 802 1126 unum
815 1085 919 1146 eorpus
932 1068 1018 1125 multi

38 1167 106 1207 nus:
118 1159 149 1207 ut
160 1152 272 1206 etiamsi
284 1161 385 1226 postea
397 1152 429 1214 in
442 1152 568 1224 aliquam
581 1149 725 1206 haeresim
737 1152 785 1207 vel
799 1153 886 1208 etiam
898 1153 930 1208 in
942 1171 1016 1230 gan-

38 1253 86 1290 um
98 1233 286 1292 idololatriam
302 1235 376 1309 lapsi
393 1233 519 1304 firerint,
545 1242 660 1290 tantum
673 1236 740 1308 quia
753 1235 785 1292 in
798 1253 920 1310 torpore
933 1233 1017 1292 Chri·

39 1360 47 1389 ,
71 1317 99 1374 id
112 1329 169 1390 est,
193 1319 226 1374 in
238 1316 373 1374 Ecclesia
386 1315 530 1374 catholiea
542 1327 710 1374 sumserunt
721 1316 893 1394 baptismum
909 1316 1017 1375 Christi

38 1400 280 1459 manducaverunt
293 1419 398 1476 eorpus
411 1399 537 1472 Christi,
563 1419 623 1457 non
634 1403 798 1458 moriantur
808 1403 841 1458 in
854 1411 1017 1473 aeternum,

37 1486 41 1541 l
55 1487 142 1542 vitam
155 1484 326 1562 quandoque
339 1495 558 1560 consequantur
568 1493 733 1558 aeternam3
753 1494 842 1562 atque
859 1486 910 1542 illa
923 1486 1017 1542 omnis

37 1571 120 1643 siens
133 1579 240 1647 quanto
253 1570 347 1626 maior
358 1568 469 1641 fuerit,
495 1585 555 1626 non
571 1570 614 1625 eis
637 1569 732 1627 valeat
749 1568 785 1626 ad
801 1569 1017 1640 aeternitatem,

37 1702 39 1709 .
52 1652 88 1710 ad
102 1652 322 1710 diuturnitatem
338 1652 628 1732 magnitudinemque
641 1671 810 1729 poenarum.

37 1901 79 1954 leis
95 1901 142 1971 qui
151 1917 193 1954 eos
208 1900 256 1971 qai
261 1909 423 1972 manat
431 1900 461 1956 in
470 1900 605 1956 catholiea
613 1901 686 1973 fide,
706 1900 815 1956 etiamsi
824 1901 937 1972 petrinae
947 1901 1017 1954 aine·

36 1981 54 2035 t,
74 1981 101 2024 et
111 1971 142 2025 ol
151 1970 200 2025 hoe
209 1971 255 2024 uri
264 1969 426 2036 mantnt,
446 1980 537 2026 tamen
543 1979 658 2052 propter
666 1970 737 2042 fidei
745 1971 956 2045 fondamentum
967 1973 1017 2022 sal·

337 2039 438 2094 randoe
451 2056 508 2094 esse
517 2037 659 2110 definiunt.

46 2147 123 2207 Sunt
133 2159 231 2206 autem
241 2149 292 2224 qni
304 2155 423 2223 propter
435 2145 466 2203 id
478 2143 558 2222 quod
571 2147 712 2220 seriptum
725 2153 786 2217 ert,
808 2143 1026 2223 Qulperteoe-.

35 2233 99 2292 *erit
115 2251 205 2312 usque
220 2233 251 2290 in
262 2229 374 2304 fiuent,
399 2228 449 2288 hia
465 2228 568 2288 aulana
587 2230 667 2288 erite
693 2247 753 2286 non
766 2229 825 2286 nisi
837 2229 869 2286 in
882 2226 1014 2286 Ecclesia

35 2317 125 2375 roliea
135 2314 406 2394 perseverantibus,
425 2313 556 2389 quamvis
569 2313 602 2371 in
615 2329 651 2370 ea
661 2313 736 2370 male
749 2312 934 2384 virentibus,
960 2309 1015 2368 hoe

35 2402 170 2472 mittunt,
196 2401 360 2479 perignem
373 2395 512 2456 videlieet
528 2393 676 2454 salvandis
696 2397 800 2454 merito
817 2395 1014 2466 fundamenti,

35 2505 90 2562 quo
109 2487 153 2542 ait
164 2485 330 2560 Apostolus:
353 2478 589 2540 Fundamentum
609 2479 686 2538 enim
707 2479 793 2539 aliud
814 2499 896 2538 neno
911 2489 1013 2558 poteat

35 2589 103 2640 ere,
125 2577 256 2647 praeter
269 2567 302 2625 id
314 2565 529 2643 quodpoaitum
541 2571 603 2634 eet,
622 2561 700 2642 quod
711 2574 757 2622 eat
772 2561 909 2622 Christus
921 2558 1014 2620 latua.

35 2655 90 2710 ruia
104 2661 205 2709 autern
224 2648 367 2721 aedifiaat
386 2664 479 2726 super
493 2646 727 2721 fundamentum
745 2645 799 2704 hoo
817 2663 937 2715 aarum
964 2664 1015 2700 ar·

35 2747 112 2806 tum,
141 2732 432 2812 lapideapretioao's,
455 2730 555 2809 ligna,
572 2728 715 2801 foenum,
741 2728 897 2808 stipulam,
912 2729 1014 2786 uniue-

35 2840 118 2903 taque
131 2840 206 2903 opus
218 2820 473 2894 manifestabitur.
513 2816 589 2876 Dies
602 2818 677 2874 enim
690 2814 810 2873 Domini
828 2809 994 2868 declarabit
999 2825 1010 2882 ,¹

35 2911 113 3053 :ot
128 2909 247 3052 tu
259 2892 1009 3066 ‘utumunimentum

86 3013 97 3051 a
113 3035 121 3051 .
162 3009 292 3051 teuruao
313 3009 332 3048 u
382 3008 444 3049 erm
921 3023 930 3056 ,
1003 3015 1017 3030 ·

35 3099 71 3135 tna
84 3080 225 3156 accipiet,
239 3075 275 3136 Si
286 3007 458 3152 inanimus
472 3082 571 3130 antem
582 3069 706 3142 arserit,
720 3070 1016 3148 domnumpatietur:

50 3174 154 3221 autent
167 3162 266 3219 saluus
279 3161 348 3230 erit,
362 3159 407 3214 aio
419 3169 519 3214 tamen
532 3156 683 3230 quuaiper
696 3155 802 3230 ignaua.
820 3151 933 3208 Dicunt
945 3169 1015 3228 ergo

35 3249 135 3303 nlibst
160 3248 241 3302 vitae
266 3241 442 3297 catholicum
463 3235 660 3292 Christianum
679 3235 829 3292 Christum
852 3233 959 3289 habere
984 3236 1016 3289 in

35 3329 183 3397 laurento,
197 3323 273 3400 quod
286 3321 510 3380 fundamentum
523 3317 604 3372 nulla
616 3315 745 3372 haeresis
755 3317 843 3372 habet
856 3334 873 3370 a
885 3317 1016 3388 eorporis

47 3413 170 3465 unitate
179 3407 318 3482 praecisa.
332 3401 371 3459 Et
381 3401 447 3458 ideo
457 3409 577 3475 propter
590 3397 645 3455 hoo
657 3398 888 3469 fundamentum,
903 3399 1016 3453 etiamsi

35 3509 67 3546 ae
81 3493 167 3547 vitae
180 3490 268 3545 fuerit
282 3485 442 3544 catholicus
456 3483 651 3553 Christianus,
676 3483 757 3538 velut
775 3482 824 3556 qui
848 3479 1015 3555 superaedi-

35 3576 108 3630 rerit
122 3576 218 3652 ligna,
233 3571 368 3640 foenum,
391 3569 542 3644 stipulam,
565 3575 671 3640 putant
684 3583 749 3637 eum
763 3567 874 3622 salvum
887 3564 952 3620 fieri
964 3582 1016 3638 per

35 3679 85 3730 tm,
101 3657 134 3713 id
149 3666 206 3728 est,
220 3665 285 3730 post
296 3671 404 3728 poenas
419 3653 498 3730 ignis
511 3651 590 3708 illius
604 3649 733 3720 liberari,
746 3667 803 3725 quo
817 3649 886 3726 igno
900 3651 931 3706 in
945 3650 1015 3706 ulti-

35 3743 152 3800 iudieio'
163 3741 322 3816 punientur
334 3738 413 3793 mali.
