2602 4416
206 253 246 310 68
435 239 534 300 blvl
554 237 746 299 AVRELll
770 235 1023 295 AVGVSTlNl

206 413 353 480 tyrannus
368 413 433 454 eam
445 397 575 453 factione
590 398 770 466 capesseret,
796 406 852 446 nec
870 391 933 464 ipse
945 392 1068 464 populus
1083 393 1140 447 iam
1153 411 1249 467 popu·
1292 385 1293 390 ’

205 488 252 543 lus
267 491 361 555 esset,
388 483 414 538 si
429 478 666 547 esstetiniustu,
693 475 832 549 quoniam
845 491 905 530 non
919 483 999 530 esset
1023 475 1179 532 multitudo
1199 477 1248 532 iu-

205 571 247 627 ris
262 585 408 625 consensu
423 575 452 621 et
470 560 606 620 utilitatis
633 558 838 616 communione
864 558 993 630 sociata,
1020 559 1097 616 sieut
1121 559 1248 635 populus

205 653 301 710 fuerat
315 650 460 707 delinitus.

268 733 391 802 Quando
416 747 488 806 ergo
513 726 679 802 republica
691 724 824 783 Romana
836 727 904 782 talis
919 735 997 797 erat,
1025 727 1140 801 qualem
1165 727 1249 782 illam

205 818 345 876 describit
358 812 532 882 Sallustius,
559 811 692 866 nonium
705 811 833 885 pessima
846 828 880 867 ac
894 808 1143 889 flagitiosissima,
1168 812 1249 865 sicut

204 905 268 977 ipse
291 901 349 968 ait,
377 895 429 952 sed
455 895 576 952 omnino
602 896 683 950 nulla
709 903 789 965 erat,
816 893 976 951 secundum
989 896 1077 950 istam
1099 894 1250 950 rationem

205 1001 293 1058 quam
307 980 467 1054 disputatio
481 977 517 1034 de
531 978 681 1053 republica
694 979 774 1034 inter
786 995 909 1055 magnos
920 975 993 1034 'eius
1007 986 1070 1033 tum
1094 977 1248 1052 principes

204 1065 306 1122 habita
317 1063 466 1140 patefecit.
511 1061 597 1120 Siout
610 1063 700 1118 etiam
712 1061 776 1136 ipse
790 1059 922 1133 Tullius,
938 1079 999 1118 non
1014 1058 1175 1136 Scipionis,
1190 1078 1249 1115 nec

206 1149 379 1224 cuiusquam
391 1147 529 1219 alterius,
561 1145 613 1202 sed
638 1163 692 1202 suo
719 1161 855 1201 sermone
879 1145 1015 1220 loquens,
1041 1144 1074 1199 in
1099 1143 1250 1218 principio

205 1233 302 1307 quinti
327 1231 413 1303 libri,
439 1237 664 1288 commemorato
677 1229 760 1304 prius
773 1227 867 1284 Ennii
879 1236 984 1302 poetae
996 1243 1101 1299 versu,
1128 1245 1186 1302 quo
1201 1225 1249 1282 di-

204 1324 306 1372 xerat:

291 1398 422 1457 Moribus
437 1397 566 1473 antiquis
581 1415 629 1452 res
644 1404 703 1452 stat
715 1394 850 1452 Romana
863 1396 1004 1469 virisque.

208 1483 330 1555 „Quem
344 1482 461 1556 quidem
474 1482 524 1536 ille
536 1497 670 1550 versum,
697 1481 811 1554 inquit,
837 1481 887 1536 vel
903 1478 1048 1536 brevitate
1061 1477 1110 1534 vel
1121 1476 1251 1532 veritate

207 1575 375 1639 „tanquam
388 1579 426 1619 ex
440 1565 559 1619 oraculo
572 1561 646 1618 mihi
665 1563 790 1636 quodam
808 1581 873 1619 esse
901 1557 1005 1618 effatus
1030 1559 1156 1619 ridetur.
1180 1577 1252 1616 nam

208 1665 332 1722 „neque
343 1647 420 1717 viri,
434 1647 494 1702 nisi
507 1647 549 1701 ita
562 1652 677 1700 morata
692 1646 797 1702 civitas
811 1645 932 1716 fuisset,
954 1663 1050 1720 neque
1061 1661 1175 1715 morea,
1190 1644 1252 1699 nisi

208 1729 267 1806 „hi
280 1731 339 1787 viri
351 1729 567 1805 praefuissent,
594 1737 645 1783 aut
657 1726 797 1800 fundare,
815 1738 867 1784 aut
880 1737 940 1784 tam
953 1727 1003 1784 diu
1017 1735 1120 1784 tenere
1133 1728 1250 1800 potuis-

208 1822 304 1889 „sent
327 1822 442 1870 tantam
469 1821 499 1868 ct
522 1820 583 1868 tam
604 1812 682 1866 iuste
694 1813 812 1887 lateque
825 1814 1018 1888 imperantem
1030 1811 1250 1886 rempublicam.

208 1897 338 1972 „ltaque
351 1905 421 1952 ante
435 1905 567 1952 nostram
579 1896 762 1967 memoriam,
776 1904 806 1951 et
815 1913 878 1952 mos
892 1897 955 1970 ipse
967 1896 1080 1970 patrius
1094 1903 1251 1969 praestan·

208 2011 230 2054 „
240 1990 285 2036 tes
299 1981 380 2037 viros
395 1977 564 2051 adhibebat,
596 1989 626 2036 et
639 1987 769 2036 veterem
782 1997 894 2036 morem
906 1996 941 2034 ae
954 1979 1098 2036 maiorum
1112 1978 1251 2034 instituta

209 2064 405 2138 „retinebant
430 2065 609 2120 excellentes
634 2063 703 2119 viri.
745 2061 857 2119 Nostra
869 2079 942 2120 vero
957 2072 1038 2120 aetas
1052 2081 1119 2118 cunr
1132 2079 1249 2136 rempu-

209 2149 345 2223 „blicam
371 2148 449 2203 sieut
472 2149 617 2223 picturam
631 2147 795 2222 accepisset
808 2148 976 2226 egregium,
1002 2145 1054 2202 sed
1068 2163 1250 2204 evanescen-

209 2241 300 2304 „tem
313 2239 476 2302 vetustate,
490 2249 552 2287 non
564 2229 651 2286 modo
667 2249 731 2288 eam
745 2231 892 2288 coloribus
906 2229 1010 2286 iisdem
1022 2230 1126 2305 quibus
1140 2229 1250 2301 fuerat,

210 2331 384 2389 „renovare
398 2316 549 2392 neglexit,
570 2314 622 2370 sed
633 2314 716 2370 naid
729 2314 847 2389 quidem
861 2315 991 2386 curavit,
1005 2323 1039 2370 ut
1052 2313 1177 2370 formam
1189 2315 1249 2370 sal-

209 2406 298 2472 „tem
324 2398 387 2452 eius
417 2406 447 2453 ct
472 2407 605 2454 extrema
628 2406 768 2472 tanquam
793 2399 974 2454 lineamenta
988 2407 1129 2456 servaret.
1172 2395 1251 2463 Quid

209 2483 317 2554 „enim
341 2489 442 2537 manet
455 2499 493 2536 ex
506 2482 636 2556 antiquis
649 2481 797 2554 moribus,
824 2481 928 2556 quibus
942 2481 992 2536 ille
1006 2481 1082 2538 dixit
1094 2499 1156 2537 rem
1170 2488 1249 2536 stare

209 2562 415 2638 „Romanam,
441 2581 514 2640 quos
540 2565 583 2620 ita
609 2565 759 2622 oblivione
784 2565 932 2622 obsoletos
957 2565 1105 2636 videmus,
1131 2573 1249 2621 utnon

209 2646 323 2720 „modo
338 2665 400 2706 non
414 2649 566 2719 colantur,
593 2648 752 2704 sedetiam
778 2643 974 2726 ignorenturl
1016 2647 1092 2705 Nam
1114 2647 1151 2704 de
1175 2649 1248 2705 viris

209 2731 307 2805 „quid
333 2726 447 2788 dieamf
490 2730 589 2788 Mores
604 2733 683 2786 enim
695 2732 753 2806 ipsi
765 2732 945 2788 interierunt
956 2732 1088 2788 virorum
1113 2731 1247 2807 penurie,

168 2879 172 2888 Ι
210 2815 322 2886 „ouius
336 2815 414 2869 tanti
425 2814 496 2868 mali
508 2831 569 2870 non
582 2814 669 2872 modo
682 2814 831 2872 reddenda
857 2816 933 2871 ratio
953 2815 1056 2886 nobis,
1082 2815 1134 2870 sed
1160 2815 1249 2870 etiarn

209 2904 377 2970 „tanquam
389 2898 448 2952 reis
463 2898 567 2972 capitis
581 2897 706 2973 quodam
716 2899 802 2956 modo
816 2897 940 2955 dicenda
954 2906 1106 2954 causaest.
1128 2895 1248 2954 Nostris

209 2979 319 3051 „enim
330 2979 431 3051 vitiis,
455 2997 515 3037 non
529 2982 730 3057 casualiquo,
750 2983 959 3058 rempublicam
970 2982 1061 3040 verbo
1076 2981 1248 3052 retinemus,

209 3079 271 3132 „re
284 3063 348 3136 ipsa
361 3079 433 3119 vero
446 3063 506 3118 iam
517 3062 630 3138 pridem
642 3066 802 3121 arrisimus.
810 3067 831 3100 ‘⁶

273 3143 357 3202 llaec
384 3144 489 3202 Cicero
516 3147 678 3220 fatebatur,
704 3150 795 3226 longe
814 3149 930 3223 quidem
948 3157 1017 3224 post
1029 3158 1154 3206 mortem
1166 3148 1249 3206 Afri-

210 3229 292 3300 cani,
320 3245 406 3304 quom
419 3230 452 3286 in
465 3231 526 3288 suis
541 3232 624 3288 libris
644 3229 716 3288 fecit
730 3230 766 3287 de
779 3229 940 3308 Republica
963 3233 1128 3309 disputare,
1155 3231 1248 3290 adbuc

210 3322 309 3370 tamen
332 3320 402 3368 ante
427 3312 586 3371 adventum
600 3312 724 3371 Christi:
752 3331 827 3389 quae
840 3317 867 3371 si
880 3313 1027 3372 diffamata
1041 3325 1072 3372 et
1097 3319 1247 3391 praevale-

209 3405 313 3453 scente
325 3397 472 3474 religione
486 3395 656 3455 Christiana
669 3399 853 3455 sentirentur
866 3408 955 3474 atque
969 3397 1156 3471 dicerentur,
1183 3403 1247 3474 quis

208 3497 271 3536 non
284 3482 409 3536 istorum
422 3499 457 3538 ea
470 3479 647 3540 Christianis
662 3481 832 3554 imputanda
852 3499 918 3538 csse
941 3479 1097 3540 censeretl
1142 3483 1247 3548 Quam-

209 3564 310 3620 obrem
324 3579 377 3620 eur
388 3581 449 3620 nou
464 3574 606 3621 curarunt
618 3561 660 3618 dii
671 3581 788 3636 eorum,
803 3584 840 3622 ne
853 3574 925 3622 tunc
937 3568 1050 3642 periret
1062 3575 1151 3642 atque
1164 3569 1247 3623 amit-

209 3655 325 3702 teretur
338 3647 389 3703 illo
401 3647 586 3722 respublica,
612 3663 700 3722 quam
715 3644 819 3706 Cicero
833 3650 925 3728 longe
943 3659 1103 3726 antequam
1115 3648 1248 3706 Christus

210 3729 243 3784 in
257 3747 346 3784 carne
358 3732 508 3802 venisset,
534 3738 595 3786 tam
607 3729 773 3808 lugubriter
786 3733 920 3807 deplorat
932 3729 1093 3790 amissaml
1116 3731 1248 3790 Viderint

210 3811 378 3867 laudatores
406 3815 487 3884 eius,
515 3815 605 3891 etiam
630 3815 689 3869 illis
716 3815 846 3890 antiquis
872 3817 946 3872 viris
962 3827 993 3872 et
1005 3817 1136 3872 moribus
1156 3817 1248 3890 qualis

211 3894 318 3965 fuerit,
344 3901 442 3954 utrum
456 3897 488 3954 in
502 3915 536 3954 ea
549 3899 680 3975 viguerit
692 3915 763 3954 vera
775 3899 906 3970 iustitia3
933 3917 972 3956 an
997 3900 1075 3956 forte
1101 3919 1157 3955 nec
1179 3909 1247 3956 tunc
