2586 4396
263 183 322 241 DE
345 181 565 241 ClVb'l'ATE
588 182 666 242 DEI
687 183 765 241 ΜΒ.
788 185 876 244 ΧἨ.
1016 189 1074 246 1⁰3

54 356 132 400 meos
145 347 175 396 et
178 345 324 415 pastores
338 345 414 405 tuos,
427 337 495 412 quia
508 333 635 393 domines
649 337 832 408 nosfratree
850 356 963 396 sumus:
976 335 1075 400 Nonne

53 442 119 484 eoae
132 431 199 480 tota
213 431 299 478 terra
312 431 381 476 ante
394 430 423 477 te
437 418 502 477 esti
528 419 655 478 Discede
668 441 687 477 a
701 438 759 478 me:
782 424 812 479 si
823 417 855 480 tu
870 425 899 480 in
912 426 1075 496 sinistram,

51 525 106 585 ago
120 507 150 562 in
164 505 320 576 deutram5
339 503 385 562 vel
396 505 425 560 si
437 514 469 560 tu
483 506 513 560 in
527 505 677 574 dextram,
698 525 751 581 ego
765 507 794 562 in
808 509 971 564 sinistram.
998 507 1076 564 Hine

50 589 186 646 fortassis
199 583 301 642 effecta
315 595 359 642 est
370 588 448 644 inter
460 585 592 644 homines
605 588 723 663 paeifioa
737 590 925 662 cousuetudo,
941 601 973 647 ut
984 609 1076 666 quau·

51 673 89 730 do
107 683 294 729 terrenorum
311 671 417 747 aliquid
438 671 620 746 partiendum
634 682 693 744 est,
717 674 810 730 maior
831 673 955 746 dividat,
983 676 1077 732 minor

51 759 149 836 eligat.

426 837 448 896 C
469 839 494 896 Α
515 838 547 894 Ρ.
590 837 621 894 Χ
634 838 666 896 Χ
679 840 701 897 Ι.

49 937 95 990 De
107 937 191 990 tertia
199 937 372 1005 promissione
383 935 450 1002 Dei,
471 953 523 1005 pua
539 945 640 988 terram
659 908 789 992 Obanaan
800 937 925 992 Abrabae
942 948 969 991 el
984 907 1078 992 semini

351 1006 407 1059 eins
417 1006 447 1060 in
457 1006 622 1074 perpetuum
628 1007 779 1074 pollicetur.

105 1097 179 1155 Cum
193 1115 264 1174 ergo
278 1095 402 1174 digressi
414 1105 522 1168 essent,
536 1099 748 1171 separatimque
761 1095 925 1155 habitarent
936 1097 1077 1156 Abraham

49 1193 80 1239 et
93 1179 170 1238 Loth
184 1181 359 1236 necessitate
372 1179 580 1236 sustentandae
592 1181 731 1248 fansiliae,
747 1199 806 1237 non
817 1181 956 1238 foeditate
969 1182 1078 1239 discor-

50 1267 129 1338 diae,
143 1262 327 1320 etdbrahem
339 1265 461 1320 interra
474 1263 628 1335 chanaan,
649 1261 724 1320 Loth
741 1273 836 1322 autem
850 1275 927 1321 esset
939 1267 971 1322 iu
985 1263 1078 1322 Sodo-

50 1352 121 1420 mis,
135 1348 249 1404 oraculo
264 1349 352 1403 tertio
362 1345 506 1404 Dominus
520 1348 596 1404 dixit
607 1347 644 1404 ad
653 1345 810 1405 Abraham:
824 1347 997 1427 Respiciens
1012 1368 1079 1406 ocu·

49 1435 93 1490 lia
107 1433 166 1488 tuis
178 1431 244 1488 aide
257 1451 277 1487 a
291 1431 352 1488 loeo
367 1433 397 1488 in
412 1449 467 1506 quo
480 1449 556 1488 nune
569 1443 601 1488 ta
616 1449 664 1502 es,
686 1433 727 1490 od
737 1430 921 1509 Aquilonem,
948 1442 978 1490 et
989 1431 1079 1504 Afri·
1099 1429 1103 1435 ’

36 1535 126 1585 mam,
142 1525 171 1572 et
184 1511 345 1584 Orientem,
361 1525 390 1572 et
402 1513 506 1590 Mam
520 1517 589 1592 quia
603 1534 711 1580 omnem
724 1526 836 1572 terram
847 1535 932 1594 paam
943 1526 976 1572 tn
988 1516 1079 1584 vides,

49 1601 108 1658 tibi
119 1598 209 1667 labo,
237 1609 267 1655 et
285 1599 390 1655 semini
407 1607 457 1656 tuo
471 1615 561 1676 nsque
576 1601 606 1655 in
620 1598 796 1670 saeculum„
811 1599 971 1672 etfaciam
985 1616 1080 1658 semen
1186 1653 1188 1660 .

50 1695 133 1740 tuum
150 1691 292 1758 tanquam
310 1699 432 1740 arenam
451 1692 561 1741 terrae.
591 1680 628 1742 Si
641 1692 746 1761 potest
763 1683 873 1761 aliquis
894 1683 1080 1740 dinumerare

49 1783 174 1824 arenam
195 1776 311 1834 terrae,
334 1776 363 1822 et
376 1783 471 1824 semen
492 1776 576 1826 tuum,
592 1767 834 1826 dinumerabitur.
860 1765 993 1844 Surgens
1005 1781 1079 1844 per·

47 1847 168 1908 ambula
183 1859 296 1905 terram
309 1851 339 1904 in
353 1848 563 1926 longitudinem
578 1853 655 1920 sius,
683 1861 713 1909 et
726 1852 761 1916 ¹ia
778 1851 983 1922 latitudinem,
1010 1852 1080 1928 quia

48 1935 106 1992 tibi
118 1933 194 1990 dabo
209 1951 280 1990 eam.
300 1931 335 1988 ln
347 1930 400 1990 hae
412 1935 604 2008 promissione
616 1944 715 1990 utrum
729 1935 768 1990 sit
781 1936 869 1990 etiam
882 1936 945 2006 illa,
959 1953 1016 2008 qua
1028 1951 1079 2008 pa-

46 2029 96 2074 ter
109 2015 204 2072 faetus
220 2025 266 2071 est
280 2017 408 2072 omnium
420 2019 563 2095 gentium,
587 2036 648 2075 non
661 2017 812 2074 evidenter
825 2009 954 2092 apparet.¹
980 2016 1081 2072 Potest

49 2103 130 2157 enim
143 2100 238 2156 videri
250 2099 287 2156 ad
299 2098 354 2156 hoe
366 2103 531 2173 pertinere,
550 2099 591 2157 Et
601 2101 723 2173 faeiem
736 2117 832 2157 semen
846 2111 926 2157 tuum
940 2109 1080 2175 tanquam

49 2202 175 2241 arenam
189 2193 308 2241 terrae:
323 2182 399 2260 quod
412 2186 607 2240 ess-locutione
621 2181 730 2238 dietim
744 2191 798 2254 est,
818 2201 904 2259 quam
917 2181 1025 2238 Graeci
1037 2179 1080 2236 di-

49 2275 123 2325 eunt
134 2265 331 2342 hyperbolem
345 2285 417 2342 quae
430 2269 529 2342 utique
543 2267 654 2342 tropiea
668 2275 723 2338 est,
736 2285 796 2323 nou
809 2265 934 2342 propria.
959 2266 1022 2332 Quo
1035 2273 1081 2320 ta·

45 2370 117 2409 men
130 2348 227 2422 modo,
242 2359 276 2406 ut
289 2351 411 2407 caeteris
424 2353 515 2426 tropis
528 2353 572 2406 uti
586 2353 681 2406 solere
696 2348 894 2427 scripturam,
919 2351 1017 2406 nsslius
1032 2348 1081 2423 qui

46 2455 113 2493 eam
127 2433 241 2505 didicit,
257 2433 386 2512 ambigit.
412 2432 471 2491 Iste
485 2443 582 2490 autem
595 2442 706 2509 tropus,
724 2433 755 2488 id
764 2444 830 2505 est,
842 2433 944 2490 modus
957 2430 1080 2489 locutio-

46 2523 95 2576 nis
107 2519 144 2574 fit
157 2517 274 2594 quando
287 2517 318 2573 id
332 2517 408 2592 quod
422 2517 545 2588 dicitur,
572 2519 719 2595 longeest
737 2517 878 2590 amplius,
906 2533 992 2591 quam
1006 2511 1082 2589 quod

47 2623 85 2659 eo
95 2602 172 2658 dieto
184 2601 377 2681 significatur.
390 2603 461 2669 Quis
472 2603 550 2656 enim
561 2618 621 2656 non
631 2599 740 2672 videat,
754 2618 841 2675 quam
850 2600 890 2655 sit
898 2600 1081 2672 incompara-

45 2687 150 2744 biliter
162 2687 284 2760 amplior
298 2703 407 2742 arenae
420 2701 573 2755 numerus,
601 2697 685 2760 quam
701 2692 877 2759 potestesse
888 2683 1017 2741 omnium
1028 2677 1081 2735 ho-

46 2771 160 2827 minum
173 2770 209 2826 ab
223 2770 286 2846 ipso
298 2769 390 2827 Adam
404 2767 546 2844 usquead
560 2768 716 2824 terminum
730 2763 860 2846 saeeulii
868 2825 870 2830 ,
880 2768 996 2834 Quanto
1011 2782 1081 2842 ergo

45 2856 148 2933 magis
159 2871 247 2929 quam
261 2873 361 2911 semen
374 2852 516 2925 Abrahae,
530 2871 591 2909 non
605 2853 699 2910 solum
711 2853 790 2929 quod
802 2855 930 2930 pertinet
941 2849 977 2906 ad
986 2847 1081 2906 lsrai-

42 2940 159 2995 litioam
170 2949 306 3016 gentem,
331 2939 535 2996 verumetiam
549 2935 694 3013 quodost,
709 2947 738 2993 et
756 2935 960 3007 futurumost,
975 2951 1081 3004 secun-

41 3024 115 3080 dum
128 3024 324 3079 imitationem
335 3022 415 3093 fidei,
427 3032 489 3080 toto
503 3021 572 3079 orbo
586 3031 729 3103 terrarum
741 3022 773 3078 in
787 3022 919 3080 omnibus
933 3017 1081 3098 gentibus.

42 3106 134 3176 Quod
149 3125 260 3178 seman,
274 3107 306 3162 in
320 3108 535 3181 comparatione
547 3105 742 3163 multitudiuis
756 3107 927 3181 impiorum,
950 3102 1081 3179 proiecto

42 3195 76 3248 in
90 3191 198 3266 paucis
212 3199 271 3247 est:
285 3192 415 3265 quamvis
429 3199 459 3245 et
470 3191 531 3265 ipsi
537 3191 622 3264 pauni
632 3189 741 3246 faciant
752 3183 994 3246 innsunerabilem
1005 3184 1079 3240 mul-

43 3274 211 3331 titudinem
221 3291 318 3344 suam,
344 3291 418 3349 quae
430 3272 596 3350 significata
610 3282 655 3328 est
669 3270 825 3328 seeundum
839 3269 1017 3346 hyperbolen
1029 3281 1081 3339 per

45 3377 173 3414 arenam
185 3366 291 3413 terrae.
329 3354 409 3414 Saue
422 3357 479 3411 ista
491 3355 646 3412 multitudo
661 3372 734 3429 quae
746 3355 927 3428 promittitur
939 3347 1081 3417 Abrahae,

45 3461 107 3498 non
118 3441 190 3499 Deo
203 3449 248 3497 est
260 3439 491 3510 innumerabilis,
506 3438 557 3493 sed
570 3437 749 3494 homiuibus:
762 3435 826 3493 Deo
840 3443 936 3490 autem
949 3449 1003 3487 neo
1016 3447 1080 3484 are-

41 3545 82 3581 na
96 3536 210 3584 terrae.
240 3522 368 3579 Proinde
379 3523 446 3599 quia
459 3539 520 3578 non
533 3530 647 3578 tautum
661 3538 734 3599 gens
748 3517 923 3586 lsrailitiea,
949 3512 1001 3570 sed
1013 3513 1080 3567 uni·

38 3625 276 3666 versumsamen
282 3604 424 3678 Abrahae,
431 3604 481 3661 ubi
488 3613 533 3660 et
539 3613 568 3660 et
574 3602 736 3681 [expressa]
742 3600 1079 3679 promissimnonseeun-

37 3693 115 3749 dum
132 3709 265 3760 earnem,
279 3689 330 3744 sed
342 3687 501 3745 seeundum
515 3689 648 3762 spiritum
659 3688 784 3762 plurium
797 3683 933 3753 filiorum,
954 3696 1080 3758 congru-

37 3777 149 3834 entius
165 3774 274 3830 arenae
286 3771 464 3830 multitudini
478 3780 674 3847 eomparatur,
699 3777 796 3846 potest
808 3766 856 3824 hie
870 3765 995 3844 intelligi
1007 3762 1080 3818 utri-

37 3876 143 3936 usque
155 3859 204 3916 rei
217 3857 296 3914 laeta
309 3855 470 3932 promissio.
487 3851 548 3912 Sed
561 3853 626 3910 ideo
641 3853 783 3926 diximus,
802 3850 877 3928 quod
890 3853 949 3907 uon
962 3845 1080 3906 eviden-
