2602 4416
228 237 269 289 44
444 231 543 290 nivi
580 225 769 289 aventii
802 225 1053 286 AVGVSTlNl

227 402 328 441 reum:
352 392 441 460 atquc
454 383 489 440 ab
502 381 558 440 hac
571 371 657 439 tanta
667 381 846 437 auctoritate
858 377 976 436 adhibet
988 382 1186 454 patrocinium
1199 391 1271 440 tur-

226 466 355 542 pitudini
369 485 457 540 suaa,
485 466 595 524 cumin
609 481 644 518 ea
671 480 703 518 se
728 464 821 520 iactat
846 464 957 520 imitari
982 462 1077 520 deum.
1120 465 1271 540 atquem

227 546 333 606 deuml
362 552 469 626 iuquit.
505 548 564 615 Qui
576 547 684 622 tenrpla
698 547 774 602 coeli
787 564 901 603 summo
915 548 1016 602 souitu
1030 549 1172 605 concutit.
1197 547 1270 626 Ego

228 631 389 691 homuncio
406 632 436 688 id
450 649 511 688 nou
525 625 673 686 facerem?
716 627 782 708 Ego
793 647 865 686 vero
879 628 952 686 illud
964 629 1040 701 feci,
1058 649 1093 687 ac
1106 631 1223 688 lubens.

612 728 735 787 CAP.
777 726 889 785 vili.

226 811 271 866 De
281 812 351 865 ladit
361 809 496 874 ιιιιίιιίι,
521 809 550 863 ιἰι
560 809 655 878 quibas
665 807 951 877 dliaoneffecdactar
961 808 1197 863 editioncscaram
1208 817 1272 860 tar-

542 878 714 947 pitada'aam,
732 879 780 930 aad
788 880 946 946 placantur.

289 970 328 1027 At
342 970 421 1025 euim
434 987 495 1026 uon
509 968 669 1026 traduntur
682 969 740 1024 ista
753 969 845 1024 sacris
860 967 993 1041 deorum,
1007 968 1058 1024 sed
1072 967 1179 1024 fabulis
1192 984 1269 1040 poe-

225 1063 332 1110 tarum.
377 1051 454 1109 Nolo
469 1051 569 1110 dicere
583 1053 634 1108 illa
646 1052 771 1128 mystica
786 1068 874 1126 quam
892 1053 950 1107 ista
962 1050 1106 1108 theatrica
1120 1067 1186 1105 esse
1199 1058 1271 1104 tur-

225 1137 323 1211 piora:
348 1133 405 1192 hoc
419 1134 506 1208 dico,
534 1133 613 1210 quod
630 1142 775 1212 negantes
802 1134 955 1190 convincit
978 1132 1119 1205 historia,
1146 1131 1273 1188 cosdem

225 1219 293 1275 illos
306 1217 411 1290 ludos,
436 1218 595 1294 inquibus
617 1224 747 1295 regnant
771 1215 913 1294 figmenta
937 1224 1111 1292 poetarum,
1137 1234 1199 1271 uon
1214 1233 1273 1289 per

225 1303 394 1377 imperitum
420 1302 594 1378 obsequium
620 1300 714 1356 sacris
732 1299 855 1356 deorum
868 1317 991 1355 suorum
1003 1300 1141 1355 intulisse
1155 1296 1272 1354 Roma-

224 1403 298 1457 nos,
325 1384 378 1444 sed
391 1387 471 1461 ipsos
487 1384 575 1456 deos,
601 1389 636 1440 ut
649 1382 706 1439 sibi
720 1383 885 1438 solenniter
898 1381 1075 1453 ederentur,
1102 1390 1132 1437 et
1156 1379 1272 1438 honori

225 1485 280 1524 suo
297 1477 563 1539 consecrarentur,
591 1466 698 1522 acerbe
721 1463 908 1540 imperando,
936 1472 966 1520 et
978 1461 1191 1539 quodammodo
1213 1481 1271 1520 ex-

224 1548 392 1625 torquendo
405 1550 523 1606 iecisse.
547 1547 634 1616 Quod
644 1550 676 1604 in
688 1550 783 1622 primo
797 1548 873 1604 libro
886 1547 970 1604 brevi
984 1547 1271 1606 commemoratione

222 1633 395 1708 perstrinxi.
438 1631 515 1688 Nem
540 1633 768 1708 ingravescente
796 1631 983 1705 pestilentia,
1006 1630 1070 1686 ludi
1085 1629 1197 1686 scenici
1211 1647 1269 1686 au-

225 1719 363 1774 ctoritate
376 1713 556 1772 Pontificum
566 1712 679 1770 Romae
696 1714 834 1788 primitus
847 1714 980 1770 instituti
993 1722 1072 1770 sunt.
1118 1713 1191 1780 Quia
1205 1713 1269 1790 igi-

224 1806 274 1853 tur
300 1797 331 1851 in
357 1796 472 1876 agenda
497 1801 560 1856 vita
585 1815 647 1853 non
667 1813 701 1852 ea
722 1797 779 1852 sibi
800 1797 900 1872 potius
927 1795 1068 1853 sectanda
1085 1795 1268 1868 arbitretur,

224 1897 301 1956 quac
327 1883 491 1938 actitantur
516 1878 595 1938 ludis
621 1880 800 1937 auctoritate
826 1877 928 1937 divina
940 1881 1102 1952 institutis,
1128 1896 1215 1954 quam
1229 1897 1269 1935 ea

223 1980 300 2038 quae
313 1965 521 2040 scriptitantur
533 1963 650 2041 legibus
663 1961 793 2018 humano
804 1965 930 2018 consilio
940 1958 1154 2042 promulgatisi
1172 1960 1268 2018 Adul-

223 2055 321 2104 terum
334 2045 435 2104 lovem
448 2047 473 2102 si
489 2054 595 2121 poetae
608 2045 754 2102 fallaciter
765 2043 973 2120 prodiderunt3
1000 2045 1042 2100 dii
1055 2047 1160 2120 utique
1178 2046 1268 2117 casti,

225 2133 293 2206 quia
320 2139 437 2186 tantum
462 2129 546 2186 nefas
572 2147 625 2204 per
649 2127 794 2184 humanos
820 2127 906 2184 ludos
926 2127 1087 2186 confictum
1113 2136 1173 2200 est,
1202 2145 1268 2184 non

225 2212 294 2285 quia
307 2215 493 2290 neglectum,
520 2212 610 2268 irasci
623 2229 658 2268 ac
671 2210 825 2268 vindicare
838 2210 1013 2268 debuerunt.
1056 2211 1097 2268 Et
1105 2209 1178 2268 haec
1192 2221 1268 2267 suut

224 2295 411 2352 scenicorum
423 2295 624 2352 tolerabiliora
643 2293 797 2366 ludorum,
826 2293 996 2351 comoediae
1022 2296 1138 2352 scilicet
1154 2302 1184 2350 et
1201 2303 1266 2350 trc-

223 2375 364 2454 goediae,
390 2376 446 2434 hoc
460 2387 520 2451 est,
546 2379 663 2435 fabulae
688 2387 843 2451 poetarum
857 2377 990 2456 agendae
1015 2379 1048 2434 in
1075 2378 1266 2453 spectaculis,

223 2461 314 2515 multa
328 2478 428 2517 rerum
441 2460 644 2535 turpitudine,
671 2460 723 2516 sed
736 2463 818 2517 nulla
832 2462 952 2532 saltem,
979 2462 1058 2518 sicut
1080 2463 1138 2518 alia
1159 2461 1265 2532 multa,

222 2543 382 2599 verborum
407 2545 610 2601 obscoenitate
639 2545 835 2618 compositae:
861 2561 935 2620 quas
950 2545 1038 2600 etiam
1057 2546 1136 2601 inter
1154 2542 1265 2616 studia,

223 2643 299 2700 quae
313 2623 438 2682 honesta
453 2645 487 2684 ac
499 2629 634 2684 liberalia
646 2637 810 2700 vocantur,
825 2628 913 2702 pueri
926 2629 1026 2706 legere
1040 2637 1070 2684 et
1082 2626 1196 2684 discere
1211 2645 1265 2682 cc-

222 2717 366 2786 guutura
385 2711 514 2767 senibus.

630 2791 699 2849 CA
721 2793 754 2849 P.
796 2791 863 2848 IX.

223 2883 535 2948 Quidllomaniaeteres
547 2888 578 2938 cle
596 2885 672 2938 cohib
724 2903 741 2939 a
757 2887 867 2956 poetica
886 2889 997 2943 licentia
1017 2889 1160 2953 emaculat,
1181 2906 1265 2957 paam

331 2954 431 3005 Gracci
441 2955 549 3007 alcoram
558 2955 646 3007 secati
657 2955 688 3007 ιἰι
705 2956 801 3021 mam,
821 2957 932 3012 liberam
943 2975 998 3014 carc
1009 2961 1155 3012 coicerent.

286 3034 365 3102 Quid
378 3041 478 3093 autem
489 3035 560 3092 hinc
574 3039 723 3095 senserint
735 3037 863 3097 Romani
875 3051 1002 3114 veteres,
1017 3040 1120 3099 Cicero
1134 3048 1267 3100 testatur

222 3119 254 3174 in
267 3117 368 3190 libris,
394 3136 469 3193 quos
483 3118 519 3176 dc
531 3120 682 3194 republica
696 3123 833 3197 scripsit,
853 3125 905 3180 ubi
918 3123 1021 3200 Scipio
1035 3124 1190 3199 diputans
1204 3129 1264 3186 ait:

223 3199 406 3276 „Nunquam
419 3202 599 3277 comoediae,
612 3205 952 3264 nisiccnsuetudoritae
959 3216 1122 3283 pateretur,
1138 3210 1266 3283 probare

223 3301 277 3339 sua
288 3281 412 3341 theatris
426 3283 541 3364 flagitia
553 3288 731 3362 potuissent.
741 3291 762 3323 ‘⁶
775 3289 930 3347 EtGrceci
944 3291 1063 3368 quidam
1076 3293 1263 3368 antiquiores

221 3367 348 3423 vitiosae
361 3386 433 3425 suae
452 3372 601 3443 opinionis
623 3370 770 3448 quandam
789 3375 1028 3432 convenientiam
1054 3386 1264 3448 serraverunt,

222 3447 299 3524 apud
312 3467 386 3526 quos
399 3451 458 3509 fuit
471 3455 560 3511 ctiam
572 3455 640 3532 lege
653 3473 844 3527 concessum,
874 3466 908 3513 ut
933 3457 1014 3534 quod
1032 3460 1123 3514 vellet
1144 3476 1263 3515 comoe-

222 3531 286 3606 dia,
313 3531 350 3589 de
364 3551 422 3610 quo
435 3537 546 3608 vellet,
573 3537 749 3594 nominatim
762 3536 884 3594 diceret.
927 3539 1046 3616 ltaque,
1065 3542 1145 3598 sicut
1157 3542 1190 3598 in
1203 3544 1263 3598 eis·

222 3614 288 3672 dem
312 3617 397 3673 libris
422 3618 556 3693 loquitur
580 3619 756 3692 Africanus,
784 3637 900 3696 „quem
919 3623 971 3679 illa
991 3641 1053 3679 non
1073 3624 1190 3702 attigit,
1215 3627 1263 3682 vel

222 3698 351 3769 „potius
365 3701 453 3774 quem
471 3717 533 3756 uon
551 3701 689 3772 vexavit,
717 3703 766 3758 cui
790 3700 943 3777 peperciti
986 3704 1078 3778 Esto,
1104 3709 1263 3780 populares

223 3777 384 3848 „homiues
397 3783 566 3856 improbos,
594 3785 626 3839 in
639 3785 793 3856 republica
806 3783 980 3858 seditiosos,
1003 3787 1161 3861 Cleonem,
1175 3788 1263 3846 Cleo-

224 3857 406 3935 .,phontem,
421 3863 623 3940 Hyperbolum
637 3867 732 3923 laesit.
777 3867 942 3944 Patiamur,
965 3872 1080 3950 iuquit,
1109 3873 1166 3928 etsi
1181 3873 1263 3928 eius-
