2586 4396
257 203 320 263 DE
345 203 564 268 clvltltss
587 211 668 271 DEl
694 213 776 280 ΗΒ.
797 218 868 278 Vll.
1027 229 1088 287 209

31 363 160 418 istorum
173 355 402 416 hebetudinem
414 376 474 416 non
486 363 576 440 piget.
620 364 701 424 lnter
725 379 842 428 caetera
865 385 940 448 qu'ac
956 389 1086 453 praeter-

28 448 168 516 mittere,
187 443 341 519 quoniam
353 444 543 518 militarunt,
563 466 668 528 cogor3
694 453 726 508 in
739 451 840 510 ltaliae
854 461 986 533 compitis
1000 479 1089 538 quae-

28 529 91 586 dam
106 529 195 586 dicit
212 544 304 583 sacra
313 526 415 604 Liberi
427 527 573 588 celebrata
586 553 652 590 cum
660 545 744 592 tanta
754 539 875 595 licentia
887 541 1089 617 turpitudinis,

27 624 56 671 ut
68 616 103 670 in
121 616 199 668 eius
216 610 367 668 honorem
377 611 514 686 pudenda
526 617 624 674 virilia
635 621 818 694 colerentur3
844 641 904 680 non
918 629 1022 684 saltem
1034 631 1085 686 ali-

24 707 181 773 quantum
197 695 424 752 verecundiore
436 708 566 770 secreto,
580 702 631 758 sed
644 704 676 759 in
688 707 841 780 propatulo
855 711 1022 768 exsultante
1035 729 1088 768 ne-

24 784 132 857 quitia.
185 779 275 836 Nam
296 777 352 835 hoc
375 788 461 854 turpe
482 785 643 842 membrum
654 804 707 860 per
720 788 821 846 Liberi
840 791 902 848 dier
915 793 1008 852 festos
1022 815 1086 854 eum

23 865 143 922 honore
158 881 286 941 magno
299 864 443 936 plostellis
456 865 640 942 impositum,
666 873 746 945 prins
760 892 829 930 rure
842 876 875 932 in
888 879 1034 954 compitis,
1058 889 1089 936 et

24 968 123 1024 usque
139 950 179 1004 in
194 947 308 1003 urbem
319 955 423 1022 postea
434 951 612 1008 vectabatur.
656 953 691 1012 ln
718 957 821 1036 oppido
847 969 944 1018 autem
963 962 1087 1020 Lavinio

26 1036 77 1088 uni
89 1032 218 1089 Libero
234 1039 319 1086 totus
332 1032 443 1088 mensis
457 1035 659 1109 tribuebatur,
686 1042 770 1096 cuius
789 1041 889 1100 diebus
903 1063 1005 1102 omnes
1019 1067 1086 1104 vcr-

23 1118 67 1172 bia
81 1115 350 1194 flagitiosissimis
363 1123 534 1190 uterentur,
562 1119 657 1178 donec
670 1123 741 1179 illud
754 1125 913 1184 membrum
925 1147 977 1203 per
991 1129 1085 1189 lorum

23 1208 252 1258 transvectum
280 1207 375 1270 esset,
401 1207 488 1276 atque
501 1203 533 1257 in
546 1205 611 1260 loco
627 1225 681 1262 suo
695 1208 870 1282 quiesceret.
915 1211 971 1268 Cui
997 1231 1084 1270 mem·

24 1284 79 1340 bro
93 1282 275 1340 inhonesto
293 1283 543 1342 matremfamilias
568 1285 807 1348 honestissimam
830 1294 928 1366 palam
951 1313 1086 1354 coronam

24 1386 160 1424 necesse
176 1374 250 1421 erat
275 1366 435 1440 imponere.
479 1367 531 1426 Sic
555 1370 696 1428 videlicet
721 1371 809 1430 Liber
835 1375 907 1433 deus
929 1377 1086 1452 placandus

25 1452 136 1507 fuerat
148 1448 354 1524 proventibus
369 1451 529 1525 seminum,
544 1454 588 1510 sic
601 1455 636 1512 ab
648 1457 729 1534 agris
739 1457 896 1516 fascinatio
909 1461 1088 1535 repellenda,

23 1545 62 1591 ut
74 1543 230 1592 matrona
243 1533 346 1590 faeere
355 1546 516 1612 cogeretur
528 1539 560 1594 in
571 1538 706 1612 publico,
731 1541 810 1618 quod
823 1561 879 1600 nec
890 1546 1048 1618 meretrix,
1062 1548 1086 1604 si

24 1629 195 1676 matronae
211 1625 400 1692 spectarent,
424 1622 555 1694 permitti
567 1621 669 1680 debuit
679 1626 712 1680 in
725 1623 848 1683 theatro.
878 1626 1002 1704 Propter
1013 1628 1087 1688 haee

25 1703 189 1760 Saturnus
205 1703 290 1758 solus
304 1700 433 1759 creditus
447 1715 567 1762 nonest
581 1706 715 1768 sufficere
738 1727 825 1784 posse
851 1713 1028 1785 seminibus,
1055 1723 1086 1772 ιιι

26 1789 220 1844 occasiones
234 1785 524 1860 multiplicandorum
534 1789 655 1848 deorum
664 1793 813 1850 immunda
824 1797 922 1852 anima
930 1799 1085 1871 reperiret,

27 1883 58 1928 ct
70 1873 109 1929 ab
125 1889 195 1926 uno
209 1887 285 1936 vero
300 1868 365 1925 Deo
378 1872 483 1928 merito
496 1873 700 1932 immunditiae
717 1877 873 1951 destituta,
898 1898 933 1936 ac
946 1897 999 1953 per
1012 1883 1086 1938 mul·

26 1966 72 2012 tos
86 1956 194 2011 falsos
211 1951 356 2010 aviditate
368 1955 489 2010 maioris
501 1956 703 2016 immunditiae
715 1963 887 2036 prostituta,
914 1964 971 2020 ista
994 1966 1087 2020 sacri·

26 2041 109 2119 legia
124 2056 223 2094 sacra
238 2037 421 2108 nominaret,
449 2055 572 2115 seseque
597 2059 769 2115 spurcorum
793 2045 966 2113 daemonum
991 2047 1087 2104 turbis

27 2119 273 2182 conviolandam
285 2120 526 2198 polluendamque
539 2125 701 2198 praeberet.

411 2271 533 2332 clP.
576 2275 715 2336 XXll.
822 2282 824 2290 '

250 2399 255 2404 -
282 2368 480 2439 ϋιΝιριιιιιι,
499 2381 527 2426 ιι
538 2373 661 2439 Salacia,
681 2394 714 2430 cc
730 2376 843 2434 Venilia.

95 2465 166 2522 inm
178 2463 288 2554 utipue
299 2458 424 2518 habebat
436 2460 581 2520 Salaciam
594 2465 749 2540 Neptunus
775 2485 915 2540 uxorem,
938 2487 1025 2544 quam
1038 2471 1085 2526 in-

27 2552 183 2606 feriorem
198 2563 309 2622 aquam
322 2546 412 2602 maris
427 2565 492 2602 esse
506 2546 664 2620 dixerunt3
690 2560 725 2606 ιιι
748 2550 819 2623 quid
832 2553 877 2606 illi
889 2551 1027 2608 adiuncta
1041 2561 1084 2608 est

28 2644 65 2688 et
78 2631 223 2702 Venilia,
251 2629 314 2686 nisi
339 2637 373 2685 ut
397 2631 536 2687 sineulla
550 2649 640 2688 causa
660 2633 897 2688 necessariorum
923 2651 1084 2705 sacrorum,

29 2718 108 2773 sola
120 2713 246 2770 libidine
259 2713 376 2768 animae
387 2715 578 2788 prostitutae,
604 2716 848 2790 multiplicaretur
864 2717 1002 2774 invitatio
1015 2716 1082 2774 dae·

29 2793 233 2857 monioruml
273 2793 333 2853 Sed
355 2797 521 2871 proferatur
546 2799 752 2873 interpretatio
777 2802 946 2875 praeclarae
971 2799 1081 2859 theolo-

32 2885 128 2962 giae,
143 2899 219 2956 quae
232 2877 335 2938 nesab
348 2882 407 2937 ist'a
416 2879 646 2956 reprehensione
656 2883 772 2941 reddita
781 2885 897 2942 ratium
908 2897 1083 2961 compescat.

32 2967 178 3038 Venilia,
207 2965 323 3039 inquit,
349 2964 428 3021 unda
439 2976 499 3036 ιιι,
523 2985 598 3041 quae
611 2967 648 3024 ad
661 2970 731 3028 litus
744 2970 840 3026 venit:
866 2967 994 3043 Salacia,
1008 2989 1082 3047 quae

30 3055 67 3109 iu
92 3052 195 3108 salum
217 3046 306 3104 redit
349 3045 409 3105 Gur
422 3068 493 3127 ergo
507 3049 579 3107 desc
591 3051 667 3109 fiunt
679 3052 772 3126 duae,
800 3071 866 3110 cum
879 3056 919 3112 sit
931 3072 991 3112 una
1004 3054 1082 3112 unde

30 3155 116 3212 quac
141 3134 231 3190 venit
254 3139 285 3188 et
302 3127 398 3188 reditl
425 3131 536 3208 Nempe
550 3136 614 3210 ipsa
627 3146 672 3192 est
685 3147 863 3196 exaestuans
876 3140 909 3196 in
921 3140 1013 3196 multa
1026 3157 1083 3198 nu·

28 3222 120 3278 nsina
135 3215 230 3274 libido
242 3234 364 3274 resana.
407 3217 546 3284 Quamvis
560 3221 639 3276 enim
650 3239 725 3296 aqua
743 3241 803 3278 non
822 3225 989 3300 geminetur
1008 3240 1083 3298 quae

29 3306 73 3373 it,
102 3311 137 3358 et
150 3299 246 3374 redit3
273 3300 362 3357 huius
375 3308 474 3356 tamen
488 3303 641 3360 occasione
654 3307 810 3375 vanitatis,
837 3305 951 3363 duobus
965 3304 1084 3362 daemo-

29 3389 96 3444 niis
121 3387 280 3457 invitatis,
307 3386 430 3458 amplius
443 3385 541 3442 anima
555 3391 798 3458 commaculatur,
826 3405 902 3462 quae
913 3391 955 3459 it,
982 3396 1011 3442 et
1023 3403 1083 3442 non

28 3470 126 3528 redit.
173 3469 295 3536 Quaeso
316 3476 349 3523 te
370 3465 480 3540 Varro,
502 3471 552 3526 rel
563 3488 616 3526 vas
631 3473 681 3545 qui
693 3480 753 3526 tam
767 3468 921 3527 doctorum
933 3469 1082 3526 homiuum

29 3557 111 3611 talia
135 3553 249 3626 scripta
261 3552 396 3630 legistis,
422 3561 452 3608 et
464 3553 576 3627 aliquid
588 3572 727 3631 magnum
738 3569 792 3609 ros
806 3551 945 3608 didicisse
958 3551 1084 3622 iactatis,

29 3637 285 3714 interpretamini
305 3634 379 3706 hoc,
405 3637 473 3692 nalo
487 3636 586 3692 dicere
604 3636 770 3694 secundum
781 3637 862 3690 illam
874 3643 1024 3690 aeternam
1035 3635 1084 3691 in-

31 3719 343 3795 commutabilemque
356 3727 508 3790 naturam,
535 3721 703 3796 quaerelas
718 3717 875 3790 ιιιῦιιιις
905 3717 956 3774 sed
981 3719 1083 3775 saltem
1117 3787 1120 3794 ι

30 3803 207 3864 secundum
221 3804 351 3860 animam
363 3802 480 3873 mundi,
499 3811 530 3858 ιι
541 3813 640 3877 partes
655 3806 736 3873 eius,
750 3821 823 3878 quos
836 3801 906 3858 deos
919 3811 1006 3860 teres
1020 3821 1083 3858 esse

32 3888 234 3946 existimatis.
262 3885 379 3943 Partem
391 3887 507 3944 animae
519 3887 635 3960 mundi,
649 3905 723 3963 quae
736 3904 817 3942 mare
828 3895 976 3961 permeat,
998 3893 1083 3942 acum

769 3969 795 4028 0
