2586 4396
239 181 297 240 ΒΕ
319 179 538 242 ClVlTATE
559 182 640 242 DEI
661 183 742 242 ΗΒ.
763 186 834 246 XV.
1015 194 1054 252 45

27 346 111 398 recte
125 333 298 407 dividendo,
311 334 365 392 hoe
379 345 438 408 est,
457 355 518 394 non
528 346 608 394 recte
621 338 763 411 virendo,
777 349 806 396 et
819 342 955 421 indignus
969 345 1054 404 ouius

24 419 237 498 approbaretur
256 420 378 492 oblatio,
407 438 492 496 quam
513 430 592 478 esset
608 423 760 494 iniustior,
787 423 864 499 quod
876 423 993 484 fratrem
1007 431 1053 485 iu-

23 517 105 563 stum
118 504 214 583 gratis
229 502 353 575 odisset,
367 504 502 561 ostendit.

89 587 158 646 Non
177 596 275 644 tamen
294 607 361 644 eum
378 586 526 646 dimittens
546 591 609 647 sine
628 590 763 649 mandato
783 602 900 665 sancto,
927 595 1002 649 iusto
1026 603 1056 652 et

23 675 121 731 bono:
139 669 275 743 Quiesce,
289 673 398 747 inquit3
410 674 452 730 cd
464 683 493 731 te
506 675 580 732 enim
591 677 740 733 conversio
753 677 827 748 eius,
839 686 869 734 et
881 686 914 734 tu
926 678 1057 735 domino-

25 759 110 814 bere‘s
124 755 213 812 illius.
250 754 396 831 Numquid
409 753 528 814 fratrisi
553 759 643 816 Absit.
679 757 767 817 Cuius
782 761 890 838 igitur,
916 761 975 816 nisi
986 780 1055 836 pee-

27 835 110 897 catil
136 837 262 896 Dixerat
274 839 363 912 enim,
390 837 541 900 Peccantis
566 841 745 900 tumdeinde
758 841 885 916 addidit,
914 841 1055 917 Quiesc03

27 924 73 981 od
84 933 114 980 te
126 924 200 980 ene'm
213 924 363 981 conversio
377 926 456 994 eice,
469 934 499 982 ct
511 935 544 983 ts
558 926 753 985 dominaberis
766 926 857 984 illics.
877 925 978 984 Potest
990 929 1054 1004 qai-

29 1007 96 1064 dem
114 1009 158 1063 ita
175 1007 304 1084 intelligi
321 1007 358 1063 ad
376 1009 469 1084 ipsum
480 1007 627 1066 hominem
639 1012 860 1068 conversionem
873 1029 938 1068 esse
952 1009 1056 1068 debere

27 1092 158 1166 peccati,
186 1099 219 1146 ut
230 1091 305 1147 nulli
317 1092 368 1148 alii
379 1110 465 1168 quam
477 1091 533 1150 sibi
551 1095 625 1150 soiat
637 1095 767 1151 tribuere
780 1093 885 1150 debere
898 1093 975 1170 quod
986 1115 1054 1170 pec-

28 1185 85 1232 cat.
130 1171 214 1231 Haeo
229 1184 274 1230 est
285 1176 362 1232 enim
377 1175 500 1232 salubris
513 1179 711 1252 poenitentiae
723 1176 883 1249 medicina,
910 1188 939 1234 et
952 1181 1055 1236 veniae

27 1260 132 1334 petitio
149 1278 209 1315 non
227 1259 406 1338 incongrua,
430 1269 463 1316 ut
480 1259 530 1316 ubi
546 1262 604 1332 ait,
629 1259 678 1318 Ad
688 1271 718 1319 te
732 1262 806 1319 enim
819 1262 969 1319 conversio
982 1263 1054 1331 eice,

28 1361 90 1400 non
109 1342 312 1415 subaudiatur,
326 1345 396 1412 erit;
424 1343 490 1414 sed,
513 1345 565 1417 sit;
590 1345 796 1420 praecipientis
817 1343 970 1416 videlicet,
995 1363 1055 1400 non

26 1426 225 1503 praedicentis
238 1425 332 1483 modo.
376 1424 460 1485 Tunc
479 1429 557 1486 enim
577 1427 772 1484 dominabitur
791 1429 913 1504 quisque
925 1437 1055 1503 peccato,

26 1514 51 1566 si
66 1509 97 1566 id
109 1509 168 1566 sibi
180 1529 240 1568 non
250 1509 433 1568 defendendo
443 1514 659 1587 praeposuerit,
673 1512 724 1568 sed
736 1510 912 1587 poenitendo
925 1511 1055 1568 subiece-

24 1597 80 1652 rit:
107 1595 241 1670 alioquin
255 1603 285 1650 et
296 1595 341 1650 illi
354 1597 465 1654 serviet
478 1596 654 1666 dominanti,
673 1598 699 1652 si
710 1596 905 1670 patrocinium
917 1594 1055 1652 adhibue-

23 1681 66 1734 rit
78 1678 232 1735 aceidenti.
260 1676 319 1736 Sed
332 1688 366 1735 ut
377 1690 529 1754 peccatum
545 1681 729 1758 intelligatur
743 1680 980 1754 concupiscentie
992 1680 1056 1752 ipsa

25 1762 169 1833 carnalis,
195 1761 231 1818 de
248 1781 307 1839 qua
325 1762 397 1820 dicit
408 1764 579 1839 Apostolus,
608 1761 685 1821 Coro
709 1764 889 1842 concupiecit
912 1763 1055 1821 adversae

24 1849 184 1926 spiritum
208 1848 242 1903 in
260 1848 344 1904 cuius
364 1849 461 1904 carnis
481 1847 624 1905 fructibus
642 1857 672 1903 et
685 1847 825 1904 invidiam
839 1856 1055 1917 commemorat,

24 1951 79 2008 qua
93 1931 196 2006 utique
210 1929 283 1988 Cain
296 1932 515 2004 stimulabatur,
542 1941 572 1988 et
591 1930 804 1989 accendebatur
823 1932 855 1986 in
872 1929 971 1987 fratris
991 1930 1055 1986 exi·

23 2018 112 2072 tium:
138 2014 214 2070 bene
228 2013 413 2086 subauditur,
427 2017 500 2086 erit,
518 2015 621 2087 idest,
640 2013 689 2072 Ac
701 2025 730 2072 te
743 2016 818 2072 enim
830 2015 980 2072 eonoeres'o
993 2015 1055 2068 eice

24 2103 97 2170 etit,
125 2109 155 2156 et
168 2108 201 2155 ιιι
215 2098 410 2158 dominaberis
424 2099 513 2156 illiue.
556 2097 628 2156 Cum
642 2098 720 2154 enim
734 2105 877 2154 commota
888 2094 977 2152 luerit
988 2112 1056 2170 pars

22 2186 89 2258 ipsa
103 2183 240 2254 earnalis,
254 2199 338 2257 quam
350 2191 503 2257 peecatum¹
515 2182 640 2258 appellat
649 2181 820 2256 Apostolus,
834 2179 884 2236 ubi
897 2178 978 2250 dicit,
991 2173 1056 2234 Non

24 2287 80 2345 ego
96 2268 212 2343 operior
225 2265 309 2336 illud,
323 2265 376 2323 sed
388 2266 464 2343 quod
474 2263 593 2324 habitat
607 2266 637 2321 e'n
650 2283 694 2321 me
704 2273 876 2340 peccatum:
890 2280 976 2340 quam
987 2279 1055 2337 par·

23 2361 84 2407 tem
109 2351 200 2406 animi
223 2351 310 2405 etiam
332 2347 497 2424 philosophi
520 2349 622 2406 dicunt
645 2367 710 2404 esse
727 2349 881 2419 vitiosam,
907 2365 968 2404 non
981 2365 1055 2422 quae

23 2444 151 2492 mentem
166 2433 269 2490 debeat
281 2430 414 2504 trahere,
429 2431 480 2489 sed
495 2435 542 2489 cui
555 2450 636 2488 niens
651 2430 753 2487 debeat
764 2433 920 2506 imperare,
933 2447 1055 2503 eamque

23 2521 59 2576 ab
72 2520 186 2576 illicitis
200 2518 335 2594 operibus
349 2518 463 2573 ratione
477 2513 626 2573 cohibere:
646 2532 711 2570 cum
724 2532 794 2590 ergo
809 2521 954 2568 commota
965 2511 1054 2566 fuerit

23 2603 63 2659 ad
75 2603 184 2677 aliquid
196 2619 347 2676 perperam
358 2598 604 2670 committendum,
618 2598 644 2652 si
658 2592 716 2672 [ac]
729 2597 894 2670 quiescatur
904 2604 933 2650 et
943 2594 1053 2650 obtem-

20 2695 147 2764 peretur
159 2685 268 2743 dicenti
280 2685 434 2759 Apostolo,
455 2679 500 2741 Ne
511 2679 704 2740 exhibueritis
715 2678 843 2741 membro
853 2688 957 2736 oestro
969 2696 1056 2734 crona

21 2770 196 2848 iniquitatis
214 2780 359 2849 peccoto;
381 2767 418 2824 ad
435 2775 563 2824 mentem
588 2765 695 2822 domita
718 2773 747 2820 et
765 2763 844 2820 victa
862 2761 1054 2832 convertitur,

22 2865 59 2911 ut
73 2852 202 2910 subditae
213 2855 289 2910 ratio
302 2852 476 2909 dominetur.
509 2848 574 2908 Hoc
588 2849 738 2925 praecepit
751 2846 831 2906 Deus
844 2845 927 2918 huic,
946 2846 997 2921 qui
1010 2843 1055 2912 fa·¹

22 2939 108 2995 cibus
122 2938 250 2994 invidiae
268 2936 500 2994 inflammabatur
519 2938 551 2992 in
564 2934 685 2991 fratrem
697 2942 727 2990 et
740 2951 826 3009 quem
839 2931 976 2988 debuerat
988 2930 1054 2985 imi-

20 3025 96 3094 tari,
111 3022 246 3097 cupiebat
259 3021 375 3078 auferri.
406 3019 544 3091 Quiesce,
557 3019 666 3094 inquit:
690 3016 796 3074 Manus
809 3017 845 3074 ab
859 3017 969 3072 scelere
983 3033 1054 3070 con-

19 3111 104 3181 tine3
130 3125 192 3163 non
205 3115 311 3184 regnet
322 3115 473 3181 peccatum
486 3107 517 3162 in
531 3113 582 3162 tuo
596 3103 713 3158 mortali
726 3120 847 3175 torpore
866 3098 902 3156 ad
915 3098 1054 3156 obedien-

20 3193 92 3248 dum
107 3189 262 3248 desideriis
275 3193 355 3260 eius,
376 3207 431 3244 nec
444 3187 581 3245 exhibeas
593 3186 721 3242 membre
733 3195 786 3242 tua
797 3185 963 3259 iniquitatis
975 3199 1055 3238 arma

15 3285 155 3352 peccato.
198 3273 247 3331 Ac
263 3285 293 3332 te
305 3276 379 3331 enim
391 3273 540 3330 conversio
553 3272 633 3328 eins:
659 3271 726 3326 dum
739 3286 799 3324 non
811 3265 965 3323 adiuratum
978 3267 1054 3322 rela-

17 3360 138 3441 xando,
166 3358 218 3414 sed
243 3354 417 3433 quiescendo
441 3355 601 3432 fraenatur.
644 3351 685 3408 Et
697 3361 731 3408 tu
742 3349 938 3409 dominaberis
957 3348 1055 3404 illiue:

14 3454 59 3502 ut
74 3463 138 3500 cum
151 3443 318 3499 forinsecus
332 3459 391 3498 non
403 3439 579 3514 permittitur
594 3435 725 3512 operari,
753 3433 805 3488 sub
817 3439 961 3506 potestate
973 3447 1056 3486 men-

16 3532 65 3586 tis
90 3529 222 3605 regentis
247 3536 276 3582 et
298 3525 500 3583 benevolentis
524 3528 673 3578 assuescat
695 3517 782 3574 etiam
799 3515 976 3571 intrinsecus
996 3529 1057 3566 uon

14 3614 149 3671 moveri.
194 3610 315 3667 Dictum
332 3619 378 3667 est
395 3609 453 3664 tale
471 3605 579 3681 aliquid
596 3606 628 3661 in
646 3600 749 3660 eodem
767 3599 866 3655 divino
885 3597 959 3653 libro
980 3593 1057 3650 etde

15 3699 167 3767 rriuliere,
195 3694 309 3770 quando
325 3701 392 3769 post
407 3699 558 3766 peccatum
571 3687 635 3745 Deo
653 3689 855 3761 interrogante
874 3689 959 3754 atque
981 3676 1057 3735 iudi-

17 3791 112 3838 cante
127 3779 324 3837 damnationis
338 3776 498 3834 sontentias
511 3780 699 3846 acceperunt,
724 3770 756 3825 in
770 3772 904 3840 serpente
917 3761 1057 3831 diabolus,

14 3879 49 3924 et
67 3869 108 3923 in,
118 3883 151 3920 so
166 3865 237 3941 ipsis
253 3863 303 3918 illa
317 3871 346 3918 ct
358 3860 488 3918 maritus.
532 3855 605 3913 Cum
618 3855 696 3910 enim
709 3851 831 3908 dixisset
843 3849 888 3923 ei,
912 3845 1058 3926 Multipli-
