2592 4396
214 219 276 274 404
444 201 543 262 DlVl
564 195 754 258 AVRELll
778 190 1038 252 AVGVSTlNl

214 361 343 424 mirabili
356 359 414 416 Dei
427 354 524 433 gratia
541 341 777 427 praestabatur:)
796 355 896 402 tamen
911 354 942 400 et
959 345 1032 402 alios
1047 344 1205 403 sumebant
1221 349 1261 404 oi·

214 448 266 506 bos
278 451 394 522 praeter
407 457 496 496 unam
510 435 653 505 arborem,
668 449 743 510 quac
753 431 850 487 fuerat
858 426 1026 500 interdicta,
1040 446 1101 485 non
1113 430 1185 503 quia
1198 432 1266 505 ipsa

216 539 281 588 erat
292 527 411 596 malum,
426 520 477 580 sed
487 528 607 594 propter
619 513 878 574 commendandum
890 529 982 588 purae
993 520 1023 568 et
1032 512 1174 586 simplicis
1190 514 1265 570 obe.

216 612 345 670 dientiae
357 609 477 676 bonum,
492 621 567 679 quae
579 617 688 679 magna
698 599 792 657 virtus
809 606 855 654 est
866 596 1020 654 sationalis
1035 603 1189 652 creaturae
1205 597 1266 654 sub

217 697 357 754 creatore
368 690 497 749 Domino
512 686 699 744 constitutae.
717 680 794 740 Nam
806 681 856 738 ubi
869 681 982 737 nullum
995 681 1102 735 malum
1115 679 1266 757 tangeba-

216 791 276 852 tur,
289 777 424 854 prolecto
438 773 464 828 si
475 767 654 848 prohibitum
666 773 849 845 tangeretur,
867 766 929 820 sola
941 761 1141 820 inobedientia
1153 781 1265 838 pecca-

216 863 311 921 batur.
334 857 494 917 Alebantur
508 872 579 932 ergo
593 853 659 908 aliis
672 868 747 928 quae
760 847 925 920 sumebant,
939 865 977 904 ne
987 847 1125 903 animalia
1134 865 1265 924 corpora

216 943 370 1003 molestiae
383 937 494 1015 aliquid
507 934 665 994 esuriendo
679 953 713 991 ac
725 931 853 990 sitiendo
868 933 1029 988 sentirent:
1059 929 1095 985 de
1108 930 1193 1008 ligno
1210 949 1264 988 au-

217 1039 277 1086 tem
289 1027 370 1084 ritae
382 1031 538 1098 propterea
551 1017 734 1100 gustabatur,
746 1035 785 1074 ne
797 1033 877 1072 mors
891 1017 933 1073 eis
946 1014 1142 1088 undecunque
1156 1015 1265 1071 subre-

217 1120 317 1190 peret,
341 1111 389 1166 'vel
402 1114 557 1164 senectute
571 1103 705 1160 conlecta
718 1099 849 1157 decursis
862 1108 1024 1175 temporum
1038 1097 1139 1173 spatiis
1154 1098 1265 1154 interi-

217 1203 299 1254 rent:
314 1201 452 1268 tanquam
466 1197 582 1245 caetera
596 1194 696 1243 essent
708 1186 860 1255 alimento,
871 1181 944 1240 illud
956 1189 1154 1253 sacramento;
1168 1191 1206 1237 nt
1221 1183 1267 1238 sic

218 1279 310 1338 fuisso
323 1275 483 1350 accipiatur
496 1273 611 1350 lignum
622 1270 701 1327 vitae
713 1269 745 1324 in
755 1266 889 1343 paradiso
901 1266 1055 1342 corporali,
1069 1265 1145 1320 siout
1154 1265 1188 1320 in
1198 1266 1268 1340 spi-

217 1363 309 1434 ritali,
321 1359 376 1416 boc
389 1365 444 1429 cst,
458 1354 639 1433 intelligibili
651 1351 799 1429 paradiso,
817 1348 970 1426 Sapientia
983 1348 1051 1420 Dei,
1065 1347 1101 1402 de
1114 1365 1173 1423 qua
1186 1349 1269 1404 scri-

217 1455 300 1521 ptum
313 1452 371 1500 est:
386 1436 518 1517 Lignum
531 1440 612 1496 citae
627 1445 673 1494 est
685 1433 928 1513 amplectentibus
943 1452 1014 1491 sam.

597 1601 719 1662 cnr.
763 1598 877 1660 XXI.

219 1705 260 1758 Da
268 1705 410 1784 paradiso,
429 1703 459 1756 in
469 1718 520 1784 pua
527 1700 614 1780 primi
624 1700 886 1820 lominespfcerant,
902 1697 973 1767 qacd
981 1703 1052 1778 fecte
1059 1695 1148 1764 possit
1158 1695 1270 1780 signifi

253 1774 360 1828 catione
371 1789 428 1825 esus
439 1773 564 1842 sparstale
575 1769 680 1838 alaqasd
688 1777 744 1821 ante
756 1773 807 1839 legs
812 1806 821 1832 ,
846 1770 921 1820 salac
930 1774 1047 1818 caretate
1057 1775 1236 1820 narrationis

535 1838 681 1892 historicae
692 1839 723 1891 dc
733 1836 870 1910 corporali
879 1838 944 1890 loco.

279 1949 363 2009 Vnde
383 1949 520 2006 nonnulli
537 1955 632 2004 totum
650 1947 733 2002 illum
750 1945 932 2022 paradisum,
955 1945 1005 2001 ubi
1021 1945 1109 2018 primi
1127 1942 1271 2003 homines

218 2043 354 2113 parentes
368 2034 487 2112 generis
500 2029 621 2088 humani
634 2037 754 2086 sanotae
766 2027 937 2105 Scripturas
948 2029 1073 2086 veritate
1085 2026 1184 2086 fuisse
1198 2049 1273 2087 nar-

218 2128 334 2191 rantur,
349 2117 386 2174 ad
393 2115 594 2194 intelligibilia
602 2113 749 2185 referunt,
763 2114 939 2188 arboresque
947 2113 1012 2168 illas
1025 2119 1054 2167 et
1063 2113 1148 2190 ligna
1159 2112 1272 2172 fructi-

219 2204 283 2260 iera
296 2205 328 2258 in
339 2203 466 2258 virtutes
479 2201 559 2256 vitae
572 2214 726 2271 moresque
739 2205 930 2254 convertunt:
944 2205 1083 2270 tanquam
1092 2196 1234 2254 risibilia
1246 2209 1274 2254 et

220 2285 384 2358 corporalia
396 2283 449 2338 illa
462 2300 522 2338 non
535 2279 660 2351 fuerint,
687 2274 739 2335 sed
757 2280 988 2359 intelligibilium
1001 2277 1274 2356 significandorum

220 2367 308 2424 causa
322 2364 357 2422 eo
370 2364 456 2420 modo
470 2363 547 2420 dicta
560 2364 609 2419 rel
622 2363 732 2437 scripta
744 2365 814 2420 sint.
858 2365 949 2432 Quasi
964 2371 1119 2438 propterea
1135 2381 1206 2421 non
1220 2385 1272 2442 po-

219 2451 310 2507 tuerit
323 2467 387 2505 esse
401 2447 554 2524 paradisus
568 2447 745 2522 corporalis,
768 2448 836 2524 quia
847 2455 945 2520 potest
957 2448 1045 2502 etiam
1058 2447 1210 2520 spiritalis
1226 2453 1273 2506 in-

220 2535 331 2612 telligi:
346 2541 490 2608 tanquam
503 2531 570 2588 ideo
584 2549 646 2587 non
658 2527 772 2588 fuerint
785 2530 861 2587 duae
874 2531 1025 2601 mulieres,
1038 2529 1119 2608 Agar
1134 2539 1169 2587 et
1182 2530 1274 2604 Sara,

221 2627 303 2674 etex
315 2618 374 2674 illis
389 2617 445 2674 duo
458 2615 528 2674 Filii
540 2613 692 2687 Abrabae,
713 2633 789 2672 unus
808 2613 844 2670 de
863 2616 986 2685 ancilla,
1010 2615 1085 2668 alius
1104 2613 1142 2670 de
1161 2615 1275 2689 libera,

220 2703 288 2777 quia
299 2700 357 2758 duo
365 2700 555 2757 Testamenta
568 2701 600 2754 in
615 2700 658 2754 ais
671 2697 800 2775 figurata
813 2697 884 2754 dicit
894 2697 1067 2772 Apostolus:
1081 2705 1134 2753 aut
1147 2697 1224 2758 ideo
1241 2702 1277 2757 de

220 2787 303 2841 nulla
314 2793 399 2857 petra
412 2781 517 2856 Moyse
530 2781 716 2854 percutiente
729 2799 804 2857 aqua
817 2779 990 2850 defluxerit,
1014 2781 1080 2855 quia
1093 2789 1198 2855 potest
1211 2787 1276 2842 illic

219 2867 348 2944 figurata
361 2864 581 2942 significatione
594 2863 683 2919 etiam
695 2863 829 2922 Christus
843 2865 992 2942 intelligi,
1007 2864 1106 2920 eodem
1119 2864 1277 2940 Apostolo

220 2949 349 3006 dicente:
369 2945 464 3005 Petra
477 2955 576 3004 aotam
589 2956 657 3004 erat
673 2945 821 3006 Christus.
842 2948 940 3006 vNemo
955 2950 1055 3024 itaque
1066 2945 1209 3022 probibet
1224 2955 1277 3009 in·

220 3031 316 3106 telligi
328 3030 506 3104 paradisum,
521 3031 611 3085 vitam
623 3029 792 3102 beatorum3
815 3041 939 3108 quatuor
952 3033 1016 3088 eius
1031 3029 1171 3103 flumina,
1192 3052 1278 3111 qua-

219 3123 289 3169 tuor
301 3113 445 3184 virtutes,
459 3109 661 3187 prudentiam,
675 3113 894 3186 fortitudinem,
912 3117 1151 3189 temperantiam,
1177 3127 1278 3195 atque

219 3197 378 3270 iustitiam3
404 3204 434 3252 et
446 3197 528 3274 ligna
542 3197 623 3268 eius,
645 3215 746 3253 omnes
760 3200 849 3255 utiles
863 3197 1048 3273 disciplinam
1072 3206 1103 3254 et
1114 3198 1279 3278 lignorum

219 3279 343 3350 fructus,
356 3281 453 3336 mores
463 3280 593 3355 piorum3
608 3289 638 3336 et
648 3281 763 3359 lignum
771 3283 862 3354 vitae,
875 3283 968 3356 ipsam
978 3281 1122 3338 bonorum
1133 3287 1278 3342 omnium

219 3373 343 3422 matrem
356 3365 545 3440 sapientiam,
573 3372 603 3420 et
621 3364 733 3442 lignum
754 3367 896 3422 scientiae
916 3367 987 3423 boni
1004 3375 1035 3420 et
1051 3366 1139 3436 mali,
1168 3376 1277 3426 trans-

219 3449 318 3527 gressi
329 3447 462 3505 mandati
475 3448 717 3522 experimentum.
735 3447 864 3506 Poenam
877 3451 957 3506 enim
971 3449 1180 3524 peccatoribus
1195 3452 1288 3509 beno¹

220 3533 335 3608 utique,
349 3533 488 3608 quoniam
500 3532 588 3602 iuste,
602 3533 757 3589 constituit
767 3531 860 3605 Deus,
875 3533 1000 3590 sednon
1013 3533 1090 3589 bono
1104 3551 1163 3590 suo
1178 3553 1279 3612 expe-

220 3617 297 3670 ritur
309 3615 406 3671 bomo.
429 3613 557 3670 Possunt
568 3611 641 3670 haec
655 3615 743 3672 etiam
755 3618 788 3672 in
801 3616 935 3674 Ecclesia
949 3617 1092 3694 intelligi,
1105 3625 1143 3672 ut
1157 3635 1196 3674 ea
1210 3639 1282 3677 rna·

220 3697 276 3750 lius
296 3699 475 3772 accipiamus
494 3706 633 3771 tanquam
650 3697 820 3773 prophetica
841 3700 950 3758 indicia
962 3697 1175 3776 praecedentia
1188 3701 1288 3766 futu-s

220 3795 336 3836 rorum:
350 3780 516 3856 paradisum
528 3781 641 3836 scilicet
652 3783 746 3856 ipsam
757 3782 934 3858 Ecclesiam,
950 3785 1028 3840 sicut
1041 3781 1076 3838 de
1090 3784 1143 3850 illa
1157 3786 1282 3865 legitur

222 3860 252 3915 in
263 3858 385 3921 Cantica
398 3865 591 3919 canticorum:
605 3873 730 3940 quatuor
743 3877 841 3924 autem
850 3868 979 3945 paradisi
990 3865 1122 3940 flumina,
1138 3881 1288 3946 quatuon
