2538 4392
192 201 251 259 ΒΕ
274 201 491 264 ClVlTh'l'E
514 205 596 264 DEl
617 206 696 264 ΗΒ.
719 206 848 266 xvlll.
975 219 1036 274 213

23 361 196 428 terpretaturu
209 361 265 424 cst,
286 353 362 428 quod
373 352 526 412 Ecclesiae
540 355 664 413 Latinae
677 366 789 414 tenent.
825 361 962 428 Quamvis
976 385 1036 426 non
1139 345 1144 354 Ι

23 434 133 492 deluerit
145 435 323 509 temporibus
342 439 452 494 nostris
474 439 628 514 presbyter
640 437 861 516 Hieronymus,
884 443 970 502 homo
985 449 1036 505 do-

23 519 168 587 ctissimus,
191 525 220 572 et
243 519 371 576 omnium
393 521 482 576 trium
502 523 670 598 linguarum
691 525 818 596 peritus,
844 528 893 600 qui
916 547 976 584 non
998 549 1035 586 ex

23 601 133 670 Graeco,
154 598 204 656 scd
217 617 256 654 cx
268 598 405 658 Hebraeo
419 605 451 660 in
464 602 601 660 Latinum
614 606 762 680 eloquium
776 605 892 665 easdem
905 607 1037 685 Scriptu-

23 701 61 740 ras
74 683 256 740 converterit.
292 681 351 739 Sed
370 686 433 741 eius
455 695 515 742 tam
533 689 681 744 literatum
698 688 827 746 laborans
841 694 974 766 quamvis
989 691 1037 748 lu-

23 766 74 822 laei
87 765 229 822 fateantur
248 783 314 820 esse
333 785 487 838 veracem,
513 767 709 848 Septuaginta
728 789 799 828 vero
813 773 990 849 interpretes
1006 777 1038 832 in

23 849 106 905 uultis
125 865 236 904 errasse
258 849 451 908 contendant:
477 861 575 908 maren
588 851 737 909 Ecclesiae
751 852 861 912 Christi
880 866 925 914 tot
944 856 1037 914 homi·
1107 844 1109 848 ⁵

23 950 79 988 rum
92 931 268 1002 enormitati,
281 933 316 988 ab
330 930 472 990 Eleazaro
485 944 555 991 tunc
565 936 706 1010 pontifice
719 937 755 992 ad
768 936 824 994 hoc
837 948 951 996 tantum
966 958 1037 1014 opus

23 1015 178 1085 lectorum,
203 1015 349 1070 neminem
368 1015 499 1074 iudicant
517 1019 755 1092 praeferendum:
782 1022 851 1094 quia
864 1023 920 1078 etsi
933 1041 993 1079 non
1007 1026 1039 1079 in

23 1099 50 1152 tis
64 1114 140 1152 unns
153 1098 336 1170 apparuisset
348 1097 487 1174 Spiritus,
510 1103 574 1158 siue
589 1102 771 1158 dubitatione
785 1101 912 1175 divinus,
927 1105 978 1160 sed
991 1107 1038 1162 in·-

24 1199 53 1235 er
70 1198 102 1234 se
119 1178 207 1234 verba
225 1181 477 1254 interpretationis
499 1201 570 1239 suae
585 1183 780 1261 Septuaginta
797 1185 878 1242 docti
890 1205 972 1243 more
985 1187 1038 1244 ho-

23 1264 117 1318 ninum
129 1263 339 1335 contulissent,
359 1273 393 1320 ut
405 1265 482 1341 quod
494 1267 653 1339 placuisset
670 1267 803 1323 omnibus
822 1266 877 1324 hoc
895 1279 1038 1341 maneret,

23 1347 103 1400 lullus
117 1345 159 1399 eis
171 1362 249 1401 unus
261 1347 408 1420 interpres
422 1347 521 1405 debuit
534 1351 687 1422 anteponi:
714 1369 781 1406 cnm
793 1369 865 1407 vero
879 1360 994 1408 tantum
1005 1355 1037 1408 in

23 1429 49 1482 is
63 1429 179 1504 siguum
192 1426 355 1484 divinitatis
369 1432 513 1505 apparuit,
539 1432 672 1505 prolecto
687 1433 820 1507 quisquis
834 1435 908 1488 alius
922 1435 1036 1490 illarum

23 1510 221 1584 leripturarum
233 1527 271 1566 ex
285 1509 420 1568 Hebraea
432 1514 465 1568 in
478 1515 636 1587 quamlibet
648 1515 735 1570 ahorn
747 1515 879 1592 linguam
891 1517 1037 1589 interpres

23 1602 50 1648 st
60 1609 166 1662 verax,
193 1601 243 1648 aut
262 1595 399 1671 congruit
415 1596 475 1651 illia
490 1593 685 1674 Septuaginta
698 1598 923 1671 interpretibus,
949 1607 1000 1654 aut
1013 1601 1038 1654 si

23 1693 169 1754 ongruere
186 1693 247 1732 non
264 1676 398 1748 videtur,
424 1677 549 1734 altitudo
568 1679 609 1735 ibi
626 1677 796 1754 prophetica
815 1698 880 1735 esse
893 1679 1038 1736 credenda

23 1769 56 1814 st.
81 1755 207 1832 Spiritus
221 1760 299 1815 enim
314 1760 409 1835 quiin
422 1759 576 1835 Prophetis
589 1771 667 1833 erat,
696 1761 811 1837 quando
824 1763 874 1819 illa
888 1762 1037 1834 dixerunt,

23 1841 81 1898 lcrn
94 1842 156 1915 ipse
170 1849 233 1898 erat
245 1843 333 1898 etiam
346 1843 378 1899 in
392 1841 587 1922 Septuaginta
599 1846 684 1916 viris,
697 1843 814 1919 quando
827 1847 878 1901 illa
891 1847 1037 1920 interpre-

23 1927 54 1982 sti
69 1931 154 1980 sunt:
173 1925 223 1998 qui
234 1925 364 1998 prolecto
377 1929 553 1983 auctoritate
568 1927 670 1984 divina
684 1936 714 1982 et
726 1927 805 1982 aliud
818 1927 915 1983 dicere
928 1929 1038 2002 potuit,

23 2025 142 2082 inquam
155 2005 299 2081 Propheta
312 2009 362 2064 illc
377 2017 532 2084 utromque
546 2009 686 2080 dixisset,
712 2010 780 2083 quio
792 2018 949 2082 utrumque
961 2009 1040 2064 idem

23 2091 132 2166 piritus
148 2089 273 2149 Haeret:
299 2099 329 2146 et
346 2089 401 2147 hoc
418 2092 514 2165 ipsum
534 2093 634 2162 aliter,
659 2100 693 2146 ut
706 2092 732 2146 si
746 2108 808 2145 non
822 2090 924 2145 eadem
937 2090 1038 2158 verba,

23 2175 78 2228 lem
92 2181 192 2229 tannen
210 2191 313 2230 sensus
325 2173 401 2230 bene
412 2173 647 2249 intelligentibus
661 2171 872 2244 dilucesceret3
887 2179 917 2226 et
930 2169 1040 2245 aliquid

23 2256 251 2326 aetermittere,
278 2265 308 2310 et
320 2256 430 2330 aliquid
441 2254 565 2324 addere,
591 2264 625 2310 ut
638 2256 726 2310 ctiam
740 2251 809 2308 hine
824 2251 1039 2322 ostenderetur,

23 2359 56 2396 >n
71 2337 232 2394 humanam
245 2338 338 2394 fuisse
351 2339 384 2393 in
396 2338 447 2394 illo
462 2354 550 2410 opere
564 2338 754 2406 servitutem,
778 2354 864 2412 quam
878 2335 973 2391 verbis
988 2334 1039 2390 de-

23 2423 85 2478 ebat
98 2421 261 2494 interpres,
288 2419 339 2476 sed
353 2419 482 2477 divinmn
494 2421 593 2492 potius
606 2427 797 2492 potestatem,
822 2436 898 2493 quae
911 2426 1040 2473 mentem

23 2503 132 2580 plebat
145 2511 175 2558 et
186 2501 307 2581 regebat
320 2503 498 2576 interpretis.
535 2501 678 2558 Nonnulli
698 2509 794 2556 autem
814 2499 931 2554 codices
945 2499 1038 2554 Grae·

23 2593 42 2644 ι’
64 2586 325 2658 interpretationis
345 2582 540 2660 Septuaginta
561 2599 598 2638 ex
612 2581 755 2638 Hebraeis
777 2580 924 2638 codicibus
939 2599 1039 2636 emcn-

25 2670 110 2727 ndos
123 2677 281 2740 putarunt:
296 2685 351 2723 nec
364 2677 463 2722 tamen
477 2667 541 2721 ausi
555 2673 624 2720 sunt
637 2662 800 2736 detrahere,
821 2662 898 2738 quod
910 2661 1040 2718 Hebraei

23 2773 51 2809 ‚n
67 2751 236 2819 habebant,
251 2759 281 2806 et
293 2748 492 2826 Septuaginta
504 2755 682 2822 posuerunt3
708 2747 760 2802 sed
772 2745 973 2802 tautummodo
988 2744 1059 2800 ad-·

23 2836 140 2892 lerunt
164 2851 240 2908 quae
265 2834 298 2889 in
323 2831 467 2888 Hebraeis
492 2833 631 2900 inventa,
658 2829 734 2904 apud
759 2828 954 2906 Septuaginta
979 2846 1039 2884 non

23 2930 97 2988 ant3
126 2933 223 2990 caque
236 2917 331 2994 signis
345 2913 515 2990 quibusdam
529 2917 561 2969 in
576 2915 725 2969 stellarum
738 2912 855 2968 modum
872 2911 976 2982 iactis,
1004 2909 1040 2966 ad

23 2997 276 3059 oita.eorundem
297 3015 438 3055 versuum
462 3005 650 3066 notaverunt,
678 3013 752 3070 quae
775 2997 861 3072 signa
883 2995 1040 3050 asteriscos

23 3071 112 3141 cant.
152 3080 209 3136 llla
222 3098 293 3136 vero
306 3099 382 3156 quae
395 3099 455 3136 non
467 3079 576 3137 hahent
588 3077 728 3148 Hebraei,
750 3077 860 3134 habent
872 3068 969 3132 autem
984 3074 1040 3131 Se-

23 3167 165 3244 saginta,
181 3163 317 3219 similiter
330 3163 367 3219 ad
381 3164 475 3236 capita
487 3179 626 3217 versuum
638 3161 800 3216 iacentibus
813 3160 949 3234 virgulis,
963 3160 1042 3212 sicut

27 3250 168 3306 ibuntur
182 3246 296 3315 unciae,
311 3247 514 3323 signaverunt.
546 3241 586 3298 Et
598 3243 682 3297 multi
697 3241 811 3296 codices
824 3239 876 3294 has
892 3248 977 3293 notas
989 3235 1042 3290 ha-

23 3341 97 3389 rtes
124 3345 339 3402 usquequaque
363 3323 460 3382 diffusi
484 3332 601 3379 suntet
621 3323 729 3378 Latini.
765 3322 846 3386 Quae
866 3328 964 3374 autern
980 3335 1040 3371 non

23 3413 207 3472 setermissa
222 3411 269 3466 vel
281 3409 396 3478 addita,
423 3406 475 3461 sed
488 3408 574 3461 aliter
586 3404 663 3458 dicta
678 3411 762 3472 sunt,
789 3403 851 3456 sive
871 3401 959 3454 olium
973 3415 1041 3452 acn-

23 3519 46 3553 ιι
66 3480 192 3551 faciant
206 3493 295 3548 ctiam
308 3493 402 3566 ipsum
416 3505 477 3543 non
492 3486 707 3554 abhorrentem,
722 3485 785 3552 sive
798 3483 857 3536 alio
871 3478 956 3534 modo
971 3497 1043 3534 eun-

23 3601 47 3636 n
69 3595 202 3632 sensum
216 3575 364 3648 explicare
377 3579 591 3640 monstrentur,
616 3567 675 3623 nisi
688 3567 820 3640 utrisque
834 3560 981 3618 codicibus
995 3561 1042 3615 in-

26 3660 105 3717 ctis
121 3663 279 3732 nequeunt
292 3655 425 3730 reperiri.
463 3651 497 3710 Si
511 3653 614 3729 igitur,
628 3658 661 3704 ut
675 3655 800 3721 oportet,
815 3641 889 3700 nihil
903 3642 983 3698 aliud
997 3643 1043 3698 in-

23 3759 132 3800 amur
148 3742 180 3796 in
195 3737 357 3813 Scripturia
372 3737 448 3804 illis,
472 3735 530 3790 nisi
549 3732 618 3808 quid
638 3749 691 3806 per
709 3729 843 3785 hominos
866 3725 975 3781 dixerit
988 3723 1045 3782 Dei

24 3827 147 3895 ritus,
177 3819 316 3898 quicquid
329 3827 375 3874 eat
394 3817 426 3874 in
440 3815 584 3873 Hebraeis
606 3811 771 3884 codicibus,
797 3819 826 3866 et
839 3827 899 3866 nou
913 3817 958 3864 est
971 3805 1045 3883 apud
