2576 4396
301 197 359 256 DE
382 195 588 255 clvrrnrn
612 197 687 256 DEI
710 197 786 255 ΗΒ.
807 197 846 258 Χ.
1024 207 1080 262 291

65 349 192 407 cavenda
207 357 238 404 et
250 346 417 406 detestanda
439 347 566 420 fallacia,
585 359 614 404 et
631 349 767 406 salutaria
788 350 928 408 audienda
944 352 1082 410 doctrine.

65 433 142 500 Quod
155 433 237 486 enim
251 433 304 506 qui
316 430 367 487 hae
382 432 509 488 rordidao
522 433 709 509 purgationes
728 435 879 510 sacrilegia
899 435 1002 492 ritihus
1015 455 1082 510 ope-

62 527 183 584 rantur,
202 514 340 589 quaedam
353 515 524 571 mirabiliter
536 512 685 590 pulohraa,
704 518 781 574 oieut
797 519 853 576 iate
868 527 1082 592 commemorat,

60 600 105 655 vel
123 598 298 674 angelorum
316 599 457 676 imagines
475 599 521 655 vel
535 593 668 670 deorum,
689 607 825 676 tanquam
838 609 959 678 purgato
982 603 1084 675 spiritu

60 680 176 750 vident,
195 677 234 758 (ai
248 690 345 736 mmen
358 682 406 738 vel
418 681 477 738 tale
492 681 600 757 aliquid
612 679 743 762 rident,)
764 683 837 740 illud
856 693 901 739 ert
919 681 996 758 quod
1008 683 1083 756 Apo-

62 765 149 820 atolur
165 763 253 820 dieite
282 761 426 832 Quoniam
443 774 567 822 antonne
586 765 786 844 tranfigurat
804 783 835 823 ee
851 764 932 823 velut
950 765 1084 842 angelum

64 848 140 903 lucie
187 845 261 902 Eine
281 847 358 902 enim
376 857 445 904 runt
461 847 511 903 illa
527 843 742 921 phantasmata,
764 851 815 928 qui
834 851 954 904 miserae
974 851 1084 904 animae

64 933 217 986 multorum
231 928 427 1005 falsorumque
440 928 556 987 deorum
570 929 818 989 fallaeihuaaaerir
829 933 945 1006 rupiana
955 934 1084 1001 irretire,

63 1023 115 1069 eta
128 1030 203 1069 vero
218 1009 275 1068 Dei
288 1014 384 1083 eultu,
397 1031 452 1087 quo
465 1013 526 1069 uolo
539 1012 714 1070 mundantur
727 1025 756 1070 et
769 1025 927 1086 sanantur,
941 1025 1084 1083 avertere,

62 1099 134 1152 eiout
151 1095 190 1150 de
206 1093 313 1150 Proteo
330 1094 440 1151 dietum
458 1105 517 1168 ert,
530 1095 669 1166 „Formae
687 1115 719 1153 ae
740 1101 829 1153 vertit
846 1100 878 1152 in
898 1117 1011 1155 omnes:
1033 1098 1084 1154 ho-

63 1182 166 1236 stiliter
179 1180 348 1254 insequens,
362 1178 505 1235 fallaciter
517 1177 702 1251 subveniens,
718 1181 868 1254 utrobique
882 1183 1020 1236 noeeoa.“

68 1422 108 1474 De
121 1425 228 1490 epistola
243 1421 389 1492 Porphyrii
402 1424 439 1474 a'rl
451 1422 614 1480 Aoehootero
629 1421 800 1491 Aegyptium,
817 1424 845 1474 lo
860 1439 911 1492 qua
920 1424 991 1491 petit
1004 1425 1035 1474 ‹le
1047 1423 1084 1474 di

357 1491 788 1546 oeraa'tatedoemomemaedoeeri.

122 1597 230 1656 Melina
244 1598 340 1672 rapuit
356 1599 411 1652 loto
425 1595 618 1674 Porphyrius,
638 1617 702 1654 eum
719 1596 756 1654 ad
768 1589 946 1654 Anehon'tem
969 1599 1086 1670 aeripait

64 1681 251 1759 Aegyptium,
269 1675 320 1735 ubi
332 1681 496 1736 eonsulenti
509 1681 612 1736 similia
626 1691 655 1738 et
669 1684 833 1757 quaerenti,
855 1691 884 1738 et
893 1679 989 1757 prodit
1007 1691 1084 1736 artes

67 1767 222 1841 sacrilegae
236 1771 266 1818 et
278 1764 391 1819 evertit.
425 1763 464 1819 Et
475 1764 517 1820 ihi
529 1763 643 1840 quidem
658 1783 757 1822 omnea
772 1764 926 1821 daemones
939 1765 1085 1840 reprobat,

66 1867 131 1923 quoa
146 1847 221 1902 dicit
234 1847 270 1902 oh
284 1845 506 1920 imprudentiam
519 1847 634 1904 trahere
647 1847 797 1905 humidum
809 1867 963 1922 vaporem,
976 1855 1006 1904 et
1018 1848 1083 1903 ideo

63 1951 117 1988 non
130 1934 164 1988 in
179 1927 312 2003 aethere,
331 1928 423 1986 aedio
433 1937 499 1986 alre
513 1949 575 1990 aare
591 1929 642 1988 ouh
656 1933 742 2004 luna,
762 1941 848 2006 atque
869 1934 899 1988 in
919 1933 981 2007 ipro
998 1933 1084 1986 lunae

61 2015 159 2091 globo:
179 2022 380 2070 verumtamen
392 2031 453 2069 non
466 2013 554 2070 audat
565 2033 664 2071 omnee
678 2013 806 2071 fallaciae
820 2027 849 2069 et
862 2015 987 2070 ranalitiaa
997 2024 1025 2068 et
1037 2015 1083 2068 in·

62 2101 166 2173 aptiae,
194 2094 297 2171 quibua
324 2097 427 2156 merito
451 2107 600 2168 moretur,
631 2098 765 2154 omnihua
792 2096 978 2152 daemonibus
1004 2095 1082 2150 dore.

62 2180 205 2248 Quondam
224 2195 348 2254 namque
375 2177 517 2262 benignae
531 2178 685 2238 daemones
712 2197 791 2238 more
805 2181 930 2255 appellat
948 2179 1082 2250 aliorum,

60 2285 122 2320 eum
146 2279 248 2322 omnen
273 2263 450 2339 generaliter
475 2263 671 2339 imnrndentes
698 2283 760 2320 erae
784 2265 918 2320 fateatur.
959 2261 1083 2320 Miratur

60 2359 155 2403 autem
170 2344 248 2420 quod
262 2362 320 2400 ooo
340 2347 432 2401 nolum
450 2345 490 2402 dii
504 2349 670 2404 alliciantur
680 2349 823 2416 victimis,
844 2346 893 2403 aed
907 2348 993 2402 etiam
1005 2365 1082 2400 eom-

59 2432 205 2504 pellantar
217 2437 304 2504 atquo
317 2438 457 2506 rogantur
469 2430 564 2486 iacere
577 2431 654 2505 quod
666 2430 796 2487 homines
809 2432 924 2486 volunt:
944 2440 973 2484 et
981 2429 1006 2483 ai
1019 2445 1083 2483 eor-

60 2533 125 2587 pore
143 2522 176 2569 et
192 2513 429 2584 incorporalitate
446 2512 488 2567 dii
505 2531 523 2568 a
540 2513 727 2568 daemonihua
753 2513 985 2587 distinguuntur,
1013 2528 1084 2584 quo-

61 2597 141 2653 modo
160 2594 233 2652 deoa
246 2613 312 2650 eree
328 2594 554 2654 existimandum
570 2595 609 2649 ait
628 2596 719 2650 solem
736 2603 766 2649 et
778 2596 891 2664 lunam,
912 2603 941 2647 et
957 2591 1084 2648 visibilia

61 2691 176 2736 caetera
191 2679 223 2735 in
239 2679 337 2750 ooelo,
352 2693 426 2753 quae
439 2695 558 2752 corpora
571 2693 634 2735 aare
646 2695 706 2733 oon
722 2676 847 2741 dubitat3'
875 2683 903 2731 et
913 2677 937 2730 ai
951 2674 992 2730 dii
1006 2683 1084 2744 aunt,

61 2762 202 2837 quomodo
223 2763 276 2823 alii
288 2761 425 2832 henefioi,
442 2761 493 2816 alii
505 2759 627 2816 maleiioi
642 2777 705 2815 erae
718 2760 866 2831 dieantur3
894 2767 922 2814 et
943 2757 1084 2834 quomodo

59 2845 308 2921 inoorporaiihua,
335 2861 399 2900 oum
426 2846 487 2900 aiut
516 2846 659 2924 corporei,
697 2845 919 2921 coniungantur.
963 2843 1085 2908 Quaerit

62 2932 146 2984 etiarn
156 2929 252 2986 veluti
270 2925 418 3000 dubitant,
436 2937 532 2984 utrum
544 2929 576 2984 in
591 2925 788 2984 divinantibus
806 2937 835 2983 et
854 2925 993 3003 quaedam
1011 2927 1085 2981 mira

60 3011 235 3069 iacientihua
247 3012 362 3070 animae
373 3012 434 3068 aiot
445 3007 856 3088 potentiorealpaaoionea1,an
866 3012 957 3087 aliqui
965 3011 1084 3084 spiritua

61 3099 248 3154 extrinaeeue
259 3096 389 3165 veniunt,
403 3094 737 3169 parquoahaeevaleant.
754 3093 794 3151 Et
807 3096 903 3170 potius
915 3095 1019 3151 venire
1033 3109 1084 3146 ex-

58 3181 206 3235 trineeeua
217 3178 352 3248 ooniioit,
374 3195 408 3232 eo
421 3177 494 3253 quod
507 3178 649 3251 lapidibus
665 3185 693 3234 et
704 3177 799 3233 herbis
814 3177 964 3247 adhibitis,
979 3186 1008 3232 et
1021 3176 1084 3230 olli·
1165 3223 1170 3232 .

58 3272 128 3339 gent
142 3259 331 3337 quaedam,et
343 3263 476 3333 aporiant
488 3263 585 3317 clausa
598 3263 683 3332 ostia,
696 3261 742 3317 vei
755 3260 864 3334 aliquid
876 3259 1018 3315 eiuamodi
1031 3260 1084 3312 mi·

57 3347 193 3403 rabiliter
205 3351 370 3418 operentur.
411 3341 494 3400 Unde
508 3341 578 3399 dicit
588 3345 659 3400 aliar
673 3344 784 3418 opinari
799 3359 862 3397 eoae
877 3337 1021 3416 quoddam
1033 3357 1084 3414 ge-

54 3447 123 3500 nua,
138 3425 347 3485 cui‘exaudire
361 3429 400 3483 ait
411 3429 567 3502 proprium,
581 3435 687 3483 natura
700 3427 800 3495 fallax,
815 3425 996 3492 omniforme,
1009 3421 1084 3476 naul-

55 3511 217 3579 timodum,
237 3511 374 3566 aimolana
388 3510 455 3566 deor
469 3519 499 3566 et
516 3509 668 3565 daemones
687 3519 716 3565 et
735 3509 846 3563 animae
865 3506 1083 3572 defunctorum

54 3605 85 3650 et
101 3595 159 3652 hoe
184 3611 250 3650 erae
269 3591 345 3667 qnod
364 3593 468 3650 efficiat
483 3589 555 3648 haee
573 3596 668 3650 omnia
686 3609 759 3668 quae
775 3589 912 3645 ridentur
927 3587 1002 3640 hona
1020 3601 1084 3639 esee

51 3681 99 3734 rel
118 3691 232 3752 prava3
260 3684 406 3732 eaeterum
423 3678 500 3732 eirea
519 3693 553 3732 ea
571 3693 644 3751 quae
665 3674 742 3731 hona
759 3667 915 3728 suntnihil
935 3667 1083 3741 opitulari,

51 3765 114 3816 imo
129 3779 206 3817 vero
220 3762 279 3815 iota
290 3777 346 3815 nee
358 3775 457 3828 norae,
475 3757 526 3814 aed
538 3767 569 3814 et
585 3765 659 3817 male
678 3758 849 3824 conciliare,
869 3761 898 3807 et
916 3751 1084 3806 insimulare

53 3857 147 3919 atque
162 3841 307 3918 impedire
320 3858 527 3916 nonnunquam
539 3843 655 3898 virtutis
669 3841 965 3978 aeduloa2aeetatorea,
984 3843 1012 3889 et
1024 3835 1084 3908 ple-

623 3962 630 3980 .
737 3923 763 3980 Τ
