2592 4396
223 165 285 236 3⁹⁰
451 153 550 229 Dlvt
576 151 761 211 AVRELll
786 149 1037 212 AVGVSTINI

224 315 282 382 Qui
296 313 374 369 enim
387 309 478 380 dixit,
503 305 538 366 sa·
547 307 612 384 qais
626 325 682 364 noa
697 303 990 375 renatasfuera'tea
1003 316 1123 382 opacet
1137 301 1257 384 Spiritu

224 408 344 466 sancto,
372 413 429 452 aon
443 391 570 449 intrabit
584 391 615 446 ia
627 409 750 467 regnam
762 389 924 450 coelorum:
950 389 1008 444 alia
1022 391 1172 446 sententia
1184 391 1257 446 istos

223 483 295 542 fecit
309 487 458 553 exceptos,
472 475 521 531 ubi
534 493 595 532 non
607 475 702 536 minus
716 473 893 550 generaliter
907 472 993 543 dixit,
1008 470 1070 541 Qut
1081 493 1126 530 me
1140 475 1259 545 confes-

223 563 387 636 susfuerit
400 577 499 618 coram
511 557 682 628 hominibus,
697 556 856 628 confitebor
868 567 899 614 et
911 575 964 632 ego
978 575 1041 614 cum
1055 567 1154 614 coram
1163 555 1261 614 Patre

221 667 284 706 meo
304 649 355 724 qui
372 647 403 701 in
422 643 510 702 coelis
530 651 584 700 est.
610 641 650 706 Et
671 642 728 706 alio
749 642 827 698 loco:
856 637 917 708 Qui
931 641 1105 717 perdiderit
1128 642 1259 698 animm

224 751 308 789 soom
322 737 451 808 propter
466 746 527 797 πω,
553 727 681 785 inveniet
697 743 770 782 acm.
797 722 875 780 Hinc
895 733 940 781 cst
955 723 1032 799 qnod
1045 725 1187 799 scriptum
1200 734 1258 780 est:

223 813 363 872 Pretiosa
377 814 407 868 ia
420 819 576 887 conspecta
589 807 710 866 Domini
722 802 801 870 mire
815 817 985 866 sanctorum
998 809 1069 866 eiua.
1087 807 1167 874 Quid
1180 809 1258 864 enim

223 897 379 974 pretiosius
399 913 486 970 quam
501 911 596 965 mors,
618 911 669 968 per
688 891 819 968 quantit
831 899 865 948 ut
878 901 908 949 et
921 891 1027 948 delicta
1046 894 1144 948 omnia
1159 891 1256 947 dimit-

225 990 338 1051 tantur,
353 987 382 1035 et
393 979 497 1034 merita
509 978 684 1042 cumulatius
696 971 878 1054 augeanturi
895 975 995 1050 Neque
1009 977 1087 1031 enim
1100 977 1176 1032 tanti
1190 985 1256 1030 sunt

225 1065 334 1135 meriti,
347 1064 474 1138 quicum
485 1069 608 1118 mortem
619 1057 735 1116 differre
744 1079 806 1116 non
818 1067 948 1134 possent,
962 1059 1101 1135 baptizati
1112 1069 1193 1130 sunt,
1207 1058 1255 1113 de-

225 1149 351 1223 letisque
365 1145 498 1202 omnihus
513 1146 640 1218 peccatis
659 1161 696 1200 ex
708 1142 763 1200 hac
776 1145 838 1202 vita
852 1145 1052 1221 emigrarunt,
1071 1145 1173 1218 quanti
1186 1151 1257 1198 sunt

225 1231 258 1290 hi
270 1233 321 1308 qui
333 1239 465 1300 mortem,
480 1247 546 1286 cum
558 1237 689 1304 possent,
703 1228 767 1284 ideo
781 1242 845 1284 non
856 1227 1046 1298 distulerunt,
1065 1229 1133 1302 qnia
1143 1228 1256 1282 malue-

225 1325 295 1374 runt
309 1313 456 1372 Christum
470 1311 635 1370 confitendo
652 1313 739 1370 finire
751 1313 857 1384 vitam,
879 1329 966 1388 quam
984 1329 1050 1369 eum
1067 1310 1201 1390 negando
1222 1309 1257 1366 ad

226 1403 290 1458 eius
303 1400 477 1474 baptismum
490 1399 653 1472 pervenire.
677 1395 760 1464 Quod
773 1397 873 1470 utique
886 1397 913 1452 si
926 1395 1080 1466 fecissent,
1102 1398 1191 1451 etiam
1202 1393 1256 1450 hoc

226 1487 269 1540 eis
284 1485 316 1538 in
330 1485 380 1539 illo
394 1484 508 1538 lavacro
521 1481 733 1552 dimitteretur,
753 1479 830 1555 quod
842 1481 947 1536 timore
959 1479 1063 1536 mortis
1077 1487 1256 1557 negaverant

226 1567 389 1638 Christum3
408 1567 439 1622 in
454 1583 511 1641 quo
524 1566 642 1620 lavacro
657 1573 686 1620 et
698 1565 756 1620 illis
770 1564 883 1620 facinus
897 1573 957 1620 tam
968 1565 1093 1620 inmane
1107 1562 1255 1618 dimissmn

226 1660 281 1722 est,
295 1651 344 1726 qui
357 1649 529 1717 occiderant¹
538 1647 695 1705 Christum.
718 1646 777 1704 Sed
790 1646 905 1722 quando
919 1649 984 1704 sine
996 1645 1176 1705 abundantia
1189 1665 1253 1724 gra·

225 1737 284 1792 tiae
297 1732 425 1808 Spiritus
439 1734 533 1804 illius,
551 1733 603 1807 qui
615 1733 664 1788 uhi
676 1733 740 1789 vult
752 1732 857 1806 spirat,
870 1739 986 1790 tantum
1000 1729 1149 1788 Christum
1161 1749 1254 1786 amare

226 1827 362 1894 possent,
389 1827 422 1874 ut
436 1835 502 1872 eum
514 1817 546 1872 in
559 1825 642 1872 tanto
655 1817 733 1874 vitae
747 1815 916 1872 discrimine
928 1823 1011 1872 tanta
1023 1815 1076 1872 tub
1090 1831 1141 1888 spe
1154 1817 1253 1871 veniae

227 1921 336 1980 negare
349 1919 410 1957 non
422 1894 560 1974 possenti
592 1897 671 1956 Mors
690 1901 783 1978 igitur
799 1900 928 1974 pretiosa
943 1908 1126 1969 sanctorum,
1155 1898 1253 1974 quibus

228 2005 292 2042 cum
310 1993 392 2040 tanta
411 1984 506 2062 gratia
524 1991 569 2038 est
580 1985 739 2058 praemissa
758 1995 787 2038 et
798 1992 973 2060 praerogata
986 2000 1062 2038 mors
1076 1980 1201 2053 Christi,
1225 1989 1253 2036 ut

227 2069 264 2126 ad
278 2088 345 2124 eum
358 2066 567 2142 acquirendum
580 2085 661 2122 suam
675 2086 735 2123 non
749 2075 957 2122 cunctarentur
970 2065 1148 2142 impendere,
1162 2067 1194 2122 in
1210 2083 1252 2121 eos

227 2172 296 2209 usus
310 2152 460 2207 redactum
473 2169 537 2206 esse
550 2151 740 2222 monstravit,
769 2149 846 2226 quod
859 2147 896 2204 ad
908 2168 1031 2224 poenam
1043 2152 1192 2224 peccantis
1206 2168 1252 2204 an-

228 2245 275 2291 tea
289 2237 385 2290 fuerat
397 2235 603 2305 constitutum,
629 2243 662 2288 ut
675 2233 743 2288 inde
756 2233 885 2288 iustitiae
898 2233 1011 2289 fructus
1025 2231 1143 2289 uberior
1157 2253 1252 2289 nasce-

226 2323 317 2376 retur.
351 2315 430 2373 Mors
445 2331 514 2394 ergo
530 2335 589 2372 non
602 2315 667 2372 ideo
680 2315 788 2373 honum
800 2317 893 2372 videri
907 2317 1001 2388 debet,
1022 2317 1088 2392 quia
1101 2319 1134 2372 in
1149 2327 1253 2374 tantam

229 2403 386 2458 utilitatem
399 2419 459 2456 non
469 2401 578 2472 visua,
601 2399 653 2456 sed
666 2399 765 2457 divina
779 2401 971 2475 opitulatione
985 2419 1126 2457 conversa
1141 2411 1201 2474 est;
1225 2413 1253 2455 ut

227 2503 302 2563 quae
315 2495 385 2542 tunc
399 2483 555 2540 metuenda
568 2485 717 2560 proposita
730 2495 790 2556 est,
804 2503 842 2539 ne
853 2495 1005 2558 peccatum
1019 2485 1253 2553 conmritteretur,

227 2589 307 2628 nunc
330 2569 513 2644 suscipienda
534 2579 729 2643 proponatur,
755 2578 788 2624 ut
804 2578 953 2642 peccatum
969 2588 1028 2625 non
1049 2570 1252 2637 committatur,

226 2655 468 2728 commissumque
481 2653 628 2724 deleatur,
654 2671 835 2732 magnaeque
853 2653 994 2709 victoriae
1013 2653 1110 2709 debita
1128 2654 1253 2711 iustitiae

225 2741 319 2814 palma
332 2737 478 2794 reddatur.
994 2805 995 2810 ἵ

600 2817 668 2876 CA
693 2818 724 2875 P.
766 2817 879 2876 Vlll.
939 2843 941 2848 ·

260 2917 337 2982 Quod
345 2915 373 2968 in
383 2917 483 2967 sanctis
490 2916 596 2984 primae
606 2915 701 2967 mortis
707 2933 758 2984 pro
768 2917 885 2968 veritate
895 2917 1037 2986 susceptio,
1047 2919 1173 2978 secundae
1182 2917 1220 2967 rit

616 2985 709 3038 mortis
719 2985 859 3039 absolutio.

288 3073 322 3131 Si
332 3075 413 3134 enim
429 3073 599 3151 diligentius
614 3075 848 3149 consideremus,
873 3079 961 3134 etiam
981 3097 1047 3134 cum
1064 3078 1185 3152 quisque
1202 3094 1250 3150 pro

225 3161 350 3218 veritate
369 3157 493 3214 fideliter
513 3165 542 3213 et
558 3159 742 3217 laudabiliter
759 3163 897 3232 moritur,
918 3179 998 3218 mors
1017 3170 1145 3218 cavetur.
1187 3159 1249 3216 ldeo

225 3245 329 3320 quippe
343 3241 452 3317 aliquid
465 3243 527 3298 eius
542 3246 712 3318 suscipitur,
726 3265 763 3302 ne
773 3254 835 3301 tota
847 3247 1011 3324 contingat,
1026 3255 1055 3302 et
1070 3245 1198 3302 secunda
1208 3244 1249 3300 in·

225 3345 320 3402 super,
335 3337 414 3401 quae
423 3345 570 3402 nunquam
581 3327 710 3402 finiatur,
725 3328 852 3385 accedat.
870 3327 1037 3404 Suscipitur
1051 3330 1131 3386 enim
1143 3331 1250 3386 animae

224 3431 242 3468 a
256 3429 376 3486 corpore
390 3411 551 3484 separatio,
576 3430 613 3467 ne
626 3412 689 3468 Deo
705 3413 740 3468 ab
755 3415 851 3469 anima
874 3423 1007 3488 separato
1027 3414 1117 3469 etiam
1133 3415 1196 3489 ipsa
1209 3431 1248 3467 se-

223 3505 342 3571 paretur
355 3513 373 3550 a
385 3513 521 3570 corpore,
547 3513 580 3551 ac
594 3498 637 3550 aio
649 3497 739 3552 totius
752 3495 878 3552 hominis
896 3498 989 3571 prima
1001 3506 1095 3553 morte
1114 3498 1249 3572 completa

225 3577 354 3636 secunda
367 3580 493 3654 excipiat
506 3581 690 3654 sempiterna.
725 3582 869 3648 Quocirca
886 3599 964 3638 mors
982 3579 1113 3656 quidem,
1130 3590 1165 3637 ut
1181 3579 1247 3644 dixi,

225 3680 290 3718 cum
303 3680 366 3718 cam
379 3663 536 3729 morientes
549 3665 710 3738 patiuntur,
723 3683 844 3742 cumque
856 3666 888 3720 in
899 3667 942 3721 eis
952 3675 985 3722 ut
996 3666 1162 3722 moriantur
1173 3664 1247 3720 facit.
1273 3677 1274 3696 ι

226 3746 336 3800 nemini
359 3745 435 3801 hone
459 3756 518 3816 est,
545 3746 595 3802 scd
615 3747 797 3806 laudabiliter
820 3749 962 3806 toleratur
983 3768 1036 3823 pro
1059 3748 1186 3806 tenendo
1208 3745 1248 3802 vel

226 3825 412 3912 adipiscendo
425 3828 511 3886 bono.
555 3829 627 3888 Cum
641 3833 755 3890 veroin
769 3851 803 3890 ea
816 3842 900 3906 sunt,
923 3835 973 3912 qui
986 3835 1043 3890 iam
1056 3834 1164 3890 mortui
1178 3848 1247 3888 nun-
