2592 4396
231 240 292 298 402
402 241 407 244 ’
459 225 765 291 DlVlAVRELll
791 225 1043 284 AVGVSTlNl

231 391 349 458 vivent,
363 383 494 441 dubitare
508 381 552 438 fas
566 398 626 437 non
640 380 695 450 sit,
713 396 803 453 usque
816 377 888 434 adeo
901 387 999 435 tamen
1012 380 1055 434 eis
1068 381 1168 436 melius
1183 393 1256 439 esset

232 491 297 530 eum
316 471 376 525 suis
394 464 564 542 corporibus
582 463 658 542 bene
681 462 845 518 valentibus
862 463 977 534 rivere,
1005 471 1040 519 ut
1052 463 1139 519 etiem
1151 465 1192 520 illi
1211 468 1255 540 qui

232 553 312 612 omni
329 550 414 608 modo
433 567 497 605 esse
521 547 585 604 sine
608 563 730 620 corpore
751 544 951 600 beatissimum
973 547 1160 618 existimant,
1183 545 1255 604 banc

199 661 208 680 ·
232 637 399 710 opinionem
411 650 495 690 suam
508 630 655 686 sententia
668 636 850 705 repugnante
862 629 1048 686 convincant
1070 627 1170 705 Neque
1181 633 1254 686 enim

233 721 386 793 quisquam
404 714 521 772 audebit
540 714 656 768 illorum
673 713 820 785 sepientes
838 708 988 783 homines,
1016 712 1079 769 sive
1092 713 1255 784 morituros,

232 804 297 858 sive
309 803 366 856 iam
379 805 526 868 mortuos,
545 793 575 850 id
588 803 647 865 est,
667 803 717 849 aut
730 803 863 850 carentes
878 795 1063 870 corporibus,
1076 804 1129 851 aut
1140 813 1256 872 corpora

233 886 407 953 relicturos,
420 881 475 937 diis
489 877 699 936 immortalibus
713 886 908 952 anteponere,
923 877 1027 953 quibua
1040 877 1121 935 Deus
1135 897 1256 936 summus

233 966 309 1042 apud
322 963 475 1022 Platonem
487 979 593 1018 munus
606 962 728 1038 ingens,
742 959 974 1018 indissolubilem
988 962 1102 1017 scilicet
1115 963 1216 1034 vitam,
1229 963 1256 1018 id

233 1059 293 1120 est,
332 1056 484 1104 aeternum
512 1064 578 1101 cum
609 1045 668 1100 suis
696 1043 865 1118 corporibus
894 1046 1072 1102 consortium
1104 1046 1256 1118 pollicetur.

233 1131 350 1207 Optime
364 1139 461 1187 autem
475 1148 541 1186 curu
553 1125 718 1184 hominibus
732 1128 782 1204 egi
795 1127 953 1184 arbitratur
965 1127 1043 1184 idem
1054 1127 1152 1199 Plato,
1176 1130 1202 1182 si
1214 1139 1256 1184 ta·

232 1233 300 1272 men
313 1213 389 1272 banc
406 1214 497 1270 vitem
513 1213 560 1286 pie
579 1213 713 1285 iusteque
731 1212 917 1288 peregerint,
942 1220 1005 1268 uta
1018 1211 1078 1268 suis
1093 1211 1257 1285 corporibus

233 1298 375 1374 separati,
400 1298 431 1352 iu
447 1297 574 1370 ipsorum
593 1293 730 1365 deorum,
756 1295 806 1368 qui
820 1305 873 1351 sua¹
884 1311 1006 1369 corpora
1019 1313 1166 1370 nunquam
1176 1293 1258 1350 dese-

232 1391 318 1452 runt,
338 1381 521 1453 recipiantur
534 1379 644 1434 sinum:

317 1462 439 1522 Scilicet
451 1464 635 1518 immemores
648 1478 754 1534 supera
767 1471 801 1518 ut
812 1479 945 1520 convexa
956 1464 1099 1534 revisant,

316 1545 428 1602 Rursus
443 1553 473 1602 et
484 1544 629 1616 incipiant
640 1545 672 1600 in
687 1562 810 1618 corpora
821 1545 897 1601 velle
910 1546 1028 1602 reverti.

234 1628 319 1698 Quod
340 1627 485 1706 Virgilius
507 1645 545 1682 ex
567 1625 718 1684 Platonico
742 1627 877 1706 dogmate
900 1627 1012 1684 dixisse
1037 1628 1177 1686 laudatur.
1221 1629 1259 1686 lte

233 1714 338 1789 quippe
357 1713 469 1768 animas
486 1711 666 1782 mortalium,
694 1730 750 1768 nec
770 1713 801 1768 in
814 1713 876 1768 suis
891 1709 1060 1785 corporibus
1073 1730 1188 1788 semper
1201 1732 1259 1769 esse

231 1813 319 1873 possa
333 1795 495 1866 existimat,
523 1793 574 1848 sed
589 1795 692 1850 mortis
707 1796 883 1852 necessitate
896 1793 1031 1867 dissolvi,
1056 1813 1111 1852 nee
1123 1797 1188 1852 sine
1200 1815 1259 1852 cor-

232 1879 351 1955 poribus
367 1879 473 1935 durare
485 1886 637 1952 perpetuo,
650 1877 702 1934 sed
716 1879 928 1936 alternantibus
942 1877 1053 1935 vicibus
1065 1877 1260 1936 indesinenter

232 1965 318 2020 rivos
337 1980 375 2018 ex
393 1963 535 2032 mortuis,
561 1970 591 2017 et
605 1978 643 2016 ex
654 1961 731 2018 vivis
744 1970 877 2018 mortuos
891 1961 956 2018 fieri
968 1970 1066 2036 putat3
1092 1971 1127 2019 ut
1139 1981 1157 2019 a
1168 1972 1260 2020 caete-

232 2047 275 2103 ris
288 2045 456 2103 bominibus
468 2043 523 2102 boc
536 2043 693 2101 videantur
707 2041 823 2100 differre
837 2045 1002 2119 sapientes,
1016 2043 1095 2120 quod
1107 2055 1175 2120 post
1187 2065 1260 2103 mor·

233 2141 293 2187 tem
306 2130 443 2188 seruntur
456 2127 492 2184 ad
507 2126 619 2198 sidera,
644 2135 678 2182 ut
697 2127 847 2201 aliquanto
861 2125 970 2184 diutius
987 2129 1019 2184 in
1031 2137 1111 2186 astro
1125 2129 1182 2186 sibi
1195 2149 1261 2187 cou-

234 2233 309 2292 gruo
327 2214 449 2287 quisque
466 2211 649 2284 requiescat,
677 2218 763 2285 atque
776 2209 844 2268 inde
858 2228 960 2268 rursus
973 2213 1109 2268 miseriae
1121 2214 1261 2288 pristimo

235 2297 342 2351 oblitus
363 2303 393 2349 et
412 2293 570 2367 cupiditate
588 2291 713 2348 habendi
730 2295 860 2368 corporis
878 2296 975 2352 rictus
988 2293 1090 2352 redeat
1101 2296 1138 2353 ad
1151 2298 1261 2354 labores

234 2393 444 2452 aerumnasque
456 2375 640 2446 mortalium3
666 2376 710 2430 illi
729 2393 800 2432 vero
818 2379 869 2451 qui
883 2380 1001 2436 stultam
1014 2379 1153 2462 durgrint
1167 2383 1262 2448 vitam,

233 2460 270 2518 ad
287 2477 410 2535 corpora
422 2459 482 2514 suis
496 2459 608 2514 meritis
621 2457 734 2530 debita,
760 2460 822 2516 sive
840 2458 1005 2533 bominum,
1030 2463 1093 2518 sire
1106 2462 1262 2520 bestiarum

233 2544 269 2600 dc
287 2545 421 2619 proximo
440 2543 638 2598 revolvantur.
682 2539 716 2598 ln
735 2540 789 2598 bac
806 2545 905 2619 itaque
923 2543 1078 2602 durissima
1098 2547 1264 2604 conditione

233 2628 388 2685 constituit
400 2628 488 2684 etiam
500 2626 592 2682 bonas
606 2634 693 2700 atque
707 2627 854 2700 sapientes
868 2629 990 2700 arunas,
1004 2628 1108 2704 quibus
1122 2648 1183 2686 non
1198 2633 1265 2686 talia

233 2728 356 2786 corpora
368 2710 525 2766 distribute
537 2716 622 2776 sunt,
636 2727 702 2764 cum
715 2709 821 2784 quibus
835 2728 949 2784 semper
961 2721 1049 2788 atque
1059 2712 1266 2769 immortaliter

231 2797 387 2865 viverent,
412 2801 445 2847 ut
462 2809 557 2865 neque
574 2792 607 2846 in
629 2793 800 2866 corporibus
818 2811 1005 2868 permanere,
1031 2813 1128 2871 neque
1140 2797 1209 2854 sine
1223 2796 1266 2852 bis

232 2877 348 2954 possint
362 2879 393 2932 in
406 2883 527 2931 aeterna
539 2874 666 2946 puritate
680 2873 794 2932 durare.
837 2876 883 2934 De
896 2897 952 2954 quo
965 2877 1116 2936 Platonico
1130 2878 1267 2957 dogmate

232 2961 290 3014 ium
314 2959 345 3012 in
369 2958 450 3012 libris
475 2955 671 3028 superioribus
695 2957 837 3032 diximus,
863 2959 1029 3020 Christiano
1047 2971 1177 3038 tempore
1199 2982 1274 3020 eru-2

232 3043 331 3097 buisse
342 3037 549 3114 Porphyrium,
568 3047 598 3093 et
612 3057 671 3094 non
685 3041 779 3096 solum
792 3043 827 3098 ab
841 3041 974 3100 humanis
987 3047 1092 3102 animis
1105 3047 1268 3101 removisse

233 3141 354 3198 corpora
366 3122 540 3191 bestiarum,
553 3138 655 3178 verum
669 3125 757 3180 etiam
768 3127 943 3199 sapientium
955 3129 1067 3184 animas
1081 3131 1124 3184 ita
1135 3129 1268 3184 voluisse

233 3207 268 3263 de
282 3206 428 3281 corporeis
443 3204 567 3260 nexibus
581 3205 715 3277 liberari,
737 3216 771 3262 ut
783 3227 889 3284 corpus
902 3228 988 3268 omne
1000 3210 1151 3289 fugientes
1164 3212 1273 3268 beatae

232 3289 307 3364 apud
328 3289 445 3345 Patrem
467 3289 532 3344 siue
554 3286 613 3344 fine
634 3298 799 3346 teneantur.
844 3291 945 3366 ltrque
960 3313 998 3350 ne
1016 3293 1169 3351 eChristo
1189 3295 1267 3351 vinci

231 3374 380 3430 videretur
400 3373 489 3429 vitam
507 3373 616 3427 sanctis
634 3374 791 3445 pollicente
808 3385 995 3449 perpetuam,
1018 3379 1108 3434 etiam
1122 3379 1190 3454 ipse
1203 3397 1267 3454 pur·

231 3468 316 3536 getas
336 3457 447 3513 animas
467 3455 531 3510 sine
551 3456 611 3510 ullo
629 3453 665 3510 ad
685 3457 817 3512 miserias
836 3460 977 3532 pristinas
991 3461 1088 3517 reditu
1101 3462 1136 3518 in
1149 3471 1272 3518 aeterne

233 3542 373 3597 felicitate
391 3539 558 3594 coustituit:
585 3546 615 3592 et
633 3546 667 3593 ut
686 3535 803 3596 Christo
827 3541 1047 3616 adversaretur,
1073 3546 1272 3602 resurrectio·¹

233 3643 300 3680 nem
314 3621 577 3696 incorruptibilium
591 3637 749 3694 corporum
763 3641 897 3702 negans,
911 3644 971 3684 non
984 3628 1080 3684 solum
1093 3629 1165 3684 sine
1180 3638 1271 3684 terre·

233 3708 296 3776 nis,
323 3705 373 3760 scd
387 3707 452 3760 sine
464 3705 531 3760 ullis
545 3704 666 3760 omnino
679 3705 850 3778 corporibus
865 3725 915 3764 eas
928 3711 1055 3767 asseruit
1067 3711 1100 3766 in
1116 3713 1271 3787 sempiter-

233 3805 304 3842 num
318 3805 382 3842 esse
396 3788 535 3844 victuras.
563 3783 625 3841 Nec
639 3794 737 3843 temen
753 3789 809 3844 ista
822 3793 1017 3868 qualicunque
1030 3794 1179 3866 opinione
1192 3811 1271 3870 praes,

234 3870 311 3941 cepit
330 3872 432 3924 saltem
449 3887 486 3922 ne
503 3867 558 3922 diis
571 3872 734 3940 corporatis
745 3873 898 3950 religionis
911 3875 1050 3950 obsequio
1062 3877 1268 3934 subderentur
