2576 4396
243 179 302 241 DE
331 179 547 242 ClVlTATE
574 185 651 244 DEl
677 187 758 246 ΗΒ.
781 191 840 252 ΙΧ.
1009 199 1071 258 265

36 353 190 412 corporum
207 335 385 390 aeternitate
403 337 602 417 coniungens3
626 339 724 396 animo
738 350 836 399 autern
849 361 909 402 non
922 345 994 419 diis,
1020 349 1071 410 sed

34 417 198 480 homiuibus
212 417 324 473 similes
337 415 503 491 daemones,
517 423 701 495 apertissime
715 424 885 484 inculcans:
899 438 929 484 et
941 428 996 488 hoc
1009 449 1070 490 non

37 501 196 580 sapientiae
208 499 306 571 bono,
321 501 403 557 cuius
418 510 448 558 et
460 499 592 560 homines
605 515 729 578 possunt
742 525 807 564 esse
819 509 993 585 participes,
1019 514 1072 570 sed

36 585 256 664 perturbatione
273 583 459 658 passionum,
486 602 559 660 quae
578 588 675 643 stultis
688 590 831 666 malisque
844 591 1028 667 dominatur,
1054 613 1072 652 a

38 667 217 745 sapientibus
231 683 304 722 vero
318 673 348 722 et
359 666 443 723 bonis
458 667 500 724 ita
513 669 636 747 regitur,
647 678 681 726 ut
690 674 795 728 malint
805 691 869 730 eam
883 693 942 732 non
952 674 1070 748 babere,

36 771 114 829 qnam
126 751 261 807 vincere.
305 746 381 805 Nam
393 751 419 804 si
431 768 492 807 non
506 769 678 826 corporum,
700 753 751 810 sed
764 757 930 814 animorum
942 761 1070 815 aeterni-

36 847 118 892 tatem
131 850 202 889 eum
216 830 274 886 diis
287 827 393 887 habere
405 831 560 890 daemones
574 837 663 891 vellet
675 837 814 915 intelligi,
829 857 890 896 non
903 843 1004 918 utique
1016 841 1070 898 bo·

35 921 120 974 mines
134 915 172 972 ab
187 911 278 970 huius
291 915 335 969 rei
348 917 497 972 consortio
510 927 673 992 separaret:
700 921 768 995 quia
787 931 817 978 ιι
833 921 1001 980 hominibus
1019 944 1069 981 ne-

36 1011 129 1057 tcrnos
143 1015 213 1054 esse
226 998 356 1067 animos,
370 999 472 1072 procul
486 998 572 1056 dubio
586 999 664 1058 sicut
676 1000 845 1061 Platonicus
859 1009 958 1064 sentit.
1001 1007 1070 1064 ldeo

37 1103 95 1140 oum
106 1081 165 1139 hoe
179 1097 278 1158 genus
295 1081 490 1137 animantium
507 1081 697 1156 describeret,
725 1086 937 1146 immortalibus
951 1075 1069 1161 anisnis,

36 1162 213 1223 moribundis
241 1163 378 1219 membris
397 1163 472 1220 dixit
491 1183 556 1220 esse
580 1163 722 1223 homines.
765 1169 808 1224 Ao
820 1187 875 1244 per
887 1170 943 1226 hoe
956 1175 982 1227 si
999 1191 1070 1246 pro·

37 1259 129 1324 pterea
143 1262 331 1303 communem
345 1263 412 1302 cum
424 1245 481 1302 diis
495 1249 700 1304 aeternitatem
719 1269 781 1306 non
798 1249 908 1310 habent
924 1251 1069 1326 homines,

37 1335 97 1408 quia
108 1346 235 1405 corpore
252 1336 322 1384 suut
333 1331 485 1386 mortales:
510 1340 666 1406 propterea
686 1350 757 1409 ergo
779 1332 934 1392 daemones
952 1334 1070 1408 habent,

36 1415 97 1490 quia
110 1427 235 1488 corpore
248 1418 319 1466 sunt
331 1411 520 1468 immortales.

426 1561 548 1620 CAP.
591 1563 659 1621 tx.

34 1658 72 1712 Aa
86 1655 212 1710 amicitia
227 1655 383 1708 coelestium
398 1657 506 1711 deorum
521 1676 572 1728 per
585 1660 799 1716 intercessionem
815 1663 970 1716 daemonnm
982 1665 1070 1732 possis

421 1726 522 1780 bomini
532 1730 679 1796 provideri.

92 1834 203 1901 Quales
224 1831 317 1908 igitur
334 1830 508 1888 mediatores
528 1844 597 1890 sunt
614 1835 693 1892 inter
710 1834 842 1893 homines
856 1847 886 1894 ιι
905 1837 991 1909 deos,
1017 1857 1069 1913 per

35 1935 100 1994 quos
114 1914 153 1972 ad
167 1914 292 1970 deorum
305 1914 448 1970 amicitias
465 1913 598 1972 homines
613 1919 758 1990 arnobium,
785 1921 835 1994 qui
854 1918 910 1976 hoc
931 1939 998 1977 eum
1015 1920 1067 1977 bo·

34 1999 155 2056 minibus
174 1996 286 2054 habent
309 1995 452 2068 deterius,
478 1999 555 2074 quod
569 2001 658 2056 estin
671 2003 821 2056 animante
833 2004 956 2072 melius,
981 2002 1012 2058 id
1024 2013 1070 2058 est

33 2085 175 2152 animum;
201 2078 259 2134 hoe
272 2087 371 2134 autem
383 2077 491 2137 babent
504 2099 569 2138 oum
583 2081 640 2138 diis
653 2085 774 2153 melius,
800 2083 940 2158 quod-est
957 2086 989 2140 in
1002 2086 1068 2140 ani-

32 2175 125 2222 mante
139 2163 283 2234 deterius,
298 2162 329 2217 id
342 2171 388 2218 ιιι
400 2160 525 2238 eorpusl
553 2163 626 2222 Cum
639 2167 718 2222 enim
731 2166 876 2236 aniciam,
891 2165 988 2237 idest,
1003 2168 1067 2224 ani-

31 2251 83 2304 mal
101 2265 140 2303 ex
159 2247 262 2302 anima
282 2254 398 2302 constet
416 2255 447 2302 et
463 2265 599 2322 corpore,
626 2265 750 2323 quorum
766 2247 890 2304 duorum
912 2250 1010 2306 anima
1023 2259 1068 2306 est

31 2334 129 2406 utique
144 2345 273 2402 corpore
284 2329 406 2400 melior3
421 2331 478 2386 etsi
489 2331 597 2387 vitiosa
611 2340 641 2386 et
654 2330 781 2403 infirma,
791 2333 895 2388 melior
909 2341 987 2388 certe
1002 2351 1067 2389 cor-

31 2431 96 2488 pore
111 2415 205 2470 etiam
223 2411 378 2467 sanissimo
401 2421 487 2486 atque
512 2413 696 2485 firmissimo;
722 2416 859 2489 quoniam
879 2415 943 2470 cius
962 2425 1068 2471 ιιιιιιιιι

32 2495 227 2552 excellentior
246 2511 301 2548 nec
319 2493 384 2549 labe
401 2496 542 2550 vitiorum
558 2497 745 2568 postponitur
763 2497 893 2569 corpori3
920 2499 996 2551 sicut
1014 2515 1066 2552 au-

31 2597 89 2636 rum
103 2580 196 2636 etiam
210 2573 360 2632 sordidum
373 2585 497 2654 argento
511 2592 563 2630 seu
577 2577 710 2649 plumbo,
736 2578 808 2632 licet
819 2577 991 2649 purissimo,
1019 2595 1067 2632 ca-

29 2664 86 2717 rius
101 2661 293 2717 aestimatur:
321 2659 372 2716 isti
384 2657 560 2714 mediatores
573 2658 694 2714 deorum
708 2666 737 2713 et
748 2656 916 2728 hominum,
929 2675 981 2731 per
994 2677 1067 2733 quos

30 2745 221 2819 interpositos
237 2740 346 2798 divinis
359 2740 485 2798 bumana
498 2741 677 2818 iunguntur,
692 2758 757 2796 cum
770 2739 826 2795 diis
840 2737 948 2796 babent
961 2759 1067 2814 corpus

29 2837 195 2896 ueternum,
222 2824 363 2880 vitiosum
375 2833 472 2880 autern
485 2842 552 2879 oum
568 2821 735 2879 hominibus
749 2824 894 2893 animum3
921 2823 1004 2898 quasi
1016 2842 1064 2878 re-

28 2909 94 2986 ligio
110 2926 171 2984 qua
184 2907 291 2964 volunt
304 2904 359 2961 diis
372 2904 506 2963 homines
519 2925 573 2981 per
591 2903 746 2962 daemones
765 2907 867 2983 iungi,
893 2906 925 2961 in
942 2924 1065 2980 corpore

30 2993 76 3060 sit,
91 3009 154 3046 non
168 2991 204 3044 in
217 2988 317 3044 animo
334 2990 501 3044 constitute.
545 2989 695 3055 Quaenam
708 2988 826 3045 taudem
838 2989 909 3044 istos
921 2987 1064 3046 mediato-

28 3091 69 3128 ιιι
83 3073 180 3128 falsos
195 3080 286 3145 atque
298 3069 418 3126 fallaces
432 3071 515 3146 qussi
529 3072 624 3146 cupite
639 3070 775 3128 deorsum
788 3073 919 3148 nequitia
932 3073 980 3129 vel
992 3089 1063 3144 poe-

29 3174 61 3210 na
74 3153 252 3230 suspendit,
276 3161 311 3208 ut
327 3152 497 3210 inferiorem
518 3155 652 3210 animalis
670 3163 797 3226 partem,
824 3155 931 3225 idest,
958 3172 1063 3229 eorpus

28 3255 87 3292 oum
101 3236 323 3312 superioribus,
351 3238 530 3309 superiorem
542 3253 630 3306 vcro,
648 3235 751 3307 idest,
765 3238 896 3292 animum
908 3255 974 3292 cum
986 3236 1063 3291 inle-

27 3321 149 3376 rioribus
164 3319 313 3390 habeant,
339 3327 369 3373 et
392 3337 457 3374 omn
479 3317 534 3373 diis
558 3318 732 3375 coelestibus
754 3319 786 3372 iu
807 3327 890 3392 parta
914 3319 1063 3374 serviente

27 3403 197 3474 coniuncti,
226 3419 294 3456 eum
312 3399 477 3456 hominibus
497 3409 594 3456 autem
612 3399 802 3455 terrestribus
823 3401 858 3454 in·
873 3408 957 3472 parte
971 3397 1062 3453 domi-

26 3494 111 3542 nante
124 3479 324 3543 sintmiserii
351 3481 462 3558 Corpus
477 3483 579 3558 quippe
594 3500 710 3538 servum
724 3491 785 3550 ιιι,
805 3481 882 3535 siout
895 3482 982 3536 ctiam
996 3477 1063 3534 Sol·
1096 3521 1098 3524 .

26 3566 127 3625 lustius
142 3569 203 3640 ait,
218 3566 320 3622 Animi
331 3566 470 3639 imperio,
485 3566 614 3639 corporis
626 3564 746 3620 servitio
755 3562 848 3638 magis
859 3563 977 3616 utimur.
1002 3560 1061 3616 Ad·

25 3648 120 3707 iunxit
133 3661 240 3708 autern
253 3650 321 3720 ille,
347 3647 480 3704 Alterum
497 3648 581 3704 nobis
600 3665 665 3703 cum
686 3645 758 3714 diis,
785 3646 909 3700 alterum
922 3659 988 3698 cum
1000 3643 1061 3698 bel-

25 3729 73 3788 luis
93 3749 256 3790 communc
277 3739 335 3786 est:
364 3731 502 3805 quoniam
514 3729 550 3784 de
562 3728 727 3786 homiuibus
746 3724 934 3802 loquebatur,
960 3726 1061 3800 quibus

24 3814 93 3872 sicut
107 3817 230 3885 belluis,
244 3815 368 3872 mortale
382 3830 485 3888 corpus
500 3820 553 3868 est.
597 3811 649 3866 lsti
662 3818 774 3882 autem,
789 3826 860 3886 quos
874 3808 950 3866 iuter
966 3827 1018 3866 nos
1033 3818 1062 3866 et
