2592 4396
218 203 259 258 20
449 192 547 252 DlVl
566 187 758 248 AVRELII
781 184 1035 248 AVGVSTlNl

156 358 158 363 '
220 349 401 408 celsitudinis
415 339 583 420 appetitus?
607 339 750 396 Perverse
764 340 843 396 enim
856 337 998 395 celsitudo
1014 347 1077 412 est,
1090 339 1208 399 deserto
1222 363 1252 401 eo

220 435 268 490 cui
291 432 376 488 debet
393 430 508 486 animus
525 424 679 482 inhaerere
696 424 857 497 principio,
884 421 941 478 sibi
954 421 1079 497 quodam
1089 424 1177 482 modo
1190 426 1253 484 heri

219 527 306 590 atquc
326 531 390 570 esse
409 510 593 588 principium.
637 505 702 562 Hoc
715 505 765 577 fit,
794 523 858 562 cum
872 505 1029 561 sibinimis
1041 508 1147 581 placet.
1190 507 1253 565 Sibi

220 617 289 655 vero
313 599 355 654 ita
376 599 487 669 placet,
512 610 578 646 cum
596 591 631 648 ab
652 591 704 646 illo
718 589 795 647 bono
807 588 984 646 immutabili
996 587 1111 662 deficit,
1137 590 1211 665 quod
1224 594 1253 648 ci

219 682 314 758 magis
338 681 454 752 placere
474 674 573 732 debuit
598 691 683 750 quarn
700 674 763 747 ipsc
780 672 844 728 sibi.
888 669 1076 745 Spontaneus
1095 682 1252 732 astantem

220 767 277 820 istc
291 761 438 818 defectus:
465 758 604 834 quoniam
624 758 651 812 si
670 758 803 812 voluntas
817 757 849 811 in
862 773 961 812 amore
976 756 1136 828 superioris
1149 757 1249 813 immu-

221 847 319 902 tabilis
332 843 419 914 boni,
433 861 451 899 a
464 859 521 915 quo
534 840 737 896 illustrabatur
750 848 785 896 ut
796 838 927 909 videret,
951 847 982 896 ct
994 838 1207 895 accendebatur
1222 851 1251 896 ut

220 938 349 998 amaret,
368 925 480 982 stabilis
492 931 694 999 permaneret,
709 941 769 978 non
783 921 851 978 inde
865 921 902 977 ad
915 922 971 978 sihi
983 922 1156 996 placendum
1169 941 1250 978 aver-

221 1019 348 1082 teretur,
376 1019 406 1064 et
431 1026 470 1064 ex
494 1005 549 1063 hoc
575 1005 794 1062 tenebresceret
814 1014 843 1061 et
865 1004 1055 1083 frigesceret,
1082 1015 1116 1060 ut
1138 1007 1187 1062 vel
1206 1008 1252 1062 illa

221 1112 322 1150 verum
337 1091 470 1148 erederet
482 1089 593 1146 dixisse
609 1097 791 1163 serpentem,
810 1089 859 1144 vel
871 1089 921 1144 ille
935 1087 992 1144 Dei
1004 1087 1140 1144 mandato
1154 1091 1251 1146 uxoris

220 1185 413 1251 praeponeret
430 1175 627 1242 voluntatem,
653 1181 828 1246 putaretque
842 1189 873 1226 se
886 1172 1041 1228 venialiter
1054 1179 1251 1249 transgresso-

219 1277 358 1315 ramesse
371 1258 535 1333 praecepti,
549 1256 575 1310 si
587 1256 667 1312 vitae
681 1272 752 1310 suae
765 1254 875 1310 sociam
889 1273 949 1310 non
962 1254 1109 1310 desereret
1123 1256 1211 1310 etiarn
1223 1257 1253 1310 in

221 1343 359 1398 societate
383 1341 506 1414 pcccati.
550 1336 618 1395 Non
637 1339 745 1394 malum
763 1355 834 1414 ergo
855 1355 925 1412 opus
944 1336 1130 1408 factumest,
1156 1337 1253 1408 idest,

219 1427 270 1482 illa
283 1425 497 1502 transgressio,
519 1430 553 1478 ut
565 1421 628 1478 cibo
639 1418 786 1495 prohibito
800 1429 1003 1490 vescerentur,
1028 1421 1088 1476 nisi
1101 1420 1136 1476 ab
1151 1421 1253 1495 eisqui

219 1510 278 1564 iam
290 1509 360 1562 mali
373 1514 465 1562 erant.
509 1503 612 1578 Neque
626 1505 705 1558 enim
718 1503 804 1559 fieret
816 1504 866 1558 ille
880 1503 993 1560 fructus
1008 1504 1119 1572 malus,
1146 1504 1208 1559 nisi
1220 1503 1253 1558 ab

219 1591 324 1646 arbore
345 1591 430 1644 mala.
474 1585 513 1642 Vt
526 1595 623 1641 autern
637 1596 715 1641 esset
727 1586 815 1642 arbor
827 1588 919 1657 mala,
947 1597 1049 1642 eontra
1062 1593 1199 1642 naturam
1211 1587 1253 1642 fa-

220 1681 300 1728 ctum
314 1680 374 1728 est:
402 1671 470 1745 quia
483 1669 543 1724 nisi
556 1669 629 1724 vitio
642 1669 818 1738 voluntatis,
840 1670 919 1744 quod
932 1678 1037 1725 contra
1050 1677 1185 1724 naturam
1199 1680 1252 1737 est,

219 1774 280 1810 non
297 1755 399 1828 utique
418 1751 510 1808 fieret.
555 1749 615 1808 Sed
637 1752 711 1808 vitio
736 1750 904 1826 depravari,
931 1753 1047 1809 nisiex
1060 1750 1152 1808 nihilo
1166 1751 1254 1820 faeta,

219 1845 325 1894 natura
339 1853 400 1892 non
413 1843 519 1910 posset.
555 1834 596 1890 Ac
610 1853 663 1909 per
675 1832 730 1890 hoc
744 1844 777 1890 ut
790 1845 895 1891 natura
908 1836 964 1904 sit,
978 1852 1016 1890 ex
1029 1854 1064 1904 co
1076 1833 1164 1890 habet
1179 1835 1255 1910 qnod

218 1939 236 1975 e
250 1919 314 1976 Deo
328 1917 406 1975 facta
421 1927 481 1990 est3
507 1925 648 1973 utentem
663 1917 698 1972 ab
713 1935 747 1974 eo
768 1917 843 1993 quod
859 1915 953 1993 [aquo
966 1914 1056 1993 facta]
1071 1927 1116 1974 cst
1130 1917 1254 1988 deficiat,

219 2021 257 2058 ex
269 2001 325 2058 hoc
340 2001 418 2077 quod
432 2001 467 2056 de
480 1998 572 2056 nihilo
586 1999 666 2056 facta
679 2009 732 2056 est.
777 1999 840 2056 Nec
854 2003 897 2058 sic
912 1999 1019 2058 defecit
1031 1998 1135 2072 horno,
1148 2010 1182 2056 ut
1195 2021 1254 2058 om·

219 2087 290 2142 uino
317 2085 390 2142 nihil
412 2094 503 2141 esset:
530 2082 581 2140 sed
599 2094 632 2140 ut
650 2084 810 2140 inclinatus
830 2083 867 2140 ed
886 2103 917 2140 se
936 2086 1032 2158 ipsum
1049 2085 1147 2140 minus
1166 2095 1255 2155 esset,

220 2187 306 2244 quarn
321 2178 399 2240 erat,
426 2187 491 2224 eum
509 2169 539 2224 ei
558 2169 609 2242 qui
622 2185 732 2222 summe
747 2174 791 2221 est
803 2166 982 2224 inhaerebat.
1026 2164 1142 2223 Relicto
1156 2168 1256 2242 itaque

219 2251 301 2322 Deo,
330 2269 395 2306 esse
408 2252 439 2306 in
454 2252 626 2323 semetipso,
653 2247 707 2306 hoc
722 2258 781 2319 est,
807 2251 863 2306 sibi
879 2252 1009 2324 placere,
1035 2243 1169 2307 nonian'r
1183 2250 1255 2306 nihil

220 2351 284 2388 esse
299 2342 360 2403 est,
375 2331 426 2386 sed
439 2331 530 2387 nihilo
544 2332 748 2405 propinquare.
770 2331 853 2388 Vnde
867 2334 983 2408 superbi
995 2332 1157 2389 secundum
1172 2331 1254 2390 Scri-

218 2425 319 2488 pturas
334 2423 449 2470 sanctas
464 2416 521 2470 alio
535 2415 653 2470 nomine
666 2416 868 2488 appellantur,
882 2416 938 2472 sibi
950 2418 1107 2490 placentes.
1136 2415 1254 2473 Bonum

218 2507 263 2553 est
276 2500 354 2554 enim
368 2515 483 2554 sursum
496 2495 604 2552 habere
618 2515 683 2554 cor:
709 2515 770 2554 non
784 2507 882 2556 tamen
895 2499 932 2554 ad
945 2518 977 2554 se
989 2501 1100 2574 ipsum,
1115 2500 1196 2574 quod
1210 2511 1254 2554 cst

217 2581 385 2656 superbiae3
412 2580 463 2636 sed
476 2579 513 2638 ad
526 2579 702 2650 Dominum,
726 2581 805 2656 quod
818 2591 864 2638 est
880 2581 1077 2652 obedientiae,
1104 2601 1181 2658 quae
1196 2585 1254 2640 nisi

217 2662 370 2720 humilium
387 2681 448 2720 non
465 2673 563 2736 potest
583 2681 654 2718 esse.
697 2661 753 2720 Est
765 2665 858 2742 igitur
871 2665 980 2739 aliquid
992 2663 1164 2722 humilitatis
1178 2669 1253 2722 miro

217 2747 302 2804 modo
317 2745 393 2821 quod
406 2764 523 2801 sursum
533 2744 621 2800 faciat
634 2765 695 2817 cor,
710 2755 740 2801 et
751 2757 796 2802 est
805 2747 914 2824 aliquid
925 2749 1061 2804 elationis
1074 2747 1152 2824 quod
1166 2748 1254 2805 deor·

165 2856 169 2860 ·
217 2847 281 2883 sum
293 2828 382 2883 faciat
395 2845 455 2882 cor.
473 2826 539 2882 Hoc
553 2827 669 2900 quidem
682 2831 766 2902 quasi
779 2831 960 2888 contrarium
971 2831 1102 2903 videtur,
1116 2841 1149 2889 ut
1163 2834 1254 2888 elatio

216 2911 255 2965 sit
269 2910 423 2978 deorsum,
439 2918 469 2964 et
480 2907 629 2964 humilitas
644 2929 767 2970 sursum.
803 2911 863 2971 Sed
877 2914 926 2988 pia
938 2912 1085 2970 humilitas
1098 2913 1172 2970 facit
1186 2915 1255 2970 sub-

217 2993 311 3050 ditum
324 2991 482 3065 superiori3
506 2989 580 3047 nihil
595 3002 750 3050 astantem
767 2998 899 3071 superius
913 2995 993 3054 Deo:
1020 3005 1050 3052 et
1062 2997 1128 3053 ideo
1142 3000 1255 3054 exaltat

217 3073 382 3142 humilitas,
398 3091 470 3147 quae
484 3074 556 3130 facit
569 3075 716 3132 subditum
730 3077 803 3134 Deo.
825 3078 922 3135 Elatio
937 3088 1034 3136 autem
1047 3098 1121 3154 quae
1134 3083 1167 3136 in
1181 3082 1253 3136 vitio

216 3166 274 3226 est,
290 3175 324 3213 eo
339 3157 400 3230 ipso
414 3175 471 3231 quo
483 3159 596 3232 respuit
609 3160 836 3233 subiectionem,
856 3170 885 3217 et
898 3161 975 3218 cadit
988 3163 1022 3218 ab
1037 3163 1106 3233 illo,
1122 3181 1181 3238 quo
1195 3181 1253 3218 non

216 3247 262 3294 cst
275 3241 428 3314 quicquam
441 3242 588 3314 superius,
614 3251 693 3298 etex
706 3241 761 3299 hoc
775 3247 832 3300 erit
845 3243 983 3315 inferius,
998 3253 1028 3300 et
1039 3243 1074 3300 fit
1086 3245 1166 3319 quod
1179 3247 1254 3300 seri-

214 3332 297 3396 ptum
310 3331 367 3378 est:
381 3321 529 3380 Deiecisti
543 3339 608 3392 coe,
622 3343 686 3380 cum
696 3326 924 3384 extollerentur.
948 3326 1015 3383 Non
1028 3328 1108 3384 enim
1121 3329 1175 3396 ait,
1190 3345 1255 3382 enm

215 3404 439 3475 elatit'uissent,
466 3414 498 3460 ut
520 3405 601 3477 prius
626 3409 854 3479 extollerentur,
881 3419 911 3464 at
923 3419 1026 3484 postea
1040 3409 1253 3465 deiicerentur:

214 3487 265 3544 sed
279 3507 345 3544 cum
357 3489 588 3555 extollerentur,
602 3497 673 3544 tunc
688 3489 794 3548 deiecti
807 3502 886 3549 sunt.
909 3491 1006 3566 Ipsum
1019 3493 1126 3566 quippe
1139 3493 1254 3558 extolli,

215 3571 272 3626 iam
286 3570 374 3626 deiici
388 3579 441 3625 est.
486 3569 668 3643 Quapropter
688 3573 766 3645 quod
779 3593 859 3630 nnnc
873 3575 905 3630 in
918 3573 1044 3632 Ciritete
1057 3573 1133 3642 Dei,
1162 3583 1195 3630 et
1206 3571 1255 3628 Ci-

215 3653 298 3706 vitati
313 3651 371 3708 Dei
389 3653 421 3708 in
440 3649 495 3706 hoc
520 3653 636 3707 saeculo
659 3658 861 3732 peregrinanti
883 3659 1010 3722 maxime
1032 3657 1257 3712 commendatur

214 3729 377 3802 humilitas,
392 3741 421 3788 et
434 3735 465 3788 in
480 3734 543 3790 eius
557 3731 656 3810 Rege,
670 3737 720 3809 qui
734 3748 779 3794 est
792 3737 943 3810 Christus,
957 3740 1084 3794 maxime
1096 3738 1256 3812 praedica·

214 3819 277 3880 tur;
304 3815 537 3888 contrariumque
556 3813 624 3871 huic
644 3818 748 3876 virtuti
768 3823 903 3878 elationis
924 3823 1044 3893 vitium,
1070 3823 1101 3876 in
1123 3824 1192 3878 eius
1206 3820 1256 3876 ed-
