2576 4396
268 191 329 250 DE
355 187 573 250 CIVITATE
597 191 676 250 DEI
697 192 782 252 LIB.
807 195 848 254 Χ.
1015 201 1075 260 28⁵

22 349 131 424 potius
146 363 226 421 quae
240 344 287 401 hir
300 343 467 424 significata
479 354 563 417 eunt,
577 344 774 403 crederentur.
805 345 883 404 Hine
897 359 926 406 et
938 353 995 408 alio
1009 355 1074 411 loeo

23 432 142 488 Psalmi
155 431 297 486 alterius:
323 427 518 500 Statariam,
537 430 645 506 inquit,
662 448 720 485 nort
733 431 831 488 diuam
842 431 913 508 tidi,·
936 453 1015 494 meua
1029 449 1075 496 eat

25 519 103 573 enim
119 513 210 572 ordia
222 523 338 584 terrae,
352 512 545 590 etpleaitudo
559 515 632 570 eiur.
655 509 804 592 Numquid
813 518 994 576 manduculo
1006 539 1074 577 aar·
1191 570 1198 581 .

26 617 76 657 nea
91 611 277 667 taurorum,
295 607 350 653 aut
361 598 534 672 tanguiaem
547 595 695 656 hircorum
705 597 838 675 potabo?
865 599 1018 677 Tanquam
1031 603 1074 660 di·

26 693 122 741 eeret:
137 681 255 758 Vtique
271 681 297 736 ei
307 677 379 736 mihi
392 681 561 738 necessaria
574 689 682 752 eruent,
695 699 757 738 uon
770 700 788 739 a
800 691 830 740 te
842 693 987 758 peterem,
1002 705 1075 762 quae

25 766 121 824 haheo
146 767 185 822 in
212 773 368 840 potestate.
396 763 512 821 Deinde
532 763 712 844 auhiungeua
732 766 802 841 quid
820 768 871 824 illa
888 769 1074 847 significent:

26 849 164 920 immola,
173 850 288 924 inquit,
300 846 364 904 Deo
378 847 561 920 eaarifioium
574 849 682 920 laedit,
696 859 727 907 et
738 851 829 909 redde
838 849 992 912 Altiaaimo
1004 865 1075 912 uota

27 946 89 992 tua.
115 933 162 990 Et
177 935 288 991 invoca
301 951 346 988 rae
359 933 390 989 in
403 933 450 990 die
463 932 678 1004 tribulationie,
692 943 722 990 et
736 936 861 992 eximam
874 947 919 1007 te,
938 947 969 996 et
980 938 1075 1014 glori-

25 1018 133 1091 ficabit
147 1037 208 1074 me.
236 1015 312 1072 Item
325 1015 401 1090 apud
414 1018 503 1072 elium
515 1014 702 1092 Prophetam:
715 1013 752 1073 Ia
767 1035 831 1094 quo,
844 1021 951 1096 inquit,
964 1040 1074 1100 appra-

26 1102 153 1161 herdam
168 1100 342 1169 Dominum,
356 1116 504 1156 aaeamam
518 1096 614 1158 Deum
626 1120 718 1159 meum
731 1101 896 1158 eaoeluumi
918 1102 954 1161 Si
966 1123 1075 1184 appre-

26 1186 155 1244 hendam
170 1184 260 1241 illum
273 1185 304 1240 ia
316 1181 513 1254 holocausta,
540 1186 571 1240 ia
588 1183 692 1241 vituliu
707 1183 875 1241 auaieuliel
887 1185 923 1243 Si
935 1199 1074 1264 occepta·

26 1273 106 1328 verit
119 1269 272 1327 Dominae
286 1269 318 1324 in
330 1267 458 1324 millibue
472 1268 611 1337 arietum,
630 1275 684 1323 aut
698 1268 729 1323 ia
742 1267 825 1324 deuia
838 1269 966 1326 millidua
978 1269 1061 1326 hirae

27 1373 95 1410 ram
105 1349 291 1431 pinguium?
307 1349 344 1409 Si
355 1351 462 1409 dedero
469 1351 677 1428 primogenita
689 1369 754 1408 mea
760 1368 821 1427 pro
835 1352 989 1430 impietate
1001 1371 1075 1422 area,

24 1435 172 1509 fructum
190 1433 306 1494 eontra
323 1435 381 1492 mei
391 1451 453 1513 pro
466 1443 594 1511 peceato
613 1435 729 1490 animae
742 1431 842 1490 meae?
867 1432 904 1492 Si
916 1438 1076 1494 annuatia·

26 1531 93 1578 tum
108 1531 160 1578 eat
173 1519 241 1590 tili,
268 1517 367 1588 hamo,
393 1518 512 1588 bouum,
539 1527 593 1574 aut
607 1518 679 1595 qaid
690 1515 835 1575 Dominae
848 1521 988 1596 exquirat
1003 1539 1022 1576 a
1036 1529 1075 1588 te,

26 1605 214 1678 aieifaoere
225 1603 378 1671 iudicium,
391 1611 422 1659 et
431 1601 557 1677 diligere
562 1602 808 1671 mirericordiam,
821 1613 852 1660 et
858 1613 1005 1680 paratum
1012 1619 1076 1660 etue

27 1691 71 1746 ire
85 1707 153 1744 cum
167 1684 301 1744 Domino
314 1683 379 1743 Dea
393 1682 462 1742 tuol
480 1683 521 1742 Et
532 1685 564 1742 in
577 1682 663 1742 huius
676 1683 839 1759 Prophetae
851 1687 949 1744 verbis
962 1697 1074 1744 utrum·

29 1790 82 1847 que
91 1772 273 1828 ffintinemm
284 1777 341 1841 ent,
353 1769 483 1844 retiaque
494 1767 682 1840 declaratum,
693 1770 744 1825 ille
753 1770 896 1827 sacrificia
904 1789 958 1846 per
968 1789 1000 1828 ae
1011 1773 1075 1846 ipsa

27 1873 83 1912 non
88 1856 254 1931 requirere
261 1851 369 1924 Deum,
378 1851 481 1928 quihun
491 1852 700 1931 significantur
709 1851 781 1910 haee
792 1854 937 1912 aaerifioia
943 1873 1017 1931 quae
1025 1873 1074 1910 re-

28 1940 226 2015 quiritDeua.
234 1935 867 2012 lnepiatolaquaeiueorihituradHebraeos:
877 1935 1075 2010 Beaefaoere,

26 2027 133 2100 inquit,
149 2031 185 2080 et
200 2021 462 2078 eommuaioatoree
476 2037 540 2078 eree
552 2021 644 2079 nolite
657 2020 806 2080 allatret:
820 2021 930 2078 taliduu
942 2024 1075 2080 euimaa·

26 2109 155 2181 orisieiie
164 2104 315 2184 placetur
329 2101 403 2162 Deo.
423 2104 470 2160 Aa
482 2121 535 2178 per
546 2102 602 2160 hoe
615 2105 666 2160 uhi
679 2105 820 2176 seriptnm
833 2113 889 2176 eet,
903 2103 1076 2162 Misericor-

24 2195 103 2251 diam
120 2181 258 2266 [magia]
271 2186 335 2244 oola
349 2205 435 2265 quara
448 2186 647 2262 sacrificium
660 2185 734 2244 nihil
745 2187 825 2244 aliud
835 2206 921 2263 quam
933 2186 1076 2246 sacrificio

23 2276 216 2334 sacrificium
228 2271 390 2346 praelatum
408 2281 525 2344 oportet
543 2271 686 2350 intelligi:
714 2273 851 2348 quoniam
865 2271 937 2328 illud
951 2271 1027 2348 quod
1040 2272 1075 2328 ab

23 2359 202 2418 hominihus
228 2355 390 2430 appellatur
416 2355 603 2427 raorifioium,
629 2357 747 2434 rignum
772 2365 817 2412 ert
841 2357 905 2414 reri
930 2355 1075 2412 sacrificii.

23 2445 118 2504 Porro
141 2449 249 2500 autem
266 2438 467 2496 misericordia
479 2457 582 2496 verum
595 2438 771 2494 raomfieium
788 2447 847 2496 eat:
873 2439 951 2495 uude
966 2439 1077 2496 dietum
1130 2450 1132 2454 '

24 2526 168 2606 estquod
182 2524 272 2599 paulo
284 2530 352 2578 ante
362 2522 597 2592 commemoravi,
613 2520 734 2578 Talibus
746 2523 821 2578 enim
833 2521 996 2592 oaerifioiie
1004 2521 1076 2598 pla-

23 2625 109 2672 cetur
124 2609 208 2669 Dao.
246 2607 445 2682 Quaecunque
467 2606 559 2682 igitur
577 2605 610 2658 in
628 2603 794 2660 miniaterio
811 2603 993 2660 tabernaculi
1013 2604 1076 2660 aive

22 2698 128 2773 templi
141 2692 249 2750 multia
262 2688 356 2746 modia
370 2689 407 2745 de
420 2686 573 2745 sacrifieiis
586 2687 728 2765 leguntur
746 2684 889 2742 divinitus
908 2703 972 2742 eree
990 2704 1074 2761 prae·

23 2793 128 2858 oepta,
152 2775 195 2834 ad
208 2774 397 2830 dilectionem
407 2772 465 2832 Dei
479 2781 509 2828 et
520 2771 649 2847 proximi
661 2767 884 2848 significandam
896 2769 1073 2828 reseruntur.

23 2863 63 2922 In
77 2865 128 2921 hia
143 2862 227 2919 enim
243 2857 353 2916 duohua
360 2857 549 2936 praeceptio,
563 2864 597 2912 ut
610 2855 749 2930 seriptum
762 2863 822 2928 ert,
843 2864 908 2914 tota
921 2849 1074 2934 Laupeu-

25 2949 78 3008 det
92 2957 127 3006 et
137 2941 318 3022 Prophetae.

443 3095 510 3154 ch
531 3094 564 3152 P.
607 3091 667 3150 VI.

332 3189 376 3244 De
385 3208 446 3245 aero
453 3193 628 3265 perfectoque
638 3189 780 3262 sacrificio.

90 3283 230 3346 Proinde
243 3301 346 3342 verum
360 3281 536 3339 sacrificium
554 3291 597 3339 eut
613 3301 698 3340 omne
713 3299 796 3356 opur,
811 3279 888 3357 quod
901 3281 1016 3359 egitur,
1045 3289 1075 3336 ut

23 3382 133 3431 saneta
159 3370 306 3427 aoeietate
330 3364 533 3424 inhaereamus
552 3363 628 3437 Deo,
653 3367 779 3424 relatum
803 3366 916 3420 scilieet
934 3363 971 3420 ad
993 3365 1075 3418 illum

22 3460 120 3516 finem
131 3455 220 3525 boni,
234 3470 293 3527 quo
305 3451 450 3508 veraciter
463 3449 542 3506 heati
555 3467 620 3506 erre
632 3451 787 3525 patrimus.
803 3446 886 3503 Vnde
900 3455 930 3501 et
942 3448 1006 3520 ipaa
1018 3445 1074 3499 mi·

22 3538 196 3599 eerieordia
210 3553 269 3613 qua
281 3533 394 3591 homini
406 3533 589 3606 subvenitur,
604 3535 630 3590 ri
642 3541 761 3609 propter
773 3529 869 3588 Deum
882 3546 943 3585 non
955 3527 1000 3598 fit,
1014 3545 1075 3584 nou

21 3636 72 3683 eet
86 3620 282 3682 aeerifioiruu.
315 3617 382 3676 Etsi
394 3620 473 3676 enim
485 3616 520 3674 ah
533 3615 651 3674 homine
663 3616 698 3674 fit
709 3617 757 3673 vel
770 3609 901 3682 offertur,
914 3619 1012 3667 temen
1026 3627 1073 3666 aa·

21 3709 179 3768 erifieium
191 3723 242 3762 ree
254 3703 357 3761 divina
371 3712 430 3760 eat:
456 3703 499 3758 ita
518 3709 552 3758 ut
568 3699 623 3758 hoe
643 3717 758 3776 quoque
774 3695 916 3754 voeabula
935 3693 966 3750 id
978 3692 1077 3752 Latini

21 3805 149 3852 vetere·
164 3787 391 3866 appellaverint.
404 3784 487 3842 Vnde
500 3785 564 3860 ipae
576 3783 663 3842 hamo
676 3782 735 3840 Dei
749 3780 862 3838 nomini
876 3788 1075 3850 consecratur,

23 3879 132 3937 etDeo
143 3872 313 3955 [derotuo,‘
326 3871 497 3947 inquantum
509 3867 615 3926 mundo
629 3867 752 3924 moritur
764 3873 797 3922 ut
807 3862 871 3921 Deo
881 3861 972 3941 vivat,
985 3863 1076 3921 reeri-
