2530 4392
187 223 242 281 DE
266 225 481 286 CIVITATE
504 228 584 286 DEI
606 231 685 287 ste.
710 231 785 288 XX.
942 241 1002 301 290

348 377 370 436 C
393 381 418 436 A
439 378 471 435 Ρ.
514 377 627 439 XIX.

58 474 67 525 l
79 471 208 541 Apostolus
221 473 326 527 Paulus
341 474 614 530 Thessalonicensibus
629 478 782 546 scripserit,
804 489 830 532 et
846 482 876 533 sle
890 486 1003 557 manile·

60 543 166 595 statione
175 543 346 610 Antichristi,
357 546 433 598 cuius
443 555 548 614 tempus
557 547 612 600 dies
622 545 734 601 Domini
743 549 925 619 subsequetur.

58 633 149 690 Multas
160 631 349 713 Evangelieas
360 637 597 713 Apostoliossqae
610 641 769 696 sententies
784 639 819 697 de
833 641 933 699 divino
945 645 1002 704 isto

57 719 94 774 tio
106 719 252 774 novissimo
266 719 350 776 video
364 719 434 778 mihi
449 739 513 777 esse
525 723 772 797 praetereundus,
800 743 838 781 ne
850 724 905 784 hoc
918 730 1001 784 volu-

68 803 96 857 in
108 803 218 858 nimiam
229 804 442 881 longitudinem
454 807 655 879 provolvatur:
683 804 734 861 sed
753 809 835 864 nullo
852 810 937 867 modo
958 821 1002 868 est

59 885 201 942 tereundas
213 886 370 961 Apostolus
384 880 500 960 Paulus,
515 889 564 964 qai
575 889 704 945 scribens
712 889 1002 951 sd'l'hesselonieen-

62 968 214 1046 Rogamus,
229 973 341 1046 inquit,
354 971 569 1043 oos,fratres,
574 992 634 1051 per
647 974 802 1032 aduentum
815 975 938 1034 Domini
949 999 1002 1036 no·

58 1050 122 1110 Iesu
136 1051 262 1126 Christi,
289 1045 320 1113 ci
337 1066 458 1113 nostrae
470 1058 710 1137 congregationis
723 1059 754 1114 in
768 1061 876 1139 ipsum,
902 1071 937 1117 ut
948 1079 1004 1118 nass

57 1139 218 1194 moneamini
229 1148 339 1210 mente,
364 1157 455 1218 neque
470 1141 659 1210 terreamini,
685 1157 841 1220 nequeper
854 1145 1003 1221 spiritum,

55 1240 72 1277 e
78 1237 136 1298 per
146 1221 275 1291 uerbum,
301 1241 392 1300 neque
406 1240 467 1300 per
480 1223 634 1300 epistolam
647 1233 787 1300 tanquam
798 1243 858 1303 per
872 1243 922 1283 nos
934 1229 1004 1283 mis-

54 1343 62 1373 ,
76 1306 159 1381 quasi
169 1305 258 1362 instet
272 1306 335 1363 dies
351 1303 489 1363 Domini:
516 1325 551 1362 uo
566 1308 630 1383 quis
641 1323 690 1363 uos
704 1308 827 1366 seducat
840 1309 898 1366 ullo
912 1311 1003 1366 mado.

54 1389 123 1443 uiam
136 1389 193 1444 nisi
201 1390 316 1446 venerit
328 1389 442 1467 refuga
448 1391 591 1466 primum,
605 1400 635 1446 et
647 1389 910 1462 reaektusfuerit
922 1391 1004 1450 homo

54 1473 108 1540 uli,
127 1469 211 1542 filius
225 1473 384 1544 interitus,
398 1474 449 1550 qui
462 1471 642 1529 adversatur
655 1483 685 1528 ot
696 1475 942 1550 superextollitur
956 1493 1005 1532 su-

53 1573 127 1611 amne
137 1556 210 1634 quot
222 1555 334 1612 dicitur
348 1554 447 1626 Deus,
473 1556 617 1632 autquasi
633 1555 756 1631 colitur3
781 1559 827 1621 ita
841 1568 875 1615 ut
887 1562 917 1616 iu
932 1569 1003 1617 tcm-

53 1637 97 1695 loi
107 1638 223 1711 sedeat,
250 1648 405 1696 ostentans
417 1657 450 1697 se
462 1650 602 1718 tanquam
616 1641 658 1696 eit
670 1638 761 1698 Deus.
788 1638 851 1698 Non
865 1644 1004 1699 retinetis

52 1723 171 1792 omorio,
196 1723 274 1800 quod
286 1720 382 1779 adhuc
394 1741 480 1800 quum
495 1741 584 1780 essem
597 1724 678 1803 apud
688 1742 756 1794 uos,
782 1721 855 1781 loeo
874 1725 1005 1786 dicebam

52 1804 74 1860 ’ἲ
106 1803 147 1862 Et
164 1825 240 1862 nunc
251 1807 323 1886 quid
335 1807 469 1864 detineat
481 1809 581 1877 scitis,
609 1817 643 1863 ut
659 1807 809 1866 reueletur
822 1810 853 1864 s'n
867 1826 918 1866 suo
933 1819 1005 1866 tem-

89 1886 153 1946 Iam
167 1891 242 1946 enim
256 1890 426 1966 mysterium
439 1892 610 1968 iniquitatis
623 1901 775 1968 oporatur.
814 1889 941 1950 Tantum
954 1895 1006 1970 pui

51 1995 54 2022 ·
77 1982 157 2030 tonet
180 1982 296 2041 teneat,
323 1974 414 2030 doaso
427 1975 462 2031 de
475 1975 568 2030 medio
581 1974 666 2046 fiat:
692 1984 723 2031 et
742 1985 813 2031 tuno
823 1975 1004 2032 revelabitur

51 2073 89 2112 :uo
104 2053 198 2133 [aab
223 2075 306 2134 pacm
321 2055 465 2112 Dominus
477 2053 560 2114 Iesus
573 2055 737 2128 interficiet
749 2059 860 2135 spiritu
873 2061 935 2114 oris
947 2061 1003 2126 sui,

50 2140 178 2196 sacuabit
201 2139 415 2197 illuminatione
430 2140 627 2226 manusuetus
650 2156 723 2197 suae
746 2159 827 2209 eum,
854 2141 937 2196 cuius
960 2151 1004 2196 est

50 2226 142 2280 sentia
156 2223 314 2282 secundans
327 2226 525 2302 operationem
537 2232 682 2293 satanas,
697 2223 728 2278 in
741 2224 819 2280 omni
830 2224 960 2294 uirtute,
975 2233 1004 2280 et

50 2325 83 2378 s,
109 2318 140 2365 et
146 2308 301 2385 prodigiis
315 2308 479 2379 mandacii,
506 2316 537 2364 et
548 2307 579 2362 in
593 2307 671 2363 omni
681 2306 849 2364 seductione
862 2307 1004 2384 iniquita-

50 2391 95 2447 ltis
108 2393 312 2469 quipercunt;
329 2408 390 2469 pro
404 2409 436 2448 eo
448 2391 525 2470 quod
537 2390 721 2448 dilectionem
734 2390 874 2449 veritatis
888 2408 944 2447 non
956 2409 1004 2447 re-

52 2486 124 2543 unt,
151 2485 186 2531 ut
204 2473 282 2533 solui
294 2473 418 2547 fierent.
443 2474 486 2532 m
498 2475 562 2532 ideo
575 2475 674 2531 usittst
685 2473 746 2532 illis
759 2471 842 2530 Deus
855 2476 1004 2550 operatio·-

50 2560 175 2629 mroris,
189 2568 223 2616 ut
236 2559 361 2616 credant
373 2558 524 2616 mandacio
531 2595 541 2627 ,
555 2567 585 2614 et
596 2558 764 2634 iudicentur
778 2574 876 2614 omnes
887 2559 937 2635 qui
947 2575 1002 2612 non

50 2641 158 2699 icrunt
170 2643 299 2699 ueritati
306 2681 315 2712 ‚
333 2642 386 2698 sed
397 2650 606 2698 consenserunt
617 2641 781 2718 iniquitati.

50 2725 112 2780 ‘ulli
132 2724 255 2782 dubium
275 2735 334 2798 est,
360 2742 428 2780 eum
441 2723 477 2780 de
489 2721 671 2782 Antichristo
685 2725 742 2779 ista
754 2723 881 2797 dixisse3
910 2724 1002 2780 diem-

50 2808 179 2886 diequo]
194 2809 315 2882 iudicii,
341 2803 432 2878 (huno
446 2809 524 2864 enim
538 2808 665 2883 appellet
678 2806 754 2863 diem
766 2805 915 2886 Domini‚)
942 2827 1002 2866 ιιοιι

50 2902 219 2965 usturam,
246 2894 303 2952 nisi
328 2895 377 2949 ille
399 2893 481 2968 prior
501 2893 632 2963 venerit,
659 2889 891 2971 quemseiugem
905 2903 1001 2966 vocat,

50 2993 93 3033 sa
108 2975 243 3033 Domino
257 2976 331 3034 Deo.
372 2975 496 3045 Quodsi
514 2977 548 3033 de
568 2975 703 3033 omnibus
715 2977 812 3051 impiis
825 2979 929 3036 merito
944 2976 1002 3032 diui

50 3081 64 3133 .·,
80 3070 200 3137 quanto
211 3064 305 3141 magis
319 3063 354 3120 de
367 3057 443 3118 istut
477 3059 537 3119 sed
549 3062 581 3118 in
595 3078 652 3137 quo
665 3062 773 3136 templo
782 3059 840 3117 Dei
854 3057 1001 3137 [utDeus]

50 3163 178 3217 neurus,
201 3146 345 3203 incertum
359 3155 419 3202 est:
444 3153 543 3216 utrum
556 3145 588 3200 in
601 3146 653 3200 illa
665 3147 751 3200 ruine
764 3147 880 3219 templi,
895 3145 970 3221 quod
984 3163 1001 3201 ι

50 3247 120 3285 ione
144 3247 221 3308 rege
245 3235 527 3296 consummataest,
555 3245 593 3282 sn
607 3245 680 3283 vero
701 3228 733 3282 in
752 3226 894 3284 Ecclesia.
934 3227 1000 3283 Non

50 3314 201 3387 templum
214 3313 337 3368 alicuius
355 3309 427 3367 idoli
445 3317 497 3365 sut
514 3308 677 3378 daemonis,
703 3310 842 3384 templum
855 3309 912 3364 Dei
924 3309 1001 3383 Apo·

61 3395 196 3453 diceret.
236 3392 321 3452 Vnde
334 3392 483 3466 nonnulli,
498 3411 558 3449 non
571 3393 667 3465 ipsum
678 3392 858 3468 principem,
872 3391 923 3447 sed
936 3392 1001 3446 uni-

50 3501 72 3536 ιι
86 3477 223 3556 quotlsm
236 3477 322 3535 modo
334 3495 439 3552 eorpus
454 3477 533 3548 eius,
551 3475 581 3531 it
593 3483 654 3546 est,
679 3474 722 3531 sd·
729 3493 794 3530 eum
806 3475 1000 3548 pertinentem

52 3583 109 3620 sun
123 3562 349 3620 multitudinem
359 3561 446 3618 simul
459 3579 524 3616 cum
536 3561 600 3635 ipso
611 3575 663 3614 suo
670 3558 803 3634 principe
812 3555 867 3615 hoc
877 3559 942 3616 loeo
953 3558 1002 3614 in·

66 3643 297 3704 Antichristusn
322 3647 438 3704 volant:
466 3645 634 3718 recfiusque
658 3649 763 3718 putant
788 3642 876 3698 etiam
897 3640 1002 3700 Latius

50 3732 130 3788 sicut
144 3730 182 3786 in
198 3730 311 3788 Grseeo
325 3739 387 3801 est,
414 3745 473 3784 uon
487 3726 638 3805 intemplo
650 3724 725 3796 Dei,
751 3723 801 3781 sed
822 3726 853 3783 in
866 3725 1002 3805 templum

50 3816 166 3884 odeat,
195 3823 332 3890 tanquam
346 3814 408 3888 ipse
422 3813 461 3868 sit
473 3813 610 3887 templum
623 3807 697 3881 Dei,
710 3808 784 3885 quod
799 3819 845 3866 est
856 3808 1002 3868 Ecclesia:

50 3899 204 3971 lisimas,
227 3895 318 3956 Sedet
330 3899 362 3954 in
375 3896 516 3968 emieat,
541 3893 572 3951 iel
585 3903 647 3968 est,
674 3895 892 3969 velatemisa13
918 3896 964 3954 vel
977 3894 1003 3951 si
