<?xml version="1.0" encoding="UTF-8"?>
<!DOCTYPE html PUBLIC "-//W3C//DTD XHTML 1.0 Transitional//EN"
    "http://www.w3.org/TR/xhtml1/DTD/xhtml1-transitional.dtd">
<html xmlns="http://www.w3.org/1999/xhtml" xml:lang="en" lang="en">
 <head>
  <title>
</title>
<meta http-equiv="Content-Type" content="text/html;charset=utf-8" />
  <meta name='ocr-system' content='tesseract 3.04.00' />
  <meta name='ocr-capabilities' content='ocr_page ocr_carea ocr_par ocr_line ocrx_word'/>
</head>
<body>
  <div class='ocr_page' id='page_1' title='image "./saureliiaugusti02augugoog_0564.png"; bbox 0 0 2538 4392; ppageno 0'>
   <div class='ocr_carea' id='block_1_1' title="bbox 229 169 1077 248">
    <p class='ocr_par' dir='ltr' id='par_1_1' title="bbox 229 169 1077 248">
     <span class='ocr_line' id='line_1_1' title="bbox 229 169 1077 248; baseline 0.021 -18"><span class='ocrx_word' id='word_1_1' title='bbox 229 170 291 230; x_wconf 81' lang='lat' dir='ltr'><strong><em>DE</em></strong></span> <span class='ocrx_word' id='word_1_2' title='bbox 314 169 538 234; x_wconf 75' lang='lat' dir='ltr'><strong><em>crvlusun</em></strong></span> <span class='ocrx_word' id='word_1_3' title='bbox 557 171 641 246; x_wconf 75' lang='lat' dir='ltr'><strong><em>nul</em></strong></span> <span class='ocrx_word' id='word_1_4' title='bbox 662 173 744 236; x_wconf 73' lang='lat' dir='ltr'><strong><em>blo.</em></strong></span> <span class='ocrx_word' id='word_1_5' title='bbox 766 175 877 238; x_wconf 84' lang='lat' dir='ltr'><strong><em>xvn.</em></strong></span> <span class='ocrx_word' id='word_1_6' title='bbox 1016 186 1077 248; x_wconf 73' lang='lat'><strong><em>135</em></strong></span> 
     </span>
    </p>
   </div>
   <div class='ocr_carea' id='block_1_2' title="bbox 15 321 1094 3670">
    <p class='ocr_par' dir='ltr' id='par_1_2' title="bbox 24 321 1094 1579">
     <span class='ocr_line' id='line_1_2' title="bbox 34 321 1075 403; baseline 0.01 -17"><span class='ocrx_word' id='word_1_7' title='bbox 34 327 123 398; x_wconf 73' lang='lat' dir='ltr'><strong><em>etan,</em></strong></span> <span class='ocrx_word' id='word_1_8' title='bbox 144 325 176 384; x_wconf 80' lang='lat' dir='ltr'><strong><em>lrl</em></strong></span> <span class='ocrx_word' id='word_1_9' title='bbox 189 331 253 397; x_wconf 85' lang='lat' dir='ltr'><strong><em>est,</em></strong></span> <span class='ocrx_word' id='word_1_10' title='bbox 277 341 364 399; x_wconf 73' lang='lat' dir='ltr'><strong><em>quain</em></strong></span> <span class='ocrx_word' id='word_1_11' title='bbox 387 321 438 382; x_wconf 88' lang='lat' dir='ltr'><strong><em>det</em></strong></span> <span class='ocrx_word' id='word_1_12' title='bbox 453 321 567 383; x_wconf 82' lang='lat' dir='ltr'><strong><em>homini</em></strong></span> <span class='ocrx_word' id='word_1_13' title='bbox 585 322 683 397; x_wconf 85' lang='lat' dir='ltr'><strong><em>Deus,</em></strong></span> <span class='ocrx_word' id='word_1_14' title='bbox 706 327 756 403; x_wconf 80' lang='lat' dir='ltr'><strong><em>qui</em></strong></span> <span class='ocrx_word' id='word_1_15' title='bbox 774 330 921 390; x_wconf 73' lang='lat' dir='ltr'><strong><em>selenen</em></strong></span> <span class='ocrx_word' id='word_1_16' title='bbox 933 335 1030 394; x_wconf 83' lang='lat' dir='ltr'><strong><em>iustus</em></strong></span> <span class='ocrx_word' id='word_1_17' title='bbox 1045 349 1075 396; x_wconf 86' lang='grc' dir='ltr'><strong><em>ιι</em></strong></span> 
     </span>
     <span class='ocr_line' id='line_1_3' title="bbox 33 407 1075 486; baseline 0.012 -20"><span class='ocrx_word' id='word_1_18' title='bbox 33 409 213 481; x_wconf 82' lang='lat' dir='ltr'><strong><em>iustifieans3</em></strong></span> <span class='ocrx_word' id='word_1_19' title='bbox 235 417 266 466; x_wconf 82' lang='lat' dir='ltr'><strong><em>et</em></strong></span> <span class='ocrx_word' id='word_1_20' title='bbox 278 425 362 465; x_wconf 81' lang='lat' dir='ltr'><strong><em>suone</em></strong></span> <span class='ocrx_word' id='word_1_21' title='bbox 374 407 505 466; x_wconf 74' lang='lat' dir='ltr'><strong><em>solentne</em></strong></span> <span class='ocrx_word' id='word_1_22' title='bbox 518 410 718 481; x_wconf 66' lang='lat' dir='ltr'><strong><em>constituero,</em></strong></span> <span class='ocrx_word' id='word_1_23' title='bbox 731 409 762 466; x_wconf 87' lang='lat' dir='ltr'><strong><em>id</em></strong></span> <span class='ocrx_word' id='word_1_24' title='bbox 775 420 832 486; x_wconf 84' lang='lat' dir='ltr'><strong><em>est,</em></strong></span> <span class='ocrx_word' id='word_1_25' title='bbox 848 414 960 474; x_wconf 81' lang='lat' dir='ltr'><strong><em>reluta</em></strong></span> <span class='ocrx_word' id='word_1_26' title='bbox 972 436 1005 476; x_wconf 87' lang='lat' dir='ltr'><strong><em>se</em></strong></span> <span class='ocrx_word' id='word_1_27' title='bbox 1018 422 1075 480; x_wconf 84' lang='lat' dir='ltr'><strong><em>sibi</em></strong></span> 
     </span>
     <span class='ocr_line' id='line_1_4' title="bbox 31 490 1071 573; baseline 0.013 -25"><span class='ocrx_word' id='word_1_28' title='bbox 31 505 170 573; x_wconf 71' lang='lat' dir='ltr'><strong><em>parntem,</em></strong></span> <span class='ocrx_word' id='word_1_29' title='bbox 186 509 248 550; x_wconf 94' lang='lat' dir='ltr'><strong><em>non</em></strong></span> <span class='ocrx_word' id='word_1_30' title='bbox 266 490 302 548; x_wconf 91' lang='lat' dir='ltr'><strong><em>ab</em></strong></span> <span class='ocrx_word' id='word_1_31' title='bbox 321 493 372 554; x_wconf 90' lang='lat' dir='ltr'><strong><em>illo</em></strong></span> <span class='ocrx_word' id='word_1_32' title='bbox 392 493 586 570; x_wconf 83' lang='lat' dir='ltr'><strong><em>impertitam,</em></strong></span> <span class='ocrx_word' id='word_1_33' title='bbox 611 493 750 554; x_wconf 81' lang='lat' dir='ltr'><strong><em>iustitiae</em></strong></span> <span class='ocrx_word' id='word_1_34' title='bbox 763 493 826 554; x_wconf 86' lang='lat' dir='ltr'><strong><em>Dei</em></strong></span> <span class='ocrx_word' id='word_1_35' title='bbox 844 513 901 556; x_wconf 88' lang='lat' dir='ltr'><strong><em>non</em></strong></span> <span class='ocrx_word' id='word_1_36' title='bbox 914 511 985 559; x_wconf 82' lang='lat' dir='ltr'><strong><em>sent</em></strong></span> <span class='ocrx_word' id='word_1_37' title='bbox 1002 505 1071 562; x_wconf 77' lang='grc' dir='ltr'>ιιι-</span> 
     </span>
     <span class='ocr_line' id='line_1_5' title="bbox 30 575 1072 660; baseline 0.003 -21"><span class='ocrx_word' id='word_1_38' title='bbox 30 581 113 651; x_wconf 86' lang='lat' dir='ltr'><strong><em>ieeti,</em></strong></span> <span class='ocrx_word' id='word_1_39' title='bbox 125 580 229 655; x_wconf 74' lang='lat' dir='ltr'><strong><em>utique</em></strong></span> <span class='ocrx_word' id='word_1_40' title='bbox 241 577 309 652; x_wconf 86' lang='lat' dir='ltr'><strong><em>quie</em></strong></span> <span class='ocrx_word' id='word_1_41' title='bbox 318 575 450 652; x_wconf 80' lang='lat' dir='ltr'><strong><em>superbi,</em></strong></span> <span class='ocrx_word' id='word_1_42' title='bbox 472 575 514 634; x_wconf 83' lang='lat' dir='ltr'><strong><em>‹le-</em></strong></span> <span class='ocrx_word' id='word_1_43' title='bbox 522 591 583 642; x_wconf 65' lang='lat' dir='ltr'><strong><em>suo,</em></strong></span> <span class='ocrx_word' id='word_1_44' title='bbox 587 585 745 650; x_wconf 85' lang='lat' dir='ltr'><strong><em>putantes,</em></strong></span> <span class='ocrx_word' id='word_1_45' title='bbox 769 598 831 638; x_wconf 87' lang='lat' dir='ltr'><strong><em>non</em></strong></span> <span class='ocrx_word' id='word_1_46' title='bbox 843 580 879 650; x_wconf 73' lang='lat' dir='ltr'><strong><em>ele</em></strong></span> <span class='ocrx_word' id='word_1_47' title='bbox 892 580 965 655; x_wconf 85' lang='lat' dir='ltr'><strong><em>Dei,</em></strong></span> <span class='ocrx_word' id='word_1_48' title='bbox 986 601 1072 660; x_wconf 78' lang='lat' dir='ltr'><strong><em>posse</em></strong></span> 
     </span>
     <span class='ocr_line' id='line_1_6' title="bbox 30 658 1072 741; baseline 0.006 -21"><span class='ocrx_word' id='word_1_49' title='bbox 30 664 147 741; x_wconf 86' lang='lat' dir='ltr'><strong><em>plaeere</em></strong></span> <span class='ocrx_word' id='word_1_50' title='bbox 159 681 192 720; x_wconf 83' lang='lat' dir='ltr'><strong><em>se</em></strong></span> <span class='ocrx_word' id='word_1_51' title='bbox 205 659 282 734; x_wconf 88' lang='lat' dir='ltr'><strong><em>Deo,</em></strong></span> <span class='ocrx_word' id='word_1_52' title='bbox 303 661 354 735; x_wconf 82' lang='lat' dir='ltr'><strong><em>qui</em></strong></span> <span class='ocrx_word' id='word_1_53' title='bbox 368 669 414 718; x_wconf 86' lang='lat' dir='ltr'><strong><em>est</em></strong></span> <span class='ocrx_word' id='word_1_54' title='bbox 426 658 508 718; x_wconf 75' lang='lat' dir='ltr'><strong><em>Deua</em></strong></span> <span class='ocrx_word' id='word_1_55' title='bbox 521 661 724 734; x_wconf 73' lang='lat' dir='ltr'>scientiarum,</span> <span class='ocrx_word' id='word_1_56' title='bbox 738 671 827 739; x_wconf 89' lang='lat' dir='ltr'><strong><em>atque</em></strong></span> <span class='ocrx_word' id='word_1_57' title='bbox 839 663 905 722; x_wconf 85' lang='lat' dir='ltr'><strong><em>ideo</em></strong></span> <span class='ocrx_word' id='word_1_58' title='bbox 920 667 1072 734; x_wconf 80' lang='lat' dir='ltr'><strong><em>et.erbiter</em></strong></span> 
     </span>
     <span class='ocr_line' id='line_1_7' title="bbox 30 742 1071 824; baseline 0.007 -19"><span class='ocrx_word' id='word_1_59' title='bbox 30 747 290 815; x_wconf 67' lang='lat' dir='ltr'><strong>conscientiarum,</strong></span> <span class='ocrx_word' id='word_1_60' title='bbox 311 744 353 802; x_wconf 93' lang='lat' dir='ltr'><strong><em>ibi</em></strong></span> <span class='ocrx_word' id='word_1_61' title='bbox 365 742 470 802; x_wconf 85' lang='lat' dir='ltr'><strong><em>videus</em></strong></span> <span class='ocrx_word' id='word_1_62' title='bbox 483 745 679 824; x_wconf 72' lang='lat' dir='ltr'><strong><em>eogitationes</em></strong></span> <span class='ocrx_word' id='word_1_63' title='bbox 690 743 853 820; x_wconf 81' lang='lat' dir='ltr'><strong><em>hominum,</em></strong></span> <span class='ocrx_word' id='word_1_64' title='bbox 867 752 1008 824; x_wconf 84' lang='lat' dir='ltr'><strong><em>quoniam</em></strong></span> <span class='ocrx_word' id='word_1_65' title='bbox 1019 771 1071 812; x_wconf 83' lang='lat' dir='ltr'><strong><em>va-</em></strong></span> 
     </span>
     <span class='ocr_line' id='line_1_8' title="bbox 31 823 1094 913; baseline 0.004 -23"><span class='ocrx_word' id='word_1_66' title='bbox 31 851 88 890; x_wconf 85' lang='lat' dir='ltr'><strong><em>nae</em></strong></span> <span class='ocrx_word' id='word_1_67' title='bbox 101 841 181 902; x_wconf 81' lang='lat' dir='ltr'><strong><em>sunt,</em></strong></span> <span class='ocrx_word' id='word_1_68' title='bbox 192 831 219 888; x_wconf 90' lang='lat' dir='ltr'><strong><em>si</em></strong></span> <span class='ocrx_word' id='word_1_69' title='bbox 231 827 382 886; x_wconf 87' lang='lat' dir='ltr'><strong><em>hominum</em></strong></span> <span class='ocrx_word' id='word_1_70' title='bbox 394 838 474 902; x_wconf 83' lang='lat' dir='ltr'><strong><em>sunt,</em></strong></span> <span class='ocrx_word' id='word_1_71' title='bbox 487 839 519 886; x_wconf 91' lang='lat' dir='ltr'><strong><em>et</em></strong></span> <span class='ocrx_word' id='word_1_72' title='bbox 529 823 565 887; x_wconf 88' lang='lat' dir='ltr'><strong><em>ab</em></strong></span> <span class='ocrx_word' id='word_1_73' title='bbox 580 831 631 890; x_wconf 90' lang='lat' dir='ltr'><strong><em>illo</em></strong></span> <span class='ocrx_word' id='word_1_74' title='bbox 646 849 707 888; x_wconf 91' lang='lat' dir='ltr'><strong><em>non</em></strong></span> <span class='ocrx_word' id='word_1_75' title='bbox 719 841 798 888; x_wconf 84' lang='lat' dir='ltr'><strong><em>eunt.</em></strong></span> <span class='ocrx_word' id='word_1_76' title='bbox 814 831 857 890; x_wconf 82' lang='lat' dir='ltr'><strong><em>Et</em></strong></span> <span class='ocrx_word' id='word_1_77' title='bbox 863 824 1072 913; x_wconf 71' lang='lat' dir='ltr'><strong><em>praeparans,</em></strong></span> <span class='ocrx_word' id='word_1_78' title='bbox 1091 864 1094 872; x_wconf 47' lang='lat'><strong><em>¹</em></strong></span> 
     </span>
     <span class='ocr_line' id='line_1_9' title="bbox 29 913 1073 992; baseline 0.003 -18"><span class='ocrx_word' id='word_1_79' title='bbox 29 917 142 992; x_wconf 86' lang='lat' dir='ltr'><strong><em>inquit,</em></strong></span> <span class='ocrx_word' id='word_1_80' title='bbox 166 915 391 975; x_wconf 63' lang='lat' dir='ltr'><strong><em>adinventiones</em></strong></span> <span class='ocrx_word' id='word_1_81' title='bbox 404 930 488 975; x_wconf 79' lang='lat' dir='ltr'><strong><em>suos.</em></strong></span> <span class='ocrx_word' id='word_1_82' title='bbox 514 915 594 982; x_wconf 80' lang='lat' dir='ltr'><strong><em>Quas</em></strong></span> <span class='ocrx_word' id='word_1_83' title='bbox 607 913 833 974; x_wconf 73' lang='lat' dir='ltr'><strong><em>adinventiones</em></strong></span> <span class='ocrx_word' id='word_1_84' title='bbox 844 925 990 992; x_wconf 84' lang='lat' dir='ltr'><strong><em>putamus,</em></strong></span> <span class='ocrx_word' id='word_1_85' title='bbox 1013 921 1073 976; x_wconf 84' lang='lat' dir='ltr'><strong><em>nisi</em></strong></span> 
     </span>
     <span class='ocr_line' id='line_1_10' title="bbox 31 993 1073 1079; baseline 0.005 -23"><span class='ocrx_word' id='word_1_86' title='bbox 31 1011 64 1058; x_wconf 90' lang='lat' dir='ltr'><strong><em>ut</em></strong></span> <span class='ocrx_word' id='word_1_87' title='bbox 76 999 192 1076; x_wconf 87' lang='lat' dir='ltr'><strong><em>superbi</em></strong></span> <span class='ocrx_word' id='word_1_88' title='bbox 205 997 322 1070; x_wconf 82' lang='lat' dir='ltr'><strong><em>eadunt,</em></strong></span> <span class='ocrx_word' id='word_1_89' title='bbox 336 1007 366 1056; x_wconf 90' lang='lat' dir='ltr'><strong><em>et</em></strong></span> <span class='ocrx_word' id='word_1_90' title='bbox 377 996 502 1060; x_wconf 76' lang='lat' dir='ltr'><strong>humiles</strong></span> <span class='ocrx_word' id='word_1_91' title='bbox 515 993 657 1079; x_wconf 74' lang='lat' dir='ltr'><strong><em>surgenti</em></strong></span> <span class='ocrx_word' id='word_1_92' title='bbox 686 997 749 1058; x_wconf 87' lang='lat' dir='ltr'><strong><em>Has</em></strong></span> <span class='ocrx_word' id='word_1_93' title='bbox 762 1002 871 1076; x_wconf 89' lang='lat' dir='ltr'><strong><em>quippe</em></strong></span> <span class='ocrx_word' id='word_1_94' title='bbox 886 999 1073 1062; x_wconf 81' lang='lat' dir='ltr'><strong><em>adinventio·-</em></strong></span> 
     </span>
     <span class='ocr_line' id='line_1_11' title="bbox 30 1080 1073 1160; baseline 0.002 -18"><span class='ocrx_word' id='word_1_95' title='bbox 30 1103 82 1142; x_wconf 88' lang='lat' dir='ltr'><strong><em>nes</em></strong></span> <span class='ocrx_word' id='word_1_96' title='bbox 99 1083 283 1158; x_wconf 68' lang='lat' dir='ltr'>exsequitur,</span> <span class='ocrx_word' id='word_1_97' title='bbox 296 1080 413 1143; x_wconf 77' lang='lat' dir='ltr'><strong><em>dicens:</em></strong></span> <span class='ocrx_word' id='word_1_98' title='bbox 434 1081 532 1142; x_wconf 78' lang='lat' dir='ltr'><strong><em>Areus</em></strong></span> <span class='ocrx_word' id='word_1_99' title='bbox 539 1084 709 1160; x_wconf 74' lang='lat' dir='ltr'><strong><em>potentium</em></strong></span> <span class='ocrx_word' id='word_1_100' title='bbox 722 1083 895 1156; x_wconf 79' lang='lat' dir='ltr'><strong><em>infirmatus</em></strong></span> <span class='ocrx_word' id='word_1_101' title='bbox 907 1097 970 1157; x_wconf 83' lang='lat' dir='ltr'><strong><em>est,</em></strong></span> <span class='ocrx_word' id='word_1_102' title='bbox 984 1096 1015 1145; x_wconf 79' lang='lat' dir='ltr'><strong><em>et</em></strong></span> <span class='ocrx_word' id='word_1_103' title='bbox 1027 1089 1073 1146; x_wconf 87' lang='lat' dir='ltr'><strong><em>in-</em></strong></span> 
     </span>
     <span class='ocr_line' id='line_1_12' title="bbox 24 1161 1073 1246; baseline 0.001 -22"><span class='ocrx_word' id='word_1_104' title='bbox 24 1167 115 1241; x_wconf 83' lang='lat' dir='ltr'><strong><em>firmi</em></strong></span> <span class='ocrx_word' id='word_1_105' title='bbox 124 1167 300 1246; x_wconf 81' lang='lat' dir='ltr'><strong><em>proeoinoii</em></strong></span> <span class='ocrx_word' id='word_1_106' title='bbox 310 1176 382 1226; x_wconf 81' lang='lat' dir='ltr'><strong><em>eunt</em></strong></span> <span class='ocrx_word' id='word_1_107' title='bbox 393 1167 518 1226; x_wconf 76' lang='lat' dir='ltr'><strong><em>virtate-</em></strong></span> <span class='ocrx_word' id='word_1_108' title='bbox 544 1165 711 1224; x_wconf 84' lang='lat' dir='ltr'><strong><em>infirmatus</em></strong></span> <span class='ocrx_word' id='word_1_109' title='bbox 724 1161 770 1226; x_wconf 84' lang='lat' dir='ltr'><strong><em>eet</em></strong></span> <span class='ocrx_word' id='word_1_110' title='bbox 783 1185 885 1238; x_wconf 88' lang='lat' dir='ltr'><strong><em>arens,</em></strong></span> <span class='ocrx_word' id='word_1_111' title='bbox 907 1168 938 1224; x_wconf 87' lang='lat' dir='ltr'><strong><em>id</em></strong></span> <span class='ocrx_word' id='word_1_112' title='bbox 952 1179 1007 1242; x_wconf 84' lang='grc' dir='ltr'>ιιι,</span> <span class='ocrx_word' id='word_1_113' title='bbox 1025 1172 1073 1230; x_wconf 90' lang='lat' dir='ltr'><strong><em>in-</em></strong></span> 
     </span>
     <span class='ocr_line' id='line_1_13' title="bbox 30 1249 1073 1326; baseline 0.002 -18"><span class='ocrx_word' id='word_1_114' title='bbox 30 1253 127 1308; x_wconf 87' lang='lat' dir='ltr'><strong><em>tentio</em></strong></span> <span class='ocrx_word' id='word_1_115' title='bbox 142 1269 244 1313; x_wconf 82' lang='lat' dir='ltr'><strong><em>eorum</em></strong></span> <span class='ocrx_word' id='word_1_116' title='bbox 258 1251 383 1325; x_wconf 76' lang='lat' dir='ltr'><strong><em>quitum</em></strong></span> <span class='ocrx_word' id='word_1_117' title='bbox 394 1259 532 1326; x_wconf 89' lang='lat' dir='ltr'><strong><em>potentes</em></strong></span> <span class='ocrx_word' id='word_1_118' title='bbox 546 1251 602 1306; x_wconf 83' lang='lat' dir='ltr'><strong><em>sibi</em></strong></span> <span class='ocrx_word' id='word_1_119' title='bbox 620 1249 775 1322; x_wconf 80' lang='lat' dir='ltr'><strong><em>videntur,</em></strong></span> <span class='ocrx_word' id='word_1_120' title='bbox 800 1260 833 1308; x_wconf 89' lang='lat' dir='ltr'><strong><em>ut</em></strong></span> <span class='ocrx_word' id='word_1_121' title='bbox 846 1252 912 1308; x_wconf 86' lang='lat' dir='ltr'><strong><em>sine</em></strong></span> <span class='ocrx_word' id='word_1_122' title='bbox 925 1250 983 1310; x_wconf 89' lang='lat' dir='ltr'><strong><em>Dei</em></strong></span> <span class='ocrx_word' id='word_1_123' title='bbox 996 1251 1073 1312; x_wconf 79' lang='lat' dir='ltr'><strong><em>dono</em></strong></span> 
     </span>
     <span class='ocr_line' id='line_1_14' title="bbox 29 1332 1073 1412; baseline 0 -20"><span class='ocrx_word' id='word_1_124' title='bbox 29 1344 118 1410; x_wconf 83' lang='lat' dir='ltr'><strong><em>atque</em></strong></span> <span class='ocrx_word' id='word_1_125' title='bbox 148 1334 295 1398; x_wconf 81' lang='lat' dir='ltr'><strong><em>adiutorio</em></strong></span> <span class='ocrx_word' id='word_1_126' title='bbox 324 1332 452 1394; x_wconf 80' lang='lat' dir='ltr'><strong><em>humana</em></strong></span> <span class='ocrx_word' id='word_1_127' title='bbox 481 1332 658 1393; x_wconf 87' lang='lat' dir='ltr'><strong><em>suffieientia</em></strong></span> <span class='ocrx_word' id='word_1_128' title='bbox 687 1333 788 1396; x_wconf 72' lang='lat' dir='ltr'><strong><em>divine</em></strong></span> <span class='ocrx_word' id='word_1_129' title='bbox 813 1336 929 1409; x_wconf 75' lang='lat' dir='ltr'><strong><em>possint</em></strong></span> <span class='ocrx_word' id='word_1_130' title='bbox 952 1337 1073 1412; x_wconf 84' lang='lat' dir='ltr'><strong><em>implere</em></strong></span> 
     </span>
     <span class='ocr_line' id='line_1_15' title="bbox 28 1418 1071 1496; baseline 0.002 -20"><span class='ocrx_word' id='word_1_131' title='bbox 28 1419 183 1490; x_wconf 83' lang='lat' dir='ltr'><strong><em>mandata3</em></strong></span> <span class='ocrx_word' id='word_1_132' title='bbox 209 1426 240 1474; x_wconf 90' lang='lat' dir='ltr'><strong><em>et</em></strong></span> <span class='ocrx_word' id='word_1_133' title='bbox 257 1418 494 1496; x_wconf 77' lang='lat' dir='ltr'><strong><em>praecinguntur</em></strong></span> <span class='ocrx_word' id='word_1_134' title='bbox 512 1419 640 1490; x_wconf 83' lang='lat' dir='ltr'><strong><em>virtute,</em></strong></span> <span class='ocrx_word' id='word_1_135' title='bbox 667 1435 794 1494; x_wconf 82' lang='lat' dir='ltr'><strong><em>querum</em></strong></span> <span class='ocrx_word' id='word_1_136' title='bbox 806 1419 926 1478; x_wconf 89' lang='lat' dir='ltr'><strong><em>interna</em></strong></span> <span class='ocrx_word' id='word_1_137' title='bbox 939 1437 999 1476; x_wconf 82' lang='lat' dir='ltr'><strong><em>vox</em></strong></span> <span class='ocrx_word' id='word_1_138' title='bbox 1013 1430 1071 1478; x_wconf 87' lang='lat' dir='ltr'><strong><em>est:</em></strong></span> 
     </span>
     <span class='ocr_line' id='line_1_16' title="bbox 26 1500 791 1579; baseline -0.005 -17"><span class='ocrx_word' id='word_1_139' title='bbox 26 1500 174 1562; x_wconf 86' lang='lat' dir='ltr'><strong><em>Miserere</em></strong></span> <span class='ocrx_word' id='word_1_140' title='bbox 186 1503 253 1572; x_wconf 81' lang='lat' dir='ltr'><strong><em>mei,</em></strong></span> <span class='ocrx_word' id='word_1_141' title='bbox 267 1500 404 1572; x_wconf 81' lang='lat' dir='ltr'><strong><em>Domine,</em></strong></span> <span class='ocrx_word' id='word_1_142' title='bbox 417 1501 554 1579; x_wconf 75' lang='lat' dir='ltr'><strong><em>qnoniam</em></strong></span> <span class='ocrx_word' id='word_1_143' title='bbox 568 1500 704 1574; x_wconf 79' lang='lat' dir='ltr'><strong><em>infirnus</em></strong></span> <span class='ocrx_word' id='word_1_144' title='bbox 717 1519 791 1572; x_wconf 81' lang='lat' dir='ltr'><strong><em>sum.</em></strong></span> 
     </span>
    </p>

    <p class='ocr_par' dir='ltr' id='par_1_3' title="bbox 15 1583 1073 3589">
     <span class='ocr_line' id='line_1_17' title="bbox 90 1583 1071 1664; baseline 0.002 -22"><span class='ocrx_word' id='word_1_145' title='bbox 90 1583 176 1644; x_wconf 88' lang='lat' dir='ltr'><strong><em>Pleni</em></strong></span> <span class='ocrx_word' id='word_1_146' title='bbox 180 1585 324 1664; x_wconf 81' lang='lat' dir='ltr'><strong><em>panibus,</em></strong></span> <span class='ocrx_word' id='word_1_147' title='bbox 337 1586 445 1661; x_wconf 86' lang='lat' dir='ltr'><strong><em>inquit,</em></strong></span> <span class='ocrx_word' id='word_1_148' title='bbox 458 1586 604 1642; x_wconf 83' lang='lat' dir='ltr'><strong><em>minorati</em></strong></span> <span class='ocrx_word' id='word_1_149' title='bbox 616 1595 696 1655; x_wconf 83' lang='lat' dir='ltr'><strong><em>sent,</em></strong></span> <span class='ocrx_word' id='word_1_150' title='bbox 715 1595 745 1644; x_wconf 86' lang='lat' dir='ltr'><strong><em>et</em></strong></span> <span class='ocrx_word' id='word_1_151' title='bbox 758 1585 925 1642; x_wconf 72' lang='lat' dir='ltr'><strong><em>esurientes</em></strong></span> <span class='ocrx_word' id='word_1_152' title='bbox 939 1589 1071 1644; x_wconf 83' lang='lat' dir='ltr'><strong><em>troneie-</em></strong></span> 
     </span>
     <span class='ocr_line' id='line_1_18' title="bbox 25 1668 1071 1746; baseline 0 -18"><span class='ocrx_word' id='word_1_153' title='bbox 25 1679 100 1728; x_wconf 83' lang='lat' dir='ltr'><strong><em>runt</em></strong></span> <span class='ocrx_word' id='word_1_154' title='bbox 112 1678 237 1728; x_wconf 82' lang='lat' dir='ltr'><strong><em>terren.</em></strong></span> <span class='ocrx_word' id='word_1_155' title='bbox 272 1670 330 1736; x_wconf 81' lang='lat' dir='ltr'><strong><em>Qui</em></strong></span> <span class='ocrx_word' id='word_1_156' title='bbox 348 1677 418 1728; x_wconf 90' lang='lat' dir='ltr'><strong><em>sunt</em></strong></span> <span class='ocrx_word' id='word_1_157' title='bbox 435 1668 625 1746; x_wconf 77' lang='lat' dir='ltr'><strong><em>intelligendi</em></strong></span> <span class='ocrx_word' id='word_1_158' title='bbox 640 1670 721 1743; x_wconf 91' lang='lat' dir='ltr'><strong><em>pleni</em></strong></span> <span class='ocrx_word' id='word_1_159' title='bbox 739 1668 880 1744; x_wconf 86' lang='lat' dir='ltr'><strong><em>panibus,</em></strong></span> <span class='ocrx_word' id='word_1_160' title='bbox 907 1669 966 1726; x_wconf 83' lang='lat' dir='ltr'><strong><em>nisi</em></strong></span> <span class='ocrx_word' id='word_1_161' title='bbox 983 1668 1071 1728; x_wconf 87' lang='lat' dir='ltr'><strong><em>iidem</em></strong></span> 
     </span>
     <span class='ocr_line' id='line_1_19' title="bbox 25 1750 1072 1829; baseline 0 -19"><span class='ocrx_word' id='word_1_162' title='bbox 25 1755 84 1829; x_wconf 91' lang='lat' dir='ltr'><strong><em>ipsi</em></strong></span> <span class='ocrx_word' id='word_1_163' title='bbox 97 1754 182 1828; x_wconf 81' lang='lat' dir='ltr'><strong><em>qussi</em></strong></span> <span class='ocrx_word' id='word_1_164' title='bbox 194 1760 341 1828; x_wconf 88' lang='lat' dir='ltr'><strong><em>potentes,</em></strong></span> <span class='ocrx_word' id='word_1_165' title='bbox 354 1753 452 1824; x_wconf 80' lang='lat' dir='ltr'><strong><em>idest,</em></strong></span> <span class='ocrx_word' id='word_1_166' title='bbox 464 1750 626 1824; x_wconf 68' lang='lat' dir='ltr'><strong><em>brientio,</em></strong></span> <span class='ocrx_word' id='word_1_167' title='bbox 639 1752 742 1828; x_wconf 87' lang='lat' dir='ltr'><strong><em>quibus</em></strong></span> <span class='ocrx_word' id='word_1_168' title='bbox 754 1752 866 1810; x_wconf 84' lang='lat' dir='ltr'><strong><em>eredita</em></strong></span> <span class='ocrx_word' id='word_1_169' title='bbox 876 1761 948 1812; x_wconf 88' lang='lat' dir='ltr'><strong><em>sunt</em></strong></span> <span class='ocrx_word' id='word_1_170' title='bbox 957 1753 1072 1828; x_wconf 76' lang='lat' dir='ltr'><strong><em>eloquin</em></strong></span> 
     </span>
     <span class='ocr_line' id='line_1_20' title="bbox 26 1830 1071 1914; baseline -0.002 -18"><span class='ocrx_word' id='word_1_171' title='bbox 26 1833 105 1896; x_wconf 82' lang='lat' dir='ltr'><strong><em>Deii</em></strong></span> <span class='ocrx_word' id='word_1_172' title='bbox 127 1835 190 1894; x_wconf 84' lang='lat' dir='ltr'><strong><em>Sed</em></strong></span> <span class='ocrx_word' id='word_1_173' title='bbox 203 1830 286 1894; x_wconf 84' lang='lat' dir='ltr'><strong><em>ineo</em></strong></span> <span class='ocrx_word' id='word_1_174' title='bbox 302 1837 411 1911; x_wconf 92' lang='lat' dir='ltr'><strong><em>populo</em></strong></span> <span class='ocrx_word' id='word_1_175' title='bbox 427 1837 552 1894; x_wconf 87' lang='lat' dir='ltr'><strong><em>aneillae</em></strong></span> <span class='ocrx_word' id='word_1_176' title='bbox 565 1836 620 1894; x_wconf 90' lang='lat' dir='ltr'><strong><em>filii</em></strong></span> <span class='ocrx_word' id='word_1_177' title='bbox 636 1837 777 1896; x_wconf 85' lang='lat' dir='ltr'><strong><em>minorati</em></strong></span> <span class='ocrx_word' id='word_1_178' title='bbox 795 1845 880 1894; x_wconf 84' lang='lat' dir='ltr'><strong><em>sunt:</em></strong></span> <span class='ocrx_word' id='word_1_179' title='bbox 907 1855 965 1914; x_wconf 86' lang='lat' dir='ltr'><strong><em>quo</em></strong></span> <span class='ocrx_word' id='word_1_180' title='bbox 980 1837 1071 1894; x_wconf 88' lang='lat' dir='ltr'><strong><em>verbo</em></strong></span> 
     </span>
     <span class='ocr_line' id='line_1_21' title="bbox 25 1919 1072 1997; baseline -0.002 -17"><span class='ocrx_word' id='word_1_181' title='bbox 25 1923 127 1980; x_wconf 86' lang='lat' dir='ltr'><strong><em>rninus</em></strong></span> <span class='ocrx_word' id='word_1_182' title='bbox 139 1920 257 1996; x_wconf 84' lang='lat' dir='ltr'><strong><em>quidem</em></strong></span> <span class='ocrx_word' id='word_1_183' title='bbox 269 1919 387 1992; x_wconf 83' lang='lat' dir='ltr'><strong><em>Latino,</em></strong></span> <span class='ocrx_word' id='word_1_184' title='bbox 410 1920 486 1980; x_wconf 87' lang='lat' dir='ltr'><strong><em>bene</em></strong></span> <span class='ocrx_word' id='word_1_185' title='bbox 498 1929 598 1980; x_wconf 82' lang='lat' dir='ltr'><strong><em>tomen</em></strong></span> <span class='ocrx_word' id='word_1_186' title='bbox 612 1937 785 1996; x_wconf 84' lang='lat' dir='ltr'><strong><em>expressum</em></strong></span> <span class='ocrx_word' id='word_1_187' title='bbox 798 1929 854 1991; x_wconf 85' lang='lat' dir='ltr'><strong><em>eet,</em></strong></span> <span class='ocrx_word' id='word_1_188' title='bbox 867 1919 945 1997; x_wconf 80' lang='lat' dir='ltr'><strong><em>quod</em></strong></span> <span class='ocrx_word' id='word_1_189' title='bbox 958 1935 996 1978; x_wconf 78' lang='lat' dir='ltr'><strong><em>ex</em></strong></span> <span class='ocrx_word' id='word_1_190' title='bbox 1008 1939 1072 1978; x_wconf 82' lang='lat' dir='ltr'><strong><em>rne-</em></strong></span> 
     </span>
     <span class='ocr_line' id='line_1_22' title="bbox 24 2002 1071 2080; baseline -0.002 -18"><span class='ocrx_word' id='word_1_191' title='bbox 24 2006 140 2068; x_wconf 86' lang='lat' dir='ltr'><strong><em>ioribus</em></strong></span> <span class='ocrx_word' id='word_1_192' title='bbox 155 2005 284 2063; x_wconf 76' lang='lat' dir='ltr'><strong><em>minores</em></strong></span> <span class='ocrx_word' id='word_1_193' title='bbox 297 2003 369 2060; x_wconf 83' lang='lat' dir='ltr'><strong><em>iacti</em></strong></span> <span class='ocrx_word' id='word_1_194' title='bbox 383 2012 466 2062; x_wconf 89' lang='lat' dir='ltr'><strong><em>sunt:</em></strong></span> <span class='ocrx_word' id='word_1_195' title='bbox 493 2005 561 2080; x_wconf 82' lang='lat' dir='ltr'><strong><em>quia</em></strong></span> <span class='ocrx_word' id='word_1_196' title='bbox 576 2013 606 2060; x_wconf 91' lang='grc' dir='ltr'><strong><em>ιι</em></strong></span> <span class='ocrx_word' id='word_1_197' title='bbox 617 2005 650 2062; x_wconf 90' lang='lat' dir='ltr'><strong><em>in</em></strong></span> <span class='ocrx_word' id='word_1_198' title='bbox 662 2005 736 2078; x_wconf 86' lang='lat' dir='ltr'><strong><em>ipsis</em></strong></span> <span class='ocrx_word' id='word_1_199' title='bbox 748 2003 891 2078; x_wconf 83' lang='lat' dir='ltr'><strong><em>panibus,</em></strong></span> <span class='ocrx_word' id='word_1_200' title='bbox 904 2002 935 2058; x_wconf 84' lang='lat' dir='ltr'><strong><em>id</em></strong></span> <span class='ocrx_word' id='word_1_201' title='bbox 949 2013 1010 2073; x_wconf 82' lang='lat' dir='ltr'><strong><em>est,</em></strong></span> <span class='ocrx_word' id='word_1_202' title='bbox 1025 2003 1071 2060; x_wconf 88' lang='lat' dir='ltr'><strong><em>di·</em></strong></span> 
     </span>
     <span class='ocr_line' id='line_1_23' title="bbox 23 2085 1071 2162; baseline -0.006 -14"><span class='ocrx_word' id='word_1_203' title='bbox 23 2091 105 2148; x_wconf 80' lang='lat' dir='ltr'><strong><em>vinis</em></strong></span> <span class='ocrx_word' id='word_1_204' title='bbox 126 2088 270 2162; x_wconf 87' lang='lat' dir='ltr'><strong><em>eloquiis,</em></strong></span> <span class='ocrx_word' id='word_1_205' title='bbox 297 2105 372 2162; x_wconf 84' lang='lat' dir='ltr'><strong><em>quae</em></strong></span> <span class='ocrx_word' id='word_1_206' title='bbox 389 2085 541 2146; x_wconf 79' lang='lat' dir='ltr'><strong><em>lsrailitoe</em></strong></span> <span class='ocrx_word' id='word_1_207' title='bbox 559 2089 616 2142; x_wconf 83' lang='lat' dir='ltr'><strong><em>soli</em></strong></span> <span class='ocrx_word' id='word_1_208' title='bbox 635 2095 707 2153; x_wconf 82' lang='lat' dir='ltr'><strong><em>tune</em></strong></span> <span class='ocrx_word' id='word_1_209' title='bbox 727 2103 767 2142; x_wconf 83' lang='lat' dir='ltr'><strong><em>ex</em></strong></span> <span class='ocrx_word' id='word_1_210' title='bbox 784 2085 919 2142; x_wconf 85' lang='lat' dir='ltr'><strong><em>omnibns</em></strong></span> <span class='ocrx_word' id='word_1_211' title='bbox 933 2085 1071 2162; x_wconf 81' lang='lat' dir='ltr'><strong><em>gentibus</em></strong></span> 
     </span>
     <span class='ocr_line' id='line_1_24' title="bbox 23 2167 1072 2246; baseline -0.004 -16"><span class='ocrx_word' id='word_1_212' title='bbox 23 2180 215 2246; x_wconf 76' lang='lat' dir='ltr'><strong><em>aeceperunt,</em></strong></span> <span class='ocrx_word' id='word_1_213' title='bbox 233 2179 352 2228; x_wconf 89' lang='lat' dir='ltr'><strong><em>terrena</em></strong></span> <span class='ocrx_word' id='word_1_214' title='bbox 365 2172 493 2244; x_wconf 84' lang='lat' dir='ltr'><strong><em>sapiunt.</em></strong></span> <span class='ocrx_word' id='word_1_215' title='bbox 528 2168 641 2228; x_wconf 88' lang='lat' dir='ltr'><strong><em>Gentes</em></strong></span> <span class='ocrx_word' id='word_1_216' title='bbox 655 2177 754 2226; x_wconf 86' lang='lat' dir='ltr'><strong><em>autem</em></strong></span> <span class='ocrx_word' id='word_1_217' title='bbox 767 2167 872 2244; x_wconf 87' lang='lat' dir='ltr'><strong><em>quibus</em></strong></span> <span class='ocrx_word' id='word_1_218' title='bbox 884 2169 934 2224; x_wconf 85' lang='lat' dir='ltr'><strong><em>lex</em></strong></span> <span class='ocrx_word' id='word_1_219' title='bbox 947 2169 999 2226; x_wconf 89' lang='lat' dir='ltr'><strong><em>illa</em></strong></span> <span class='ocrx_word' id='word_1_220' title='bbox 1011 2183 1072 2226; x_wconf 91' lang='lat' dir='ltr'><strong><em>non</em></strong></span> 
     </span>
     <span class='ocr_line' id='line_1_25' title="bbox 24 2249 1073 2330; baseline -0.002 -17"><span class='ocrx_word' id='word_1_221' title='bbox 24 2264 94 2314; x_wconf 88' lang='lat' dir='ltr'><strong><em>erat</em></strong></span> <span class='ocrx_word' id='word_1_222' title='bbox 105 2255 182 2327; x_wconf 86' lang='lat' dir='ltr'><strong><em>data,</em></strong></span> <span class='ocrx_word' id='word_1_223' title='bbox 196 2263 301 2328; x_wconf 85' lang='lat' dir='ltr'><strong><em>postea</em></strong></span> <span class='ocrx_word' id='word_1_224' title='bbox 313 2267 401 2330; x_wconf 79' lang='lat' dir='ltr'><strong><em>quom</em></strong></span> <span class='ocrx_word' id='word_1_225' title='bbox 413 2272 466 2330; x_wconf 89' lang='lat' dir='ltr'><strong><em>per</em></strong></span> <span class='ocrx_word' id='word_1_226' title='bbox 480 2271 590 2314; x_wconf 81' lang='lat' dir='ltr'><strong><em>novum</em></strong></span> <span class='ocrx_word' id='word_1_227' title='bbox 604 2250 827 2312; x_wconf 71' lang='lat' dir='ltr'><strong><em>Testamentum</em></strong></span> <span class='ocrx_word' id='word_1_228' title='bbox 841 2249 879 2310; x_wconf 84' lang='lat' dir='ltr'><strong><em>ad</em></strong></span> <span class='ocrx_word' id='word_1_229' title='bbox 892 2253 1009 2328; x_wconf 86' lang='lat' dir='ltr'><strong><em>eloquia</em></strong></span> <span class='ocrx_word' id='word_1_230' title='bbox 1021 2251 1073 2311; x_wconf 85' lang='lat' dir='ltr'><strong><em>illu</em></strong></span> 
     </span>
     <span class='ocr_line' id='line_1_26' title="bbox 20 2337 1072 2412; baseline -0.004 -14"><span class='ocrx_word' id='word_1_231' title='bbox 20 2348 182 2412; x_wconf 83' lang='lat' dir='ltr'><strong><em>venerunt,</em></strong></span> <span class='ocrx_word' id='word_1_232' title='bbox 195 2340 319 2396; x_wconf 87' lang='lat' dir='ltr'><strong><em>multum</em></strong></span> <span class='ocrx_word' id='word_1_233' title='bbox 328 2337 486 2397; x_wconf 86' lang='lat' dir='ltr'><strong><em>esuriendo</em></strong></span> <span class='ocrx_word' id='word_1_234' title='bbox 496 2346 606 2397; x_wconf 82' lang='lat' dir='ltr'><strong><em>terram</em></strong></span> <span class='ocrx_word' id='word_1_235' title='bbox 616 2337 815 2410; x_wconf 78' lang='lat' dir='ltr'><strong><em>transierunt3</em></strong></span> <span class='ocrx_word' id='word_1_236' title='bbox 829 2337 898 2412; x_wconf 86' lang='lat' dir='ltr'><strong><em>quia</em></strong></span> <span class='ocrx_word' id='word_1_237' title='bbox 910 2337 999 2394; x_wconf 86' lang='lat' dir='ltr'><strong><em>ineis</em></strong></span> <span class='ocrx_word' id='word_1_238' title='bbox 1011 2355 1072 2394; x_wconf 90' lang='lat' dir='ltr'><strong><em>non</em></strong></span> 
     </span>
     <span class='ocr_line' id='line_1_27' title="bbox 20 2419 1072 2496; baseline -0.006 -14"><span class='ocrx_word' id='word_1_239' title='bbox 20 2435 157 2496; x_wconf 84' lang='lat' dir='ltr'><strong><em>terrena,</em></strong></span> <span class='ocrx_word' id='word_1_240' title='bbox 170 2421 222 2480; x_wconf 88' lang='lat' dir='ltr'><strong><em>sed</em></strong></span> <span class='ocrx_word' id='word_1_241' title='bbox 235 2423 374 2480; x_wconf 86' lang='lat' dir='ltr'><strong><em>eoelestia</em></strong></span> <span class='ocrx_word' id='word_1_242' title='bbox 387 2429 555 2496; x_wconf 88' lang='lat' dir='ltr'><strong><em>sapuerunt.</em></strong></span> <span class='ocrx_word' id='word_1_243' title='bbox 568 2419 609 2480; x_wconf 88' lang='lat' dir='ltr'><strong><em>Et</em></strong></span> <span class='ocrx_word' id='word_1_244' title='bbox 620 2419 676 2478; x_wconf 87' lang='lat' dir='ltr'><strong><em>hoe</em></strong></span> <span class='ocrx_word' id='word_1_245' title='bbox 688 2421 771 2478; x_wconf 77' lang='lat' dir='ltr'><strong><em>velut</em></strong></span> <span class='ocrx_word' id='word_1_246' title='bbox 782 2429 973 2496; x_wconf 76' lang='lat' dir='ltr'><strong><em>quaereretur</em></strong></span> <span class='ocrx_word' id='word_1_247' title='bbox 984 2419 1072 2478; x_wconf 76' lang='lat' dir='ltr'><strong><em>eurise</em></strong></span> 
     </span>
     <span class='ocr_line' id='line_1_28' title="bbox 22 2503 1072 2581; baseline -0.006 -15"><span class='ocrx_word' id='word_1_248' title='bbox 22 2527 76 2566; x_wconf 90' lang='lat' dir='ltr'><strong><em>eur</em></strong></span> <span class='ocrx_word' id='word_1_249' title='bbox 91 2507 204 2566; x_wconf 81' lang='lat' dir='ltr'><strong><em>factum</em></strong></span> <span class='ocrx_word' id='word_1_250' title='bbox 216 2507 274 2576; x_wconf 73' lang='lat' dir='ltr'><strong><em>sit,</em></strong></span> <span class='ocrx_word' id='word_1_251' title='bbox 293 2504 374 2574; x_wconf 82' lang='lat' dir='ltr'><strong><em>Quia</em></strong></span> <span class='ocrx_word' id='word_1_252' title='bbox 387 2504 520 2574; x_wconf 70' lang='lat' dir='ltr'><strong><em>sterilis,</em></strong></span> <span class='ocrx_word' id='word_1_253' title='bbox 533 2505 647 2579; x_wconf 80' lang='lat' dir='ltr'><strong><em>inquit,</em></strong></span> <span class='ocrx_word' id='word_1_254' title='bbox 654 2504 780 2581; x_wconf 76' lang='lat' dir='ltr'><strong><em>peperit</em></strong></span> <span class='ocrx_word' id='word_1_255' title='bbox 793 2513 920 2579; x_wconf 81' lang='lat' dir='ltr'><strong><em>reptem,</em></strong></span> <span class='ocrx_word' id='word_1_256' title='bbox 934 2514 965 2562; x_wconf 89' lang='lat' dir='ltr'><strong><em>et</em></strong></span> <span class='ocrx_word' id='word_1_257' title='bbox 977 2503 1072 2560; x_wconf 78' lang='lat' dir='ltr'><strong><em>nolte</em></strong></span> 
     </span>
     <span class='ocr_line' id='line_1_29' title="bbox 22 2583 1072 2664; baseline -0.008 -16"><span class='ocrx_word' id='word_1_258' title='bbox 22 2595 54 2648; x_wconf 86' lang='lat' dir='ltr'><strong><em>in</em></strong></span> <span class='ocrx_word' id='word_1_259' title='bbox 66 2591 151 2664; x_wconf 84' lang='lat' dir='ltr'><strong><em>filiis</em></strong></span> <span class='ocrx_word' id='word_1_260' title='bbox 170 2589 332 2662; x_wconf 81' lang='lat' dir='ltr'><strong><em>infirmato</em></strong></span> <span class='ocrx_word' id='word_1_261' title='bbox 350 2599 406 2646; x_wconf 82' lang='lat' dir='ltr'><strong><em>eet.</em></strong></span> <span class='ocrx_word' id='word_1_262' title='bbox 445 2586 503 2646; x_wconf 87' lang='lat' dir='ltr'><strong><em>Hie</em></strong></span> <span class='ocrx_word' id='word_1_263' title='bbox 523 2596 618 2644; x_wconf 87' lang='lat' dir='ltr'><strong><em>totum</em></strong></span> <span class='ocrx_word' id='word_1_264' title='bbox 637 2585 714 2662; x_wconf 81' lang='lat' dir='ltr'><strong><em>quod</em></strong></span> <span class='ocrx_word' id='word_1_265' title='bbox 733 2583 965 2659; x_wconf 81' lang='lat' dir='ltr'><strong><em>prophetabatur</em></strong></span> <span class='ocrx_word' id='word_1_266' title='bbox 978 2585 1072 2644; x_wconf 78' lang='lat' dir='ltr'><strong><em>eluxit</em></strong></span> 
     </span>
     <span class='ocr_line' id='line_1_30' title="bbox 22 2667 1071 2753; baseline -0.008 -21"><span class='ocrx_word' id='word_1_267' title='bbox 22 2673 259 2753; x_wconf 83' lang='lat' dir='ltr'><strong><em>agnoscentibus</em></strong></span> <span class='ocrx_word' id='word_1_268' title='bbox 273 2690 429 2733; x_wconf 87' lang='lat' dir='ltr'><strong><em>numerum</em></strong></span> <span class='ocrx_word' id='word_1_269' title='bbox 442 2671 652 2746; x_wconf 84' lang='lat' dir='ltr'><strong><em>septenarium,</em></strong></span> <span class='ocrx_word' id='word_1_270' title='bbox 665 2687 722 2744; x_wconf 86' lang='lat' dir='ltr'><strong><em>qno</em></strong></span> <span class='ocrx_word' id='word_1_271' title='bbox 735 2676 783 2726; x_wconf 84' lang='lat' dir='ltr'><strong><em>est</em></strong></span> <span class='ocrx_word' id='word_1_272' title='bbox 796 2669 954 2726; x_wconf 78' lang='lat' dir='ltr'><strong><em>universae</em></strong></span> <span class='ocrx_word' id='word_1_273' title='bbox 966 2667 1071 2726; x_wconf 89' lang='lat' dir='ltr'><strong><em>Eeele-</em></strong></span> 
     </span>
     <span class='ocr_line' id='line_1_31' title="bbox 20 2749 1070 2836; baseline -0.013 -16"><span class='ocrx_word' id='word_1_274' title='bbox 20 2761 87 2820; x_wconf 80' lang='lat' dir='ltr'><strong><em>siae</em></strong></span> <span class='ocrx_word' id='word_1_275' title='bbox 108 2755 279 2836; x_wconf 77' lang='lat' dir='ltr'><strong><em>significata</em></strong></span> <span class='ocrx_word' id='word_1_276' title='bbox 297 2755 450 2831; x_wconf 78' lang='lat' dir='ltr'><strong><em>perfectio.</em></strong></span> <span class='ocrx_word' id='word_1_277' title='bbox 484 2753 612 2828; x_wconf 88' lang='lat' dir='ltr'><strong><em>Propter</em></strong></span> <span class='ocrx_word' id='word_1_278' title='bbox 630 2751 707 2830; x_wconf 84' lang='lat' dir='ltr'><strong><em>quod</em></strong></span> <span class='ocrx_word' id='word_1_279' title='bbox 726 2761 756 2808; x_wconf 88' lang='lat' dir='ltr'><strong><em>et</em></strong></span> <span class='ocrx_word' id='word_1_280' title='bbox 772 2749 900 2811; x_wconf 86' lang='lat' dir='ltr'><strong><em>Ioannes</em></strong></span> <span class='ocrx_word' id='word_1_281' title='bbox 914 2752 1070 2828; x_wconf 79' lang='lat' dir='ltr'><strong><em>Apostolus</em></strong></span> 
     </span>
     <span class='ocr_line' id='line_1_32' title="bbox 20 2835 1071 2915; baseline -0.006 -15"><span class='ocrx_word' id='word_1_282' title='bbox 20 2841 62 2900; x_wconf 84' lang='lat' dir='ltr'><strong><em>ad</em></strong></span> <span class='ocrx_word' id='word_1_283' title='bbox 75 2851 189 2915; x_wconf 83' lang='lat' dir='ltr'><strong><em>septem</em></strong></span> <span class='ocrx_word' id='word_1_284' title='bbox 201 2841 305 2900; x_wconf 78' lang='lat' dir='ltr'><strong><em>scribit</em></strong></span> <span class='ocrx_word' id='word_1_285' title='bbox 317 2839 480 2912; x_wconf 85' lang='lat' dir='ltr'><strong><em>Eeelesias,</em></strong></span> <span class='ocrx_word' id='word_1_286' title='bbox 494 2839 626 2898; x_wconf 85' lang='lat' dir='ltr'><strong><em>eomodo</em></strong></span> <span class='ocrx_word' id='word_1_287' title='bbox 637 2857 670 2896; x_wconf 89' lang='lat' dir='ltr'><strong><em>se</em></strong></span> <span class='ocrx_word' id='word_1_288' title='bbox 682 2835 842 2894; x_wconf 82' lang='lat' dir='ltr'><strong><em>ostendens</em></strong></span> <span class='ocrx_word' id='word_1_289' title='bbox 857 2836 895 2893; x_wconf 82' lang='lat' dir='ltr'><strong><em>ed</em></strong></span> <span class='ocrx_word' id='word_1_290' title='bbox 906 2837 995 2894; x_wconf 87' lang='lat' dir='ltr'><strong><em>unius</em></strong></span> <span class='ocrx_word' id='word_1_291' title='bbox 1006 2837 1071 2912; x_wconf 87' lang='lat' dir='ltr'><strong><em>ple-</em></strong></span> 
     </span>
     <span class='ocr_line' id='line_1_33' title="bbox 20 2918 1072 2996; baseline -0.009 -12"><span class='ocrx_word' id='word_1_292' title='bbox 20 2925 193 2984; x_wconf 85' lang='lat' dir='ltr'><strong><em>nitudinem</em></strong></span> <span class='ocrx_word' id='word_1_293' title='bbox 205 2924 349 2992; x_wconf 77' lang='lat' dir='ltr'><strong><em>seribere:</em></strong></span> <span class='ocrx_word' id='word_1_294' title='bbox 362 2933 394 2988; x_wconf 89' lang='grc' dir='ltr'><strong><em>ιι</em></strong></span> <span class='ocrx_word' id='word_1_295' title='bbox 405 2926 437 2982; x_wconf 93' lang='lat' dir='ltr'><strong><em>in</em></strong></span> <span class='ocrx_word' id='word_1_296' title='bbox 450 2923 620 2983; x_wconf 85' lang='lat' dir='ltr'><strong><em>Proverbiis</em></strong></span> <span class='ocrx_word' id='word_1_297' title='bbox 634 2921 802 2984; x_wconf 79' lang='lat' dir='ltr'><strong><em>Salomonis</em></strong></span> <span class='ocrx_word' id='word_1_298' title='bbox 816 2918 872 2978; x_wconf 87' lang='lat' dir='ltr'><strong><em>boe</em></strong></span> <span class='ocrx_word' id='word_1_299' title='bbox 886 2930 974 2978; x_wconf 81' lang='lat' dir='ltr'><strong><em>antea</em></strong></span> <span class='ocrx_word' id='word_1_300' title='bbox 986 2937 1072 2996; x_wconf 88' lang='lat' dir='ltr'><strong><em>prae·</em></strong></span> 
     </span>
     <span class='ocr_line' id='line_1_34' title="bbox 17 3004 1072 3088; baseline -0.006 -22"><span class='ocrx_word' id='word_1_301' title='bbox 17 3010 161 3088; x_wconf 81' lang='lat' dir='ltr'><strong><em>figurans</em></strong></span> <span class='ocrx_word' id='word_1_302' title='bbox 168 3006 341 3086; x_wconf 82' lang='lat' dir='ltr'><strong><em>Sapientia,</em></strong></span> <span class='ocrx_word' id='word_1_303' title='bbox 351 3007 596 3082; x_wconf 81' lang='lat' dir='ltr'><strong><em>oedifioeoitsiii</em></strong></span> <span class='ocrx_word' id='word_1_304' title='bbox 604 3004 912 3083; x_wconf 63' lang='lat' dir='ltr'><strong><em>demumst-suffulsit</em></strong></span> <span class='ocrx_word' id='word_1_305' title='bbox 922 3004 1072 3064; x_wconf 85' lang='lat' dir='ltr'><strong><em>eolurnnos</em></strong></span> 
     </span>
     <span class='ocr_line' id='line_1_35' title="bbox 16 3087 1072 3172; baseline -0.008 -20"><span class='ocrx_word' id='word_1_306' title='bbox 16 3103 149 3172; x_wconf 78' lang='lat' dir='ltr'><strong><em>septem.</em></strong></span> <span class='ocrx_word' id='word_1_307' title='bbox 187 3091 307 3152; x_wconf 82' lang='lat' dir='ltr'><strong><em>Sterilis</em></strong></span> <span class='ocrx_word' id='word_1_308' title='bbox 328 3093 407 3150; x_wconf 87' lang='lat' dir='ltr'><strong><em>enim</em></strong></span> <span class='ocrx_word' id='word_1_309' title='bbox 423 3094 537 3150; x_wconf 84' lang='lat' dir='ltr'><strong><em>eratin</em></strong></span> <span class='ocrx_word' id='word_1_310' title='bbox 558 3091 693 3150; x_wconf 84' lang='lat' dir='ltr'><strong><em>omnibus</em></strong></span> <span class='ocrx_word' id='word_1_311' title='bbox 712 3090 852 3169; x_wconf 81' lang='lat' dir='ltr'><strong><em>gentibus</em></strong></span> <span class='ocrx_word' id='word_1_312' title='bbox 871 3087 931 3148; x_wconf 85' lang='lat' dir='ltr'><strong><em>Dei</em></strong></span> <span class='ocrx_word' id='word_1_313' title='bbox 948 3087 1072 3158; x_wconf 82' lang='lat' dir='ltr'><strong><em>Civitas,</em></strong></span> 
     </span>
     <span class='ocr_line' id='line_1_36' title="bbox 18 3167 1071 3254; baseline -0.007 -20"><span class='ocrx_word' id='word_1_314' title='bbox 18 3187 94 3236; x_wconf 85' lang='lat' dir='ltr'><strong><em>ante</em></strong></span> <span class='ocrx_word' id='word_1_315' title='bbox 116 3195 209 3254; x_wconf 83' lang='lat' dir='ltr'><strong><em>quam</em></strong></span> <span class='ocrx_word' id='word_1_316' title='bbox 226 3176 284 3234; x_wconf 83' lang='lat' dir='ltr'><strong><em>iste</em></strong></span> <span class='ocrx_word' id='word_1_317' title='bbox 305 3177 421 3248; x_wconf 82' lang='lat' dir='ltr'><strong><em>foetus,</em></strong></span> <span class='ocrx_word' id='word_1_318' title='bbox 449 3173 526 3251; x_wconf 86' lang='lat' dir='ltr'><strong><em>[per]</em></strong></span> <span class='ocrx_word' id='word_1_319' title='bbox 552 3193 640 3251; x_wconf 85' lang='lat' dir='ltr'><strong><em>quem</em></strong></span> <span class='ocrx_word' id='word_1_320' title='bbox 663 3171 742 3250; x_wconf 86' lang='lat' dir='ltr'><strong><em>[eam</em></strong></span> <span class='ocrx_word' id='word_1_321' title='bbox 760 3173 868 3230; x_wconf 78' lang='lat' dir='ltr'><strong><em>iactam</em></strong></span> <span class='ocrx_word' id='word_1_322' title='bbox 881 3167 1071 3245; x_wconf 81' lang='lat' dir='ltr'><strong><em>ioeeundnm]</em></strong></span> 
     </span>
     <span class='ocr_line' id='line_1_37' title="bbox 20 3254 1073 3334; baseline -0.009 -16"><span class='ocrx_word' id='word_1_323' title='bbox 20 3265 190 3334; x_wconf 86' lang='lat' dir='ltr'><strong><em>cernimus,</em></strong></span> <span class='ocrx_word' id='word_1_324' title='bbox 211 3259 347 3320; x_wconf 81' lang='lat' dir='ltr'><strong><em>oriretur.</em></strong></span> <span class='ocrx_word' id='word_1_325' title='bbox 379 3259 534 3334; x_wconf 85' lang='lat' dir='ltr'><strong><em>Cernimus</em></strong></span> <span class='ocrx_word' id='word_1_326' title='bbox 547 3254 652 3330; x_wconf 85' lang='lat' dir='ltr'><strong><em>etiam,</em></strong></span> <span class='ocrx_word' id='word_1_327' title='bbox 675 3275 752 3333; x_wconf 85' lang='lat' dir='ltr'><strong><em>quae</em></strong></span> <span class='ocrx_word' id='word_1_328' title='bbox 764 3257 857 3315; x_wconf 86' lang='lat' dir='ltr'><strong><em>multa</em></strong></span> <span class='ocrx_word' id='word_1_329' title='bbox 869 3257 901 3312; x_wconf 90' lang='lat' dir='ltr'><strong><em>in</em></strong></span> <span class='ocrx_word' id='word_1_330' title='bbox 914 3256 984 3314; x_wconf 84' lang='lat' dir='ltr'><strong><em>liliis</em></strong></span> <span class='ocrx_word' id='word_1_331' title='bbox 998 3260 1073 3322; x_wconf 81' lang='lat' dir='ltr'><strong><em>erat,</em></strong></span> 
     </span>
     <span class='ocr_line' id='line_1_38' title="bbox 18 3339 1073 3412; baseline -0.013 -8"><span class='ocrx_word' id='word_1_332' title='bbox 18 3365 106 3404; x_wconf 88' lang='lat' dir='ltr'><strong><em>nune</em></strong></span> <span class='ocrx_word' id='word_1_333' title='bbox 127 3345 309 3404; x_wconf 84' lang='lat' dir='ltr'><strong><em>infirmatam</em></strong></span> <span class='ocrx_word' id='word_1_334' title='bbox 327 3343 515 3404; x_wconf 83' lang='lat' dir='ltr'><strong><em>Hierusalem</em></strong></span> <span class='ocrx_word' id='word_1_335' title='bbox 537 3352 694 3402; x_wconf 80' lang='lat' dir='ltr'><strong><em>terrenam</em></strong></span> <span class='ocrx_word' id='word_1_336' title='bbox 738 3340 886 3406; x_wconf 76' lang='lat' dir='ltr'><strong><em>Quoniam</em></strong></span> <span class='ocrx_word' id='word_1_337' title='bbox 905 3339 1073 3412; x_wconf 80' lang='lat' dir='ltr'><strong><em>quiennque</em></strong></span> 
     </span>
     <span class='ocr_line' id='line_1_39' title="bbox 15 3419 1073 3498; baseline -0.012 -10"><span class='ocrx_word' id='word_1_338' title='bbox 15 3431 76 3490; x_wconf 87' lang='lat' dir='ltr'><strong><em>filii</em></strong></span> <span class='ocrx_word' id='word_1_339' title='bbox 90 3431 207 3488; x_wconf 85' lang='lat' dir='ltr'><strong><em>liberae</em></strong></span> <span class='ocrx_word' id='word_1_340' title='bbox 219 3430 253 3486; x_wconf 88' lang='lat' dir='ltr'><strong><em>in</em></strong></span> <span class='ocrx_word' id='word_1_341' title='bbox 266 3447 301 3488; x_wconf 85' lang='lat' dir='ltr'><strong><em>ea</em></strong></span> <span class='ocrx_word' id='word_1_342' title='bbox 316 3437 418 3498; x_wconf 85' lang='lat' dir='ltr'><strong><em>erant,</em></strong></span> <span class='ocrx_word' id='word_1_343' title='bbox 445 3429 542 3486; x_wconf 84' lang='lat' dir='ltr'><strong><em>virtus</em></strong></span> <span class='ocrx_word' id='word_1_344' title='bbox 556 3427 621 3486; x_wconf 78' lang='grc' dir='ltr'>ιίιιι</span> <span class='ocrx_word' id='word_1_345' title='bbox 638 3433 744 3486; x_wconf 78' lang='lat' dir='ltr'><strong><em>ernntz.</em></strong></span> <span class='ocrx_word' id='word_1_346' title='bbox 762 3438 931 3484; x_wconf 17' lang='lat' dir='ltr'><strong><em>nuncvrero</em></strong></span> <span class='ocrx_word' id='word_1_347' title='bbox 944 3419 986 3483; x_wconf 87' lang='lat' dir='ltr'><strong><em>ibi</em></strong></span> <span class='ocrx_word' id='word_1_348' title='bbox 998 3433 1073 3492; x_wconf 83' lang='lat' dir='ltr'><strong><em>qno·</em></strong></span> 
     </span>
     <span class='ocr_line' id='line_1_40' title="bbox 16 3502 1070 3589; baseline -0.011 -15"><span class='ocrx_word' id='word_1_349' title='bbox 16 3518 103 3578; x_wconf 82' lang='lat' dir='ltr'><strong><em>niem</em></strong></span> <span class='ocrx_word' id='word_1_350' title='bbox 121 3517 214 3572; x_wconf 81' lang='lat' dir='ltr'><strong><em>litere</em></strong></span> <span class='ocrx_word' id='word_1_351' title='bbox 228 3522 284 3584; x_wconf 83' lang='lat' dir='ltr'><strong><em>est,</em></strong></span> <span class='ocrx_word' id='word_1_352' title='bbox 298 3523 328 3572; x_wconf 90' lang='lat' dir='ltr'><strong><em>et</em></strong></span> <span class='ocrx_word' id='word_1_353' title='bbox 341 3514 464 3589; x_wconf 87' lang='lat' dir='ltr'><strong><em>spiritus</em></strong></span> <span class='ocrx_word' id='word_1_354' title='bbox 477 3529 540 3570; x_wconf 87' lang='lat' dir='ltr'><strong><em>non</em></strong></span> <span class='ocrx_word' id='word_1_355' title='bbox 553 3521 609 3583; x_wconf 88' lang='lat' dir='ltr'><strong><em>est,</em></strong></span> <span class='ocrx_word' id='word_1_356' title='bbox 623 3509 731 3568; x_wconf 81' lang='lat' dir='ltr'><strong><em>amissa</em></strong></span> <span class='ocrx_word' id='word_1_357' title='bbox 740 3507 851 3564; x_wconf 86' lang='lat' dir='ltr'><strong><em>virtute</em></strong></span> <span class='ocrx_word' id='word_1_358' title='bbox 861 3502 1009 3562; x_wconf 76' lang='lat' dir='ltr'><strong><em>infirmato</em></strong></span> <span class='ocrx_word' id='word_1_359' title='bbox 1019 3508 1070 3559; x_wconf 75' lang='lat' dir='ltr'><strong><em>eet</em></strong></span> 
     </span>
    </p>

    <p class='ocr_par' dir='ltr' id='par_1_4' title="bbox 87 3587 1072 3670">
     <span class='ocr_line' id='line_1_41' title="bbox 87 3587 1072 3670; baseline -0.016 -14"><span class='ocrx_word' id='word_1_360' title='bbox 87 3597 244 3656; x_wconf 83' lang='lat' dir='ltr'><strong><em>Dominae</em></strong></span> <span class='ocrx_word' id='word_1_361' title='bbox 257 3596 439 3670; x_wconf 77' lang='lat' dir='ltr'><strong><em>mortificat,</em></strong></span> <span class='ocrx_word' id='word_1_362' title='bbox 466 3593 659 3666; x_wconf 83' lang='lat' dir='ltr'><strong><em>etoioifieot:</em></strong></span> <span class='ocrx_word' id='word_1_363' title='bbox 685 3587 874 3646; x_wconf 78' lang='lat' dir='ltr'><strong><em>mortificavit</em></strong></span> <span class='ocrx_word' id='word_1_364' title='bbox 887 3587 978 3656; x_wconf 83' lang='lat' dir='ltr'><strong><em>illam,</em></strong></span> <span class='ocrx_word' id='word_1_365' title='bbox 997 3601 1072 3660; x_wconf 84' lang='lat' dir='ltr'><strong><em>quae</em></strong></span> 
     </span>
    </p>
   </div>
   <div class='ocr_carea' id='block_1_3' title="bbox 10 3667 1074 3933">
    <p class='ocr_par' dir='ltr' id='par_1_5' title="bbox 10 3667 1074 3933">
     <span class='ocr_line' id='line_1_42' title="bbox 10 3667 1074 3753; baseline -0.022 -9"><span class='ocrx_word' id='word_1_366' title='bbox 10 3687 116 3744; x_wconf 83' lang='lat' dir='ltr'><strong><em>multa</em></strong></span> <span class='ocrx_word' id='word_1_367' title='bbox 134 3682 246 3742; x_wconf 86' lang='lat' dir='ltr'><strong><em>eratin</em></strong></span> <span class='ocrx_word' id='word_1_368' title='bbox 259 3680 345 3753; x_wconf 81' lang='lat' dir='ltr'><strong><em>filiis3</em></strong></span> <span class='ocrx_word' id='word_1_369' title='bbox 371 3689 402 3738; x_wconf 89' lang='lat' dir='ltr'><strong><em>et</em></strong></span> <span class='ocrx_word' id='word_1_370' title='bbox 413 3677 578 3738; x_wconf 80' lang='lat' dir='ltr'><strong><em>vivificavit</em></strong></span> <span class='ocrx_word' id='word_1_371' title='bbox 598 3676 675 3736; x_wconf 85' lang='lat' dir='ltr'><strong><em>hano</em></strong></span> <span class='ocrx_word' id='word_1_372' title='bbox 693 3670 840 3743; x_wconf 84' lang='lat' dir='ltr'><strong><em>sterilem,</em></strong></span> <span class='ocrx_word' id='word_1_373' title='bbox 865 3684 942 3747; x_wconf 35' lang='lat' dir='ltr'><strong><em>*quae</em></strong></span> <span class='ocrx_word' id='word_1_374' title='bbox 960 3667 1074 3744; x_wconf 88' lang='lat' dir='ltr'><strong><em>peperit</em></strong></span> 
     </span>
     <span class='ocr_line' id='line_1_43' title="bbox 10 3752 1073 3847; baseline -0.02 -21"><span class='ocrx_word' id='word_1_375' title='bbox 10 3779 150 3847; x_wconf 84' lang='lat' dir='ltr'><strong><em>septem.</em></strong></span> <span class='ocrx_word' id='word_1_376' title='bbox 186 3765 328 3832; x_wconf 77' lang='lat' dir='ltr'><strong><em>Quamvis</em></strong></span> <span class='ocrx_word' id='word_1_377' title='bbox 341 3761 520 3824; x_wconf 80' lang='lat' dir='ltr'><strong><em>eommodius</em></strong></span> <span class='ocrx_word' id='word_1_378' title='bbox 533 3763 627 3836; x_wconf 84' lang='lat' dir='ltr'><strong><em>possit</em></strong></span> <span class='ocrx_word' id='word_1_379' title='bbox 638 3756 768 3836; x_wconf 78' lang='lat' dir='ltr'><strong><em>intelligi</em></strong></span> <span class='ocrx_word' id='word_1_380' title='bbox 781 3754 899 3814; x_wconf 83' lang='lat' dir='ltr'><strong><em>eosdem</em></strong></span> <span class='ocrx_word' id='word_1_381' title='bbox 911 3752 1073 3819; x_wconf 74' lang='lat' dir='ltr'><strong><em>vivificare,</em></strong></span> 
     </span>
     <span class='ocr_line' id='line_1_44' title="bbox 11 3833 1073 3933; baseline -0.02 -20"><span class='ocrx_word' id='word_1_382' title='bbox 11 3871 97 3933; x_wconf 83' lang='lat' dir='ltr'><strong><em>quos</em></strong></span> <span class='ocrx_word' id='word_1_383' title='bbox 113 3847 352 3912; x_wconf 75' lang='lat' dir='ltr'><strong><em>mernfierverit.</em></strong></span> <span class='ocrx_word' id='word_1_384' title='bbox 391 3846 516 3910; x_wconf 74' lang='lat' dir='ltr'><strong><em>[lenia</em></strong></span> <span class='ocrx_word' id='word_1_385' title='bbox 529 3847 611 3906; x_wconf 83' lang='lat' dir='ltr'><strong><em>velut</em></strong></span> <span class='ocrx_word' id='word_1_386' title='bbox 621 3843 761 3920; x_wconf 83' lang='lat' dir='ltr'><strong><em>repetivit</em></strong></span> <span class='ocrx_word' id='word_1_387' title='bbox 773 3837 917 3911; x_wconf 79' lang='lat' dir='ltr'><strong><em>addendo,</em></strong></span> <span class='ocrx_word' id='word_1_388' title='bbox 943 3833 1073 3898; x_wconf 73' lang='lat' dir='ltr'><strong><em>Deducit</em></strong></span> 
     </span>
    </p>
   </div>
   <div class='ocr_carea' id='block_1_4' title="bbox 0 0 1274 4392">
    <p class='ocr_par' dir='ltr' id='par_1_6' title="bbox 0 0 1274 4392">
     <span class='ocr_line' id='line_1_45' title="bbox 0 0 1274 4392; baseline 0 0"><span class='ocrx_word' id='word_1_389' title='bbox 0 0 1274 4392; x_wconf 95' lang='lat' dir='ltr'><strong><em> </em></strong></span> 
     </span>
    </p>
   </div>
  </div>
 </body>
</html>
