2586 4396
200 189 263 246 232
412 179 528 242 ,nlvl
548 175 735 238 AVRELII
756 172 1004 234 AVGVSTINI

202 359 273 419 ergo
286 337 453 398 beutifieum
464 335 589 404 bonum,
616 332 668 390 ulii
680 348 706 386 n·
716 345 853 404 corpore,
875 327 933 384 ulii
946 327 981 384 ob
994 325 1107 398 ιιιὶιιιο,
1134 329 1195 384 alii
1213 331 1259 387 ab

202 425 317 493 enimn,
344 421 396 476 elii
417 420 452 476 eb
466 427 601 492 utroque
619 417 656 474 in
677 411 795 470 homine
814 429 879 468 esse
898 409 1046 468 dixerunt.
1088 410 1259 470 Videbunt

202 508 306 582 quippe
319 507 415 580 iprum
426 501 723 558 hominemfeonetere
740 497 893 554 exanimo
912 504 942 551 et
959 513 1095 570 corpore,
1122 504 1156 552 et
1171 497 1259 554 ideo

204 589 239 647 eb
253 591 395 644 alterutro
408 587 535 643 istorum
547 583 651 655 deun,
664 577 715 639 ιιιι
727 580 763 638 eb
773 582 899 656 'utroque
910 578 986 636 bene
999 579 1056 636 eibi
1068 597 1133 636 esse
1149 597 1260 655 posse

205 671 381 743 eredebant,
406 669 489 726 fineli
502 665 626 744 quodam
637 665 730 738 bono,
755 683 813 742 qno
826 663 905 720 besti
918 671 1031 735 essent,
1057 681 1113 740 quo
1129 675 1262 722 ennete

206 775 280 832 quoe
293 753 420 832 agebant
432 751 594 821 referrent,
607 758 695 826 etque
707 747 807 825 idque
819 745 1007 804 referendum
1021 756 1100 804 esset
1112 761 1180 803 non
1200 751 1260 805 ul-

204 849 250 896 tro
263 845 447 914 quaererent.
482 833 566 892 Vnde
571 835 623 890 rlh
635 834 687 910 qui
699 833 836 890 dieunmr
849 829 996 888 addidisse
1008 833 1126 887 tertium
1141 850 1262 909 genus

204 923 363 993 bonorum,
376 919 453 996 qnod
465 919 627 994 appelletur
639 917 840 987 eminemus,
854 915 947 972 siouti-
955 923 1001 970 est
1011 912 1115 984 honor,
1130 917 1262 992 gloria,

204 1006 339 1082 pecunie,
353 1012 383 1060 ot
397 1005 424 1060 si
436 1002 506 1079 quid
518 1000 697 1073 huiusmodi,
711 1011 772 1057 non
784 1001 829 1056 sio
842 997 1026 1070 addiderunt,
1040 1006 1075 1054 ut
1085 997 1180 1054 finale
1201 1019 1261 1056 es·

205 1098 269 1159 set,
295 1086 401 1160 idest,
426 1095 545 1164 propter
558 1103 591 1144 ee
603 1087 699 1162 iprum
711 1081 922 1159 appetendum,
948 1082 999 1138 sed
1008 1091 1128 1157 propter
1142 1083 1262 1158 aliud3

204 1173 370 1248 bonumque
390 1188 455 1228 esse
471 1169 527 1228 hoe
550 1187 644 1248 genus
662 1168 764 1238 bonis,
795 1168 903 1224 molum
929 1174 1029 1222 eutem
1054 1166 1150 1222 melis.
1204 1165 1266 1228 Ita

204 1257 314 1314 bonnm
337 1253 480 1327 hominis,
508 1256 558 1330 qui
582 1255 631 1310 vel
659 1252 695 1310 ab
719 1251 833 1322 eninm,
857 1251 906 1314 vel
932 1267 950 1305 a
974 1267 1110 1324 corpore,
1134 1252 1190 1306 rel
1215 1254 1264 1309 ab

205 1348 332 1416 utroque
346 1341 567 1414 expetiverunt,
586 1335 661 1410 nihil
674 1335 753 1392 eliud
766 1352 851 1410 quom
863 1333 897 1390 eb
910 1330 1029 1390 homine
1043 1334 1267 1408 expetendum

207 1425 272 1480 esse
285 1431 472 1500 putaverunt.
506 1420 575 1480 'Sed
593 1423 643 1496 qui
660 1418 691 1476 id
709 1419 916 1494 oppetiverunt
929 1435 948 1474 a
960 1435 1097 1495 corpore,
1122 1435 1142 1473 e
1157 1431 1264 1494 parte

143 1542 147 1550 ι
205 1507 332 1564 hominis
347 1505 507 1578 deteriore;
521 1505 573 1580 qui
584 1523 656 1562 vero
667 1501 705 1574 ‚ob
718 1503 832 1573 eninm,
846 1521 864 1558 a
875 1509 958 1576 perte
968 1501 1103 1574 meliore3
1124 1504 1181 1576 qui
1198 1523 1264 1562 au-

207 1601 268 1648 tem
280 1589 316 1646 eb
330 1589 470 1666 utroque,
496 1596 595 1646 etoto
607 1585 735 1644 homine.
759 1581 760 1584 ’
779 1583 850 1642 Sive
869 1603 940 1662 ergo
960 1603 978 1640 e
995 1593 1079 1658 purte·
1099 1587 1264 1664 quolibet,

208 1675 271 1730 sive
284 1691 302 1728 o
314 1681 394 1745 toto,
420 1691 480 1728 non
493 1671 553 1728 nisi
566 1670 601 1727 eb
614 1669 742 1727 homine.
785 1667 848 1726 Neo
861 1669 937 1725 istee
951 1665 1146 1741 differentiae,
1172 1689 1263 1746 quo.

207 1758 288 1814 niam
298 1764 357 1812 tres
372 1764 456 1827 sunt,
478 1755 545 1812 ideo
558 1763 636 1826 tres,
655 1753 707 1810 sed
722 1752 827 1808 multos
842 1752 1040 1810 dissensiones
1053 1750 1257 1831 philosopho-

207 1859 274 1899 rum
288 1847 440 1916 sectusque
458 1839 608 1896 fecerunt:
634 1839 703 1914 quio
715 1846 745 1896 et
760 1835 795 1892 de
807 1835 884 1893 bono
898 1837 1045 1912 eorporis,
1072 1843 1102 1892 et
1114 1836 1154 1892 de
1168 1837 1264 1900 bono

208 1923 317 1994 enimi,
341 1932 371 1978 et
383 1923 419 1979 de
431 1923 508 1980 bono
521 1923 674 1997 utriusque
687 1921 797 1978 diversi
810 1919 927 1988 diverse
939 1920 1050 1996 opinati
1063 1929 1143 1978 sunt.
1195 1923 1264 1983 ΟΕ.

208 2005 280 2064 dent
292 2007 383 2084 igitur
395 2005 427 2064 hi
440 2024 541 2064 omnes
554 2005 614 2064 illis
625 2003 823 2081 philosophis,
838 2005 889 2079 qui
903 2023 963 2060 non
974 2002 1113 2060 dixerunt
1124 2005 1265 2069 beatum

147 2097 149 2101 ’
208 2109 275 2148 esse
296 2088 445 2148 hominem
468 2091 616 2148 fruentem
639 2107 776 2164 corpore,
801 2086 850 2144 vel
876 2083 1026 2167 fruentem
1050 2088 1171 2162 animo,
1202 2095 1266 2156 sed

207 2175 355 2231 fruentem
367 2173 446 2232 Deo:
490 2193 551 2232 non
570 2175 648 2231 sieut
661 2190 784 2248 eorpore
796 2174 845 2229 vel
858 2189 891 2228 se
903 2173 965 2247 ipso
979 2173 1109 2244 animus,
1138 2185 1199 2234 aut
1217 2182 1266 2236 si.

209 2258 505 2330 eutomiooemiou13
531 2258 583 2317 sed
602 2258 680 2316 sieut
697 2258 764 2332 lnee
784 2257 901 2328 oeulus;
927 2257 955 2312 si
973 2256 1082 2332 aliquid
1099 2255 1136 2313 eb
1151 2255 1208 2316 his
1226 2265 1268 2324 ad

208 2343 259 2398 ille
285 2341 487 2398 similitudinis
514 2339 696 2400 offerendum
719 2349 780 2412 est,
813 2339 891 2416 quod
921 2340 1006 2414 quale
1031 2341 1084 2411 sit,
1111 2343 1140 2398 si
1164 2342 1266 2404 Deus

208 2426 271 2502 ipse
284 2423 445 2498 adiuverit,
470 2427 529 2482 elio
541 2427 627 2502 Ιοιο,
648 2433 791 2501 quantum
800 2443 854 2500 per
867 2443 922 2502 noe
935 2421 1001 2478 fieri
1012 2425 1139 2498 poterit,
1161 2445 1268 2506 eppa.

209 2509 294 2569 rebit.
337 2507 447 2566 *Nune
466 2511 590 2568 satissit
603 2527 846 2580 commemorare,
868 2507 1021 2564 Plutonem
1034 2507 1270 2572 determinasse

209 2591 298 2650 finem
316 2592 386 2650 boni
405 2612 478 2666 esse,
497 2594 656 2652 seeundum
672 2595 813 2651 virtutem
829 2593 946 2662 vivere,
960 2599 990 2646 et
1009 2592 1036 2646 ei
1050 2593 1106 2648 soli
1126 2599 1270 2656 evenire

208 2695 295 2754 posse
308 2678 360 2754 qui
372 2679 510 2736 notitiam
524 2677 582 2736 Dei
594 2676 700 2736 hebeat
720 2685 749 2734 et
765 2677 975 2745 imitationem3
1001 2693 1056 2730 nee
1075 2693 1143 2732 esse
1163 2681 1271 2740 aliam

210 2761 247 2816 ob
261 2779 378 2818 oensem
389 2761 514 2818 beatum.
558 2761 684 2837 Ideoque
696 2778 757 2816 non
769 2759 882 2817 dubitet
893 2757 948 2816 hoe
962 2775 1024 2814 esse
1035 2756 1271 2840 philosophari,

210 2861 309 2900 emere
322 2841 417 2902 Deum
424 2841 444 2910 ς’
459 2846 541 2900 ouius
555 2853 660 2908 netum
672 2844 712 2898 sit
730 2844 931 2919 incorporalis.
974 2841 1058 2900 Vnde
1070 2844 1177 2918 utique
1195 2853 1271 2908 001.

210 2927 324 3003 ligitur‚
338 2935 409 2982 tune
421 2925 485 3000 fore
496 2927 613 2983 beatum
625 2927 786 2986 studiosum
797 2929 969 3002 supientiae,
984 2927 1026 2996 (id
1036 2928 1115 2983 enim
1127 2937 1178 2986 est
1190 2931 1271 3007 phi.

210 3003 377 3084 lotophus,)
397 3028 462 3064 eum
474 3006 539 3066 Deo
552 3009 610 3066 frui
623 3012 759 3085 eoeperit.
788 3012 926 3078 Quemvis
940 3011 1019 3068 enim
1030 3029 1091 3068 non
1106 3015 1272 3076 continno

210 3093 312 3148 beatus
330 3093 385 3162 sit,
413 3093 463 3168 qni
474 3112 517 3149 oo
530 3093 637 3150 fruitur
655 3089 732 3170 quod
750 3105 843 3166 emot;
882 3095 970 3151 multi
983 3095 1061 3155 enim
1073 3097 1215 3156 emendo
1234 3122 1274 3158 ee

211 3193 286 3250 quoe
298 3174 423 3232 emendo
435 3195 495 3233 non
508 3187 588 3250 sunt,
602 3179 703 3234 miseri
715 3188 794 3250 eunt,
809 3188 838 3234 et
846 3179 1014 3235 miseriores
1021 3195 1087 3234 eum
1093 3178 1271 3244 fruuntur:

210 3277 297 3314 nemo
310 3259 521 3317 temenbeatns
536 3271 595 3334 est,
623 3263 673 3338 qni
691 3281 726 3318 eo
747 3261 824 3338 quod
841 3271 920 3318 emet
938 3281 998 3318 non
1011 3260 1127 3318 fruitur.
1175 3263 1271 3326 Nem

211 3351 241 3398 et
252 3343 309 3417 ipsi
322 3344 371 3417 qni
382 3361 430 3400 res
443 3363 504 3402 non
520 3345 661 3403 ‚amendes
678 3354 795 3416 omont,
823 3363 885 3404 non
898 3363 929 3401 te
941 3345 1041 3402 beatos
1049 3335 1188 3403 'amado
1207 3371 1270 3426 pu.

210 3435 293 3497 tant,
306 3426 358 3482 sed
370 3427 503 3486 fruendo.
527 3430 665 3506 Quisquis
679 3446 750 3506 ergo
763 3428 871 3486 fruitur
884 3447 918 3485 eo
933 3428 1009 3506 quod
1022 3437 1114 3500 emet,
1129 3449 1271 3493 verum-

211 3527 268 3585 que
282 3519 311 3566 et
324 3528 466 3570 summum
478 3514 587 3570 bonum
600 3520 693 3583 emet,
712 3512 775 3587 quis
790 3531 856 3570 eum
868 3512 985 3570 beetum
997 3512 1056 3568 nisi
1065 3513 1271 3576 nriserrimur

210 3589 317 3672 negoti
356 3593 453 3670 Ipsum
474 3607 572 3652 eutem
592 3611 695 3653 verum
717 3613 752 3651 ee
776 3613 919 3652 summurn
941 3596 1050 3655 bonum
1066 3594 1155 3653 Plato
1181 3599 1274 3660 dicit

210 3675 324 3749 Deum,
342 3676 420 3734 unde
432 3682 497 3736 vult
510 3697 574 3734 esse
585 3676 789 3753 philosophum
800 3689 960 3736 amatorem
972 3679 1044 3750 Dei,
1062 3687 1096 3735 ut
1109 3687 1276 3754 quonium

159 3767 162 3782 ¹
208 3757 391 3835 philosophie
404 3762 568 3818 edbeetem
589 3763 679 3818 vitem
698 3763 812 3835 tendit,
840 3761 940 3820 fruens
954 3761 1018 3820 Deo
1032 3763 1071 3818 sit
1083 3762 1199 3822 beatu·
1217 3772 1276 3847 qui

208 3841 305 3900 Deum
318 3845 468 3900 amaverit.
527 3848 529 3853 '
815 3883 818 3888 -
910 3845 995 3924 (fal.
1011 3843 1093 3902 GAP.
1110 3843 1201 3926 IX.)
