2530 4392
208 188 268 242 312
435 181 536 240 DIVI
556 179 745 240 tvnuutl
764 179 1018 240 AVGVSTINI

208 335 284 412 quod
296 338 328 392 in
342 353 377 392 ea
388 337 536 410 periturus
549 332 825 404 cretionemundus,
841 351 899 409 quo
912 335 1016 410 ntique
1028 337 1092 393 nini
1103 351 1248 414 pereunte

208 422 283 476 coeli
296 437 355 476 non
368 429 490 493 possunt
501 414 616 494 perircl
633 417 674 474 Et
685 419 718 474 in
729 419 823 496 litoris
838 417 953 492 quidem
965 421 1074 492 saeris,
1091 439 1175 496 quae
1188 443 1248 498 pre

185 517 187 521 ’
206 505 271 580 prio
284 512 401 559 nostrae
414 512 498 574 sunt,
511 522 570 560 non
584 499 728 558 Hebraeis
742 501 881 576 nobisque
895 509 1087 576 communes,
1102 505 1137 561 id
1153 517 1213 578 est,
1226 511 1247 564 in

201 585 395 664 'Evangelieit
409 595 439 655 et
450 585 623 661 Apostolieis
636 585 718 642 libris
731 585 851 663 legitur,
865 581 1024 644 Praeterit
1030 587 1157 665 figura
1170 589 1248 648 Ιιιιίιιι

207 663 325 728 mundi}
338 661 591 748 legitur,Mundus
601 671 734 726 transit:
747 670 865 747 legitur,
881 667 996 726 Coelaoc
1006 681 1037 727 et
1045 683 1145 732 terra
1153 686 1248 732 traet-

184 825 186 828 .
207 754 299 810 ibunt.
327 751 385 810 Sed
400 762 472 827 puto
486 754 561 829 quod
573 755 738 831 praeterit,
754 754 876 822 transit,
892 753 1085 826 transibant,
1101 759 1248 834 eliquanto

207 837 307 892 mitius
322 837 399 893 dicta
412 846 490 908 sunt,
504 855 590 912 quom
596 837 747 914 peribunt.
760 834 795 891 ln
808 837 927 911 epistola
940 854 1062 914 quoque
1077 838 1170 897 Petri
1182 843 1247 917 Apo

207 921 286 990 stoli,
300 920 348 976 ubi
361 939 435 996 aqua
449 921 617 990 inundatus,
632 921 681 995 qui
694 930 765 976 tunc
775 928 848 989 eret,
860 921 972 994 perisse
986 921 1093 978 dicttrs
1109 934 1160 981 cst
1171 945 1248 981 rnnn·

200 1003 280 1074 dus,
300 1005 373 1068 satis·
385 1006 494 1076 clarum
509 1014 568 1076 est,
590 1014 620 1060 et
633 1021 705 1080 quae
719 1021 785 1077 pars
797 1003 898 1060 mundi
912 1023 929 1059 e
941 1013 1005 1061 toto
1020 1007 1207 1084 significata,
1221 1019 1248 1064 et

208 1095 353 1161 quatenus
366 1089 477 1162 perisse
491 1087 635 1159 dictauit,
659 1089 751 1163 etqui
765 1088 839 1144 coeli
855 1089 978 1162 repositi
990 1089 1061 1166 igni
1076 1093 1246 1149 reservandi

206 1172 240 1226 'in
255 1168 330 1226 diem
342 1170 444 1228 indicii
457 1181 486 1228 ct
498 1172 669 1247 perditionis
682 1169 832 1228 hominum
844 1173 1008 1246 impiorum.
1023 1171 1069 1230 Et
1085 1177 1122 1232 in
1134 1176 1244 1252 eoquod

182 1321 184 1327 Ι
207 1256 293 1330 paulo
307 1265 375 1330 post
387 1258 442 1313 eit:
472 1255 573 1314 Veniet
587 1257 649 1314 dies
663 1253 784 1312 Domini
796 1266 830 1312 ut
839 1255 916 1327 fur,
934 1257 964 1311 in
978 1273 1037 1332 quo
1052 1259 1140 1316 coeli
1150 1279 1243 1334 mageo

208 1341 319 1418 impetu
333 1349 557 1410 transcurrent,
582 1339 724 1398 elemento
736 1349 834 1396 cotem
846 1339 987 1396 ardentio
999 1341 1210 1412 resolventur,
1222 1352 1243 1398 et

208 1421 304 1494 terro,
318 1434 348 1480 et
359 1441 433 1500 quoe
446 1426 476 1480 in
491 1425 559 1501 ipso
572 1421 743 1501 tantopere
755 1433 932 1498 exurentem
945 1440 979 1478 ae
993 1422 1112 1480 deinde
1124 1427 1241 1492 inbieeit,

207 1504 268 1562 His
281 1507 409 1563 omnibus
421 1507 616 1586 pereuntibus
637 1505 738 1585 quales
759 1516 874 1585 oportet
890 1523 941 1563 ooo
954 1505 1040 1564 esee?
1065 1510 1240 1582 posenntilli

209 1591 283 1646 coeli
296 1590 424 1668 intelligi
435 1591 571 1665 perituri,
586 1609 657 1666 quos
671 1589 746 1646 dixit
758 1590 901 1664 repositos
911 1591 976 1668 igni
986 1595 1207 1664 reservandos,
1219 1605 1239 1647 et

209 1691 243 1728 ea
256 1674 399 1729 elementa
411 1675 502 1748 accipi
515 1691 633 1746 arsura,
659 1691 732 1748 quoe
745 1675 777 1730 in
797 1671 851 1730 hac
863 1674 921 1729 ima
933 1673 1039 1730 mundi
1052 1687 1146 1750 parte
1160 1677 1237 1734 subri-

208 1764 290 1812 stunt
301 1757 464 1830 procellosa
478 1767 507 1812 et
519 1758 706 1827 turbulente,
731 1759 763 1812 in
777 1774 833 1832 qna
847 1755 961 1834 eosdem
975 1760 1080 1815 coelos
1097 1760 1176 1816 dixit
1187 1779 1238 1815 erre

207 1839 362 1914 repositos,
376 1841 465 1897 solvis
478 1841 537 1896 illis
552 1841 759 1915 supcrioribus,
779 1849 809 1896 et
822 1843 853 1896 in
862 1859 921 1916 'suo
934 1842 1120 1918 integritate
1132 1863 1238 1901 manen·

208 1923 303 1994 tibus,
327 1917 359 1979 ib
378 1925 501 2000 quorum
517 1923 702 1980 firmamento
716 1933 788 1984 sunt
800 1923 895 1980 sidera
909 1925 1088 1982 constituta.
1136 1927 1204 1985 Nan
1215 1939 1238 1981 et

148 2053 150 2061 .
207 2005 280 2063 illud
294 2008 371 2083 quod
383 2010 523 2084 scriptum
536 2023 595 2080 est,
622 2009 722 2064 stellas
740 2007 776 2064 de
795 2009 875 2065 coelo
890 2026 952 2063 csse
966 2027 1108 2083 casuras,
1135 2021 1236 2088 praeter

208 2091 287 2168 quod
299 2101 394 2166 potest
406 2095 498 2149 multo
512 2092 688 2168 probabilius
702 2101 732 2148 et
745 2093 829 2148 aliter
843 2093 980 2168 intelligi,
1004 2097 1108 2172 megin
1124 2093 1236 2152 ostendit

208 2194 362 2233 mansuros
376 2195 441 2234 esse
453 2178 519 2232 illos
534 2178 648 2234 coelos:
675 2178 700 2232 si
713 2186 809 2232 tamen
828 2177 929 2232 stellae
941 2174 1012 2232 inde
1025 2195 1156 2236 casum
1168 2189 1236 2246 sunt,

209 2279 275 2316 eum
287 2262 335 2316 vel
347 2263 459 2336 tropica
473 2263 512 2317 sit
523 2261 645 2333 locutio,
659 2259 734 2336 quod
748 2268 793 2316 est
805 2258 984 2330 credibilius,
1003 2261 1055 2316 vel
1068 2263 1105 2318 in
1119 2264 1176 2320 isto
1188 2264 1236 2318 ino

209 2344 289 2400 coelo
303 2342 435 2400 futurum
447 2345 496 2416 sit,
509 2346 610 2421 utique
624 2343 785 2401 mirabilius
799 2361 886 2420 quarn
898 2361 976 2400 nunc
989 2342 1033 2400 fit.
1053 2343 1144 2404 Vnde
1156 2356 1184 2402 et
1195 2348 1236 2401 itu

140 2491 141 2496 ἵ
208 2423 383 2505 virgiliane,
424 2461 426 2470 ι

292 2509 385 2569 Stella
397 2512 490 2568 facem
503 2511 611 2570 ducens
624 2513 717 2570 multa
730 2531 795 2569 eum
807 2513 874 2568 luce
887 2514 1027 2583 cucurrit,
1049 2523 1080 2570 et

292 2594 379 2654 Idaea
392 2615 424 2652 se
437 2595 567 2654 condidit
580 2599 663 2654 silvo.

209 2677 274 2736 Hoe
287 2689 384 2737 nutem
396 2680 473 2756 quod
486 2681 521 2737 de
534 2679 647 2738 Psalmo
661 2681 895 2750 commemoravi,
909 2681 1020 2736 nullum
1033 2683 1188 2739 coelorum
1199 2684 1233 2738 vi-

210 2763 293 2820 detur
305 2767 482 2840 relinquere,
497 2763 573 2839 qnod
584 2767 747 2840 periturum
760 2781 895 2820 essenon
906 2754 1026 2819 dixerit.¹
1037 2763 1096 2821 Vbi
1109 2769 1188 2823 enirn
1199 2764 1233 2820 di·

209 2849 296 2919 citur,
313 2844 415 2924 Opere
426 2867 564 2904 manuum
578 2859 697 2906 tuorum
713 2858 784 2905 suat
798 2847 879 2918 coeli,
900 2849 960 2926 ipsi
971 2847 1138 2926 peribunt3
1163 2867 1234 2925 quan

209 2931 322 3008 nullutn
336 2948 437 2986 eorum
449 2931 484 2986 eb
496 2949 582 3004 opere
592 2929 660 3003 Dei,
673 2939 731 2988 tam
746 2933 857 2988 nullum
871 2950 972 2988 eorum
986 2946 1004 2992 tt
1016 2932 1185 3005 perditione
1196 2952 1231 2988 se-

209 3014 349 3068 cernitur.
383 3011 451 3068 Non
472 3015 551 3069 enim
569 3013 767 3092 dignabuntur
785 3013 821 3070 dc
839 3013 921 3071 Petri
932 3014 1065 3089 Apostoli
1085 3017 1231 3084 locutione,

150 3163 152 3168 Ι
209 3113 295 3172 quem
314 3094 502 3152 vehementer
525 3095 659 3170 oderunt,
685 3097 887 3156 Hebraeorum
913 3097 1069 3154 defendere
1095 3102 1230 3174 pietaten,

209 3179 330 3244 deorum
343 3197 462 3238 suorum
475 3183 600 3238 oraculis
620 3183 821 3258 approbatam
847 3191 882 3239 ut
894 3185 995 3240 saltem
1008 3200 1047 3238 ne
1060 3191 1144 3241 totns
1156 3202 1228 3240 nnn-

210 3266 262 3323 dus
280 3266 427 3342 periturus
446 3283 509 3322 esse
529 3267 682 3339 credatur,
707 3269 750 3324 sic
763 3285 781 3324 a
793 3275 854 3324 toto
871 3285 938 3342 pars
951 3266 1131 3340 accipiatur,
1156 3269 1185 3325 in
1199 3285 1227 3321 eo

209 3349 286 3429 quod
299 3349 407 3406 dietum
422 3359 478 3422 est,
503 3347 570 3430 Ipsi
575 3350 728 3430 peribunt,
748 3352 881 3407 cumsoli
895 3351 969 3408 coeli
982 3349 1076 3405 infimi
1089 3351 1152 3407 sint
1162 3351 1226 3426 peri-

208 3437 283 3508 turi3
297 3433 539 3510 quemadmodum
550 3435 583 3492 in
596 3435 762 3510 Apostolica
775 3436 825 3490 illa
841 3436 963 3508 epistola
975 3453 993 3489 a
1004 3441 1068 3488 toto
1081 3452 1150 3508 pars
1162 3434 1225 3490 neei-

184 3551 187 3558 .
208 3520 298 3593 pitur,
313 3517 389 3594 quod
402 3517 513 3576 diluvio
521 3520 638 3593 perisse
648 3517 741 3574 dictus
753 3527 798 3574 est
807 3517 944 3589 mundus,
959 3517 1089 3592 quamvis
1102 3519 1222 3574 solacius

210 3620 276 3658 cum
289 3603 348 3658 suis
361 3603 449 3658 coelis
462 3619 529 3676 pars
543 3603 601 3658 itne
611 3603 740 3676 perierit.
776 3599 836 3659 Sed
850 3600 1001 3676 quiahoc,
1025 3608 1059 3656 ut
1078 3599 1155 3673 dixi,
1174 3617 1219 3656 ιιιιι

175 3753 178 3758 .
209 3683 424 3758 dignabuntur,
446 3703 484 3742 ne
496 3687 544 3742 vel
556 3685 687 3760 Apostoli
698 3683 778 3742 Petri
791 3685 950 3761 approbent
964 3701 1091 3754 sentum,
1113 3687 1157 3741 vel
1168 3693 1220 3740 tsn-

210 3775 273 3818 tum
287 3764 447 3822 concedent
460 3766 684 3846 conflagrationi
698 3769 885 3840 novissimae,
899 3777 1038 3843 qnantum
1051 3765 1167 3824 dicimur
1178 3783 1220 3822 ιι-

209 3844 300 3902 luisse
314 3843 472 3922 dduriurn,
495 3853 546 3927 qni
566 3853 654 3910 nuliis
672 3853 771 3930 equis,
796 3853 883 3910 nullis
897 3851 1018 3912 tamnu
1037 3859 1128 3908 totum
1140 3866 1219 3930 gent·
