2530 4392
202 249 258 308 DE
284 249 505 311 ClVl'l'A'l'E
528 252 607 312 DEI
628 253 709 311 LlB.
732 254 830 314 xlx.
970 263 1028 320 251

54 404 125 460 imae
137 401 316 473 irrationalis,
331 402 465 460 ordinata
478 405 594 481 requies
608 407 828 480 appetitionum.
842 406 904 465 Pax
917 412 1032 469 animae

54 487 168 557 tionalis,
180 484 310 542 ordinato
324 487 504 564 cognitionis
515 489 699 565 actionisque
711 491 876 546 consensio.
889 491 951 549 Pax
965 513 1030 551 cor·

54 572 90 626 ris
104 579 131 624 et
141 570 262 640 animae,
278 568 414 626 ordinata
425 571 487 626 rita
501 581 533 627 et
545 573 623 628 salus
638 574 806 629 animantis.
829 572 892 630 Pax
905 573 1031 633 hominis

54 653 135 708 ortalis
149 660 175 707 et
187 650 252 724 Dei,
276 648 488 732 [immortalia]
502 654 637 712 ordinata
650 657 681 712 in
694 655 751 712 fida
765 655 818 711 sub
832 668 953 715 aeterna
966 660 1032 737 lege

53 735 175 792 odientia.
195 733 256 790 l’ax
268 733 431 810 bominum,
446 737 581 795 ordinata
595 739 760 796 concordia.
778 737 841 796 Pax
855 739 968 813 domus,
983 759 1031 798 or-

53 829 107 874 rata
118 817 268 893 imperandi
280 827 370 895 atque
382 819 536 876 obediendi
547 821 706 880 concordis
716 819 955 880 cohabitantium.
970 823 1032 881 Pax

53 903 146 970 itatis,
159 900 289 958 ordinata
301 903 465 978 imperandi
477 913 565 980 etque
578 905 732 962 obediendi
745 905 901 962 concordia
914 907 1031 964 civium.

53 1004 70 1039 r
83 985 204 1040 coelestis
219 983 369 1058 Civitatis,
389 987 608 1045 ordinatissima
621 998 652 1045 et
664 988 893 1046 concordissima
906 991 1031 1046 societas

56 1067 119 1123 endi
130 1065 189 1124 Deo
201 1077 230 1124 et
242 1069 369 1124 invicem
381 1069 413 1125 in
425 1069 500 1126 Deo.
520 1070 583 1128 Pax
596 1074 727 1128 omnium
738 1089 850 1144 rerum,
864 1073 1032 1148 tranquilli·

64 1150 176 1207 ordinis.
209 1149 289 1207 Ordo
309 1161 355 1208 est
373 1155 488 1227 parium
507 1153 723 1230 dispariumque
743 1173 843 1210 rerum
860 1173 913 1210 sua
927 1157 1032 1230 cuique

52 1253 67 1289 a
80 1233 203 1290 tribuens
218 1233 377 1309 dispositio.
413 1235 542 1293 Proinde
555 1239 672 1309 miseri,
696 1237 764 1312 qnia
776 1235 809 1292 in
823 1245 963 1311 quantum
976 1238 1031 1293 mi-

52 1319 61 1372 i
76 1325 151 1388 sunt,
169 1319 267 1392 utiquc
280 1318 311 1372 in
325 1337 397 1393 paco
411 1337 471 1375 non
485 1330 571 1391 sunt,
595 1321 808 1395 tranquillitate
822 1319 938 1394 quidem
952 1319 1031 1376 ordi-

65 1409 175 1471 carent‚
194 1399 243 1456 ubi
257 1401 436 1474 perturbatio
450 1404 531 1459 nulla
544 1413 604 1460 est:
629 1412 832 1460 verumtamen
846 1404 914 1478 quia
926 1403 1031 1459 merito

52 1493 132 1558 teque
144 1483 242 1538 miseri
254 1493 334 1554 sunt,
357 1485 389 1540 in
404 1505 439 1542 ea
453 1503 568 1562 quoque
580 1488 644 1562 ipsa
656 1505 709 1542 sua
721 1485 841 1542 miserie
852 1495 970 1559 praeter
984 1503 1031 1540 or-

53 1585 98 1621 em
111 1583 172 1621 csse
187 1584 246 1622 non
259 1575 397 1641 possunt:
425 1587 485 1625 non
498 1569 615 1644 quidem
629 1569 780 1626 coniuncti
792 1567 905 1639 beatis,
932 1567 984 1623 sed
997 1567 1031 1622 ab

57 1660 152 1705 tamen
171 1648 282 1705 ordinis
302 1651 368 1729 loge
387 1653 520 1708 seiuncti.
557 1653 615 1720 uui
636 1671 701 1710 cum
725 1654 789 1709 sinc
811 1651 1032 1727 perturbatione

51 1741 67 1789 t
82 1731 152 1810 [non
166 1730 254 1810 sint],
267 1733 353 1790 rebus
368 1735 516 1812 inquibus
531 1745 611 1809 sunt,
626 1745 850 1812 quantacunque
865 1751 1031 1812 congruen-

53 1825 238 1890 coaptanturt
258 1835 292 1873 ac
305 1836 358 1892 per
371 1817 427 1875 boc
441 1829 487 1875 cst
502 1819 534 1876 in
548 1821 590 1876 eis
604 1819 716 1878 ordinis
730 1819 874 1876 nonnulla
886 1817 1032 1892 tranquil-

51 1918 77 1956 s:
102 1900 180 1956 inest
192 1917 263 1978 ergo
276 1903 418 1958 nonnulla
430 1919 498 1978 pax.
534 1901 642 1960 Verum
656 1902 722 1959 ideo
740 1901 840 1959 miseri
854 1907 939 1972 sunt,
964 1900 1033 1975 quie

65 1984 97 2039 in
111 1983 207 2058 aliqua
220 1983 377 2040 securitate
388 2003 450 2041 non
463 1985 574 2057 dolent,
588 2005 649 2042 non
662 1995 761 2041 tamen
774 1985 815 2040 ibi
829 1993 908 2054 sunt,
921 1982 972 2039 ubi
985 1999 1032 2038 se-

51 2067 58 2120 i
73 2083 136 2121 csse
150 2085 183 2121 ac
197 2065 296 2121 dolere
309 2085 370 2122 non
383 2066 520 2124 debeant:
547 2069 714 2123 miseriores
736 2077 850 2134 autem,
877 2067 903 2119 si
917 2081 976 2136 pax
991 2065 1033 2119 eis

50 2171 57 2204 ι
73 2150 135 2222 ipsa
148 2149 214 2225 lege
228 2167 289 2205 non
303 2159 363 2220 est,
385 2167 442 2223 qua
457 2149 600 2204 naturalis
617 2147 689 2204 ordo
703 2145 935 2203 administratur.
961 2143 1033 2202 Cum
1126 2157 1132 2164 ’

50 2251 90 2286 ern
104 2229 215 2302 dolent,
239 2247 277 2286 ex
290 2247 347 2305 qna
360 2239 443 2304 parte
457 2229 568 2302 dolent,
592 2233 672 2304 pacis
686 2227 867 2305 perturbatio
880 2226 958 2284 iacta
972 2235 1033 2284 est:

50 2318 86 2371 lla
98 2333 171 2370 vero
186 2311 279 2370 adbuc
292 2331 350 2388 pax
364 2322 425 2384 est,
450 2313 481 2369 in
496 2331 552 2388 qua
567 2332 623 2369 nec
637 2313 718 2370 dolor
731 2312 801 2384 urit,
825 2331 880 2368 nec
894 2329 1034 2389 compago

65 2399 248 2454 dissolvitur.
277 2396 363 2453 Sicut
375 2415 446 2475 ergo
460 2407 506 2453 est
519 2396 661 2472 quaedam
673 2398 735 2452 vita
748 2397 812 2452 sine
825 2393 937 2466 dolore,
951 2394 1035 2451 dolor

50 2503 86 2539 nn
102 2483 169 2538 isne
184 2483 282 2557 aliqua
294 2481 357 2537 vita
371 2499 435 2536 esse
449 2499 510 2537 non
523 2489 636 2554 potest:
656 2481 699 2535 sic
712 2488 757 2535 est
768 2495 827 2553 pax
840 2477 980 2554 quaedam
993 2479 1034 2532 si-

50 2567 100 2623 rllo
115 2565 206 2636 bello,
220 2565 328 2621 bellum
340 2583 411 2621 vero
426 2583 491 2620 esse
504 2565 568 2620 sina
583 2565 679 2640 aliqua
691 2580 762 2638 pace
775 2581 835 2618 non
849 2569 958 2636 potest3
973 2577 1034 2616 non

50 2648 154 2705 indum
167 2647 199 2704 id
212 2647 288 2724 quod
300 2647 406 2704 bellum
422 2658 478 2719 est,
503 2647 554 2703 sed
569 2645 732 2704 secundum
745 2644 775 2700 id
789 2643 867 2720 quod
881 2643 915 2699 ab
931 2643 973 2699 eis
988 2643 1034 2700 vel

50 2735 75 2787 is
90 2734 221 2810 geritur,
236 2749 311 2806 qnae
325 2731 440 2806 aliquae
454 2741 577 2788 naturae
590 2740 678 2786 sunt:
702 2727 780 2804 quod
794 2729 875 2784 nullo
888 2727 973 2784 modo
988 2743 1034 2782 es-

50 2838 63 2887 ·‚
79 2817 107 2870 si
121 2833 187 2870 non
201 2816 398 2890 qualicunque
409 2833 480 2889 pace
494 2815 698 2872 subsisterent.

50 2901 241 2972 Quapropter
254 2907 360 2954 natura
373 2908 429 2969 est,
441 2899 472 2954 in
486 2915 543 2974 que
556 2899 668 2954 nullum
681 2896 789 2952 malum
803 2902 865 2966 est,
885 2894 934 2949 rel
947 2894 1035 2949 etiam

50 2999 87 3037 ua
103 2981 225 3036 nullum
238 2989 335 3055 potest
350 2997 416 3036 esse
434 2984 557 3038 malum:
583 2997 647 3036 esse
665 2989 765 3036 autem
784 2986 905 3048 natura,
928 2978 959 3032 in
979 2995 1036 3052 qua

50 3085 99 3120 um
113 3066 232 3121 bonum
243 3065 293 3136 sit,
306 3079 367 3120 non
379 3073 486 3138 potest.
509 3063 639 3121 Proinde
652 3083 708 3120 nec
721 3065 812 3139 ipsius
827 3061 935 3118 diaboli
948 3069 1036 3117 natu-

53 3167 73 3205 n
91 3157 242 3224 quantum
256 3157 362 3204 natura
377 3158 432 3219 est,
446 3149 554 3203 nralum
569 3153 628 3204 est:
642 3147 693 3202 sed
705 3147 884 3222 perversitas
899 3163 962 3200 eam
974 3159 1036 3199 nra·

52 3233 142 3289 facit.
181 3231 285 3306 ltaque
299 3231 330 3286 in
342 3231 468 3286 veritate
481 3247 541 3286 non
554 3231 653 3300 stetit,
676 3230 727 3284 sed
750 3229 883 3284 veritatis
896 3225 1037 3280 iudicium

56 3316 176 3373 evasit:
194 3311 289 3391 [quia]
305 3315 336 3367 in
349 3311 461 3368 ordinis
473 3313 687 3388 tranquillitate
698 3328 758 3367 non
771 3310 890 3376 mansit,
904 3325 959 3360 nec
973 3305 1038 3360 ideo

50 3419 80 3455 en
98 3417 117 3454 a
131 3406 286 3474 potestate
300 3385 487 3453 Ordinatoris
501 3394 614 3473 effugit.
633 3392 747 3450 Bonum
760 3391 829 3461 Dei,
843 3387 920 3464 qnod
936 3389 979 3442 illi
993 3395 1039 3441 est

50 3493 160 3555 stura,
190 3501 253 3540 non
268 3499 333 3537 eum
347 3476 492 3535 subtrabit
509 3480 640 3534 iustitiae
654 3475 728 3546 Dei,
756 3491 813 3549 qua
833 3469 988 3527 ordinatur
1008 3471 1037 3525 in

50 3585 91 3623 ra:
109 3585 171 3622 nec
186 3567 230 3623 ibi
243 3564 324 3622 Dens
338 3564 447 3620 bonum
459 3563 626 3637 insequitur
639 3557 716 3635 quod
730 3558 853 3626 creavit,
867 3552 918 3609 sed
933 3553 1039 3608 nralnnr

50 3651 54 3705 l
70 3651 128 3705 illc
144 3649 306 3706 commisit.
335 3645 438 3720 Neque
451 3647 529 3702 enim
542 3653 639 3701 toturn
652 3642 749 3698 aufert
760 3639 837 3716 quod
850 3645 974 3694 naturae
988 3634 1037 3690 de-

63 3731 124 3788 sed
139 3732 260 3809 aliquid
272 3730 384 3800 adimit,
398 3729 509 3804 aliquid
522 3728 674 3803 relinquit,
688 3735 721 3782 ut
734 3726 774 3781 sit
787 3723 837 3800 qui
850 3719 947 3778 doleat
960 3719 1039 3795 quod

50 3818 84 3872 it
101 3815 261 3894 [aslemit].
297 3813 336 3872 Et
354 3816 417 3888 ipse
437 3812 519 3870 dolor
536 3811 737 3868 testimoninm
750 3817 795 3865 est
809 3805 877 3864 boni
890 3803 997 3861 ademti
1012 3809 1039 3857 et

61 3901 186 3957 relicti.
223 3899 290 3957 Nisi
303 3901 382 3955 enim
395 3897 504 3953 bonum
517 3896 652 3952 relictum
666 3903 758 3966 esset,
779 3892 888 3949 bonum
903 3887 1039 3945 amissum
