2586 4396
253 201 312 260 DE
340 197 561 260 ClVlTA'l'E
584 201 663 262 DEl
684 203 753 261 LlB
784 203 854 263 XV.
1032 211 1070 269 75

40 356 173 416 veridica
186 356 331 429 loquitur,
345 355 377 410 in
390 371 442 410 sua
455 355 645 432 generatione
657 355 804 430 perfeeto,
831 354 902 436 (non
916 362 1014 436 utique
1029 365 1070 418 si-

39 451 93 500 cut
111 437 288 518 perficiendi
310 447 378 494 sunt
400 439 478 494 cives
496 437 630 496 Civitatis
648 440 706 497 Dei
725 441 756 498 in
775 441 826 498 illa
844 443 1070 518 immortalitate,

40 543 97 603 qua
111 523 318 598 aequabuntur
331 522 451 600 Angelis
466 521 538 595 Dei,
564 522 616 580 aed
638 525 714 581 sieut
736 541 799 581 ease
820 535 944 601 possunt
962 525 994 583 in
1015 527 1071 586 lrae

38 607 281 687 peregrinatione
293 603 445 684 periecti,)
459 606 685 684 imperatlleus,
697 617 730 664 nt
742 625 839 665 aream
852 609 957 682 iaciat,
970 612 1002 667 in
1015 629 1072 686 qua

39 711 109 750 eum
122 693 200 763 anis,
221 691 324 763 idest,
344 707 454 762 uxore,
472 690 558 762 filiis,
572 699 603 747 et
615 693 753 764 nuribus,
767 701 798 748 et
810 711 876 750 eum
887 695 1072 768 animalibus,

40 795 118 853 quae
131 773 166 833 ad
178 775 263 831 illum
277 789 315 830 ex
328 772 385 831 Dei
397 785 552 850 praecepte
565 777 597 832 in
610 793 707 833 arcam
720 777 855 856 ingressa
867 787 951 851 sunt,
964 777 1071 835 libera-

39 870 124 917 retur
140 875 157 916 a
175 859 279 915 diluvii
295 860 446 930 vastitate3
471 861 574 934 procul
593 859 679 917 dnlsio
692 859 787 940 figura
800 870 845 918 est
854 863 1072 940 peregrinantis

41 946 73 1000 in
87 941 141 1000 hee
156 944 275 1000 saeculo
290 940 424 999 Civitatis
438 940 510 1014 Dei,
529 941 584 1000 hoe
597 953 657 1015 est,
675 941 840 1018 Ecclesiae,
860 963 934 1021 quae
947 945 980 1002 lit
992 948 1073 1004 salsa

40 1047 92 1104 per
103 1029 236 1106 lignum,
262 1027 293 1083 in
313 1043 369 1102 qno
386 1025 523 1103 pependit
540 1026 684 1085 Mediator
696 1027 754 1086 Dei
773 1038 803 1086 et
821 1027 968 1086 hominum
987 1028 1073 1088 homo

41 1112 177 1168 Christus
193 1107 283 1166 lesus.
326 1108 401 1166 Nam
415 1119 445 1166 et
456 1129 610 1169 mensurae
622 1114 703 1188 ipsae
715 1111 925 1192 longitudinis,
943 1115 1073 1171 altitudi-

41 1198 102 1268 nis,
126 1193 349 1270 latitudinisque
363 1195 442 1264 eins,
460 1193 629 1273 significant
642 1213 746 1269 corpus
759 1194 932 1268 humanum,
946 1197 978 1254 in
993 1199 1074 1254 euius

42 1281 168 1336 veritate
181 1275 219 1335 ad
231 1277 364 1335 hemines
376 1280 597 1352 praenuntiatus
610 1287 656 1335 est
667 1287 827 1352 venturus,
841 1288 871 1336 et
881 1281 973 1337 venit.
1009 1279 1073 1338 ttu-

45 1365 125 1420 mani
144 1364 249 1439 qnippe
269 1363 399 1436 eorporis
412 1361 564 1440 longitudo
579 1381 597 1419 a
610 1363 720 1420 vertice
733 1381 824 1440 usque
837 1361 874 1419 ad
887 1364 1013 1443 vestigia
1026 1381 1074 1420 se·

42 1449 108 1502 xies
122 1455 237 1502 tantum
249 1444 350 1516 habet,
364 1463 451 1521 quam
463 1445 596 1519 latitudo,
611 1464 685 1521 qnae
699 1455 745 1503 est
756 1446 791 1503 ab
804 1465 864 1505 une
877 1448 969 1504 latere
981 1447 1018 1504 ad
1031 1450 1074 1504 al-

41 1543 138 1588 terum
150 1532 245 1598 latua;
272 1538 303 1586 et
316 1528 412 1585 decies
426 1538 556 1602 tantum,
570 1547 655 1606 qnam
668 1530 801 1604 altitudo,
815 1531 898 1588 cuius
911 1530 1075 1588 altitudinis

41 1631 180 1671 mensura
198 1615 293 1669 estin
311 1614 403 1670 latere
421 1627 438 1668 a
457 1611 543 1670 dorse
563 1614 599 1670 ad
616 1624 764 1672 ventrem:
791 1616 873 1671 velut
886 1614 912 1670 si
930 1616 1075 1672 iacentem

42 1699 190 1756 hominem
204 1693 502 1772 metieris'supinum,
515 1713 567 1754 eeu
581 1715 715 1773 pronum,
729 1699 826 1756 sexies
841 1708 956 1755 tantum
968 1701 1075 1778 longus

43 1793 88 1838 est
100 1801 117 1839 a
130 1783 229 1856 eapite
243 1781 279 1838 ad
292 1781 395 1856 pedes,
422 1799 509 1858 quam
521 1781 597 1839 latus
611 1799 629 1838 a
641 1781 746 1840 dextra
759 1784 791 1839 in
804 1784 971 1856 sinistram,
997 1785 1044 1840 vel
1058 1802 1076 1839 a

41 1869 163 1924 sinistra
177 1866 211 1922 in
224 1865 372 1938 dextram3
398 1875 427 1922 et
444 1865 558 1939 denies,
585 1883 671 1944 quam
683 1869 760 1924 altus
774 1885 792 1924 a
805 1878 892 1924 terra.
935 1865 1018 1925 Vnde
1031 1866 1075 1923 fa-

41 1963 86 2008 cta
99 1961 145 2008 est
158 1965 229 2007 arca
242 1959 440 2007 trecentorum
453 1951 484 2007 in
497 1951 683 2030 longitudine
697 1951 874 2022 cubitorum,
889 1959 919 2008 et
932 1952 1075 2028 qninqua-

41 2038 123 2114 ginta
136 2035 171 2092 in
184 2033 356 2106 latitudine,
382 2045 412 2091 et
431 2035 556 2112 triginta
568 2036 600 2091 ln
613 2034 777 2092 altitudine.
820 2033 860 2090 Et
877 2034 952 2109 quod
969 2035 1076 2089 ostium

40 2122 73 2175 in
85 2121 178 2176 latere
192 2119 323 2194 aceepit,
337 2116 468 2192 prolecto
482 2117 554 2175 illud
566 2127 613 2174 eat
625 2120 749 2189 vulnus,
764 2116 879 2193 quando
893 2118 969 2173 latus
983 2117 1076 2172 eruci·

41 2203 95 2258 lixi
116 2205 221 2261 lancea
241 2201 421 2278 periuratum
445 2210 502 2258 est:
529 2200 583 2258 lsae
596 2201 701 2278 quippe
714 2200 750 2258 ad
768 2202 852 2257 illum
864 2199 1015 2257 venientes
1029 2199 1076 2254 in·

41 2287 234 2366 gredinnmr3
262 2287 332 2362 quia
345 2285 414 2342 inde
426 2293 609 2343 sacramenta
621 2294 798 2357 manarunt,
813 2283 915 2361 quibus
927 2283 1076 2342 eredentes

40 2373 206 2428 initientur.
249 2369 290 2426 Et
302 2369 381 2446 quod
394 2365 430 2426 de
441 2371 531 2449 lignis
545 2368 694 2446 quadratis
707 2367 773 2425 fieri
784 2368 918 2438 iubetur,
946 2367 1076 2442 undique

40 2456 178 2512 stabilem
189 2455 282 2511 uitam
294 2462 464 2510 sanetorum
477 2453 641 2532 signifieat:
668 2470 843 2528 quacunque
861 2453 940 2508 enim
952 2451 1076 2508 verteris

40 2541 232 2615 quadratum,
250 2536 347 2594 stabit.
391 2535 431 2593 Et
442 2534 559 2592 caetera
570 2553 643 2611 quac
654 2536 687 2592 in
701 2534 831 2591 eiusdem
845 2552 929 2591 arcae
941 2544 1075 2590 constru-

42 2625 139 2680 ctione
152 2623 294 2680 dieuntur
308 2619 579 2678 Ecclesiastieorum
594 2620 680 2698 signa
695 2627 765 2674 sunt
776 2635 883 2674 rerum.

101 2705 215 2764 Sedes
233 2723 312 2763 nune
331 2705 468 2780 persequi
487 2705 608 2781 longum
628 2710 686 2759 est:
714 2711 743 2758 et
760 2700 815 2758 hoc
833 2701 890 2756 iam
909 2700 1031 2757 lecimus
1045 2700 1078 2758 in

40 2791 156 2864 Opere,
181 2791 261 2866 quod
279 2789 420 2846 adversus
438 2787 577 2844 Faustum
594 2784 797 2844 Manichaeum
815 2783 996 2858 scripsimus,
1023 2801 1076 2838 ne-

39 2884 162 2954 gantem
180 2877 212 2931 in
234 2873 317 2930 libris
331 2872 531 2929 Hebraeorum
545 2869 654 2946 aliquid
668 2869 703 2927 de
718 2869 833 2927 Christo
847 2885 910 2924 esse
922 2865 1076 2944 propheta-

37 2971 109 3016 tum.
137 2958 181 3015 Et
193 2958 259 3013 fieri
273 2956 388 3033 quidem
400 2965 512 3031 potest,
531 2963 566 3012 ut
578 2964 609 3010 et
620 2956 704 3010 nobis
718 2955 875 3032 quispiam,
890 2963 920 3010 et
932 2954 1005 3011 alius
1020 2954 1076 3009 alio

38 3049 172 3120 exponat
184 3040 257 3098 haee
270 3043 379 3116 aptius:
407 3041 477 3098 dum
488 3049 587 3096 tamen
601 3057 636 3094 ea
649 3057 724 3114 quae
737 3037 890 3110 dicuntur,
903 3036 1027 3094 adhunc
1041 3037 1076 3092 de

37 3147 92 3204 qna
107 3127 276 3202 loquimur,
290 3124 348 3180 Dei
361 3123 534 3194 Civitatem,
551 3125 584 3178 in
597 3120 652 3178 hee
667 3125 784 3180 saeculo
797 3123 926 3200 maligno
939 3131 1077 3198 tanquam

36 3215 66 3268 in
91 3211 210 3268 diluvio
235 3210 474 3286 peregrinantem
495 3208 593 3262 omnia
613 3203 793 3277 referantur3
821 3207 847 3260 si
859 3207 894 3261 ab
909 3208 971 3262 eius
990 3221 1078 3260 sensu

38 3298 84 3370 qni
115 3297 178 3350 ista
206 3293 398 3366 conscripsit,
425 3309 484 3346 non
509 3291 573 3345 vult
598 3291 685 3368 lenge
712 3289 848 3345 aberrare
873 3289 923 3364 qui
948 3289 1077 3362 exponit.

38 3378 181 3453 Exempli
194 3376 307 3455 gratim
321 3374 406 3431 Velut
419 3374 445 3430 ai
459 3373 601 3448 quispiam
614 3371 693 3447 quod
705 3369 753 3428 hie
766 3372 908 3446 seriptum
922 3381 982 3440 eat,
994 3368 1078 3440 Infe-

36 3467 127 3522 riore
149 3461 338 3518 dieentes-ote
358 3470 388 3516 et
405 3459 601 3516 tricamerata
617 3456 723 3528 foetas
737 3473 801 3513 eam
816 3451 905 3528 [ec],·
930 3470 990 3508 nen
1005 3449 1079 3526 quod

36 3567 92 3626 ego
110 3545 214 3603 inille
229 3542 417 3616 Operedixi‚
443 3541 515 3597 uelit
527 3541 669 3617 intelligi3
696 3539 764 3614 quia
782 3553 819 3592 ex
837 3535 969 3592 omnibns
983 3535 1080 3612 genti·

36 3632 89 3688 bus
106 3628 251 3687 Ecclesia
276 3633 488 3706 congregatur,
514 3622 721 3679 bicameratam
741 3620 862 3690 diemm,
888 3628 1007 3694 prepter
1024 3617 1080 3673 duo

35 3733 155 3794 genera
168 3710 338 3783 hominnm,
353 3707 606 3767 circumcisionem
619 3707 731 3762 seilicet
744 3714 775 3761 et
785 3703 984 3780 praeputium,
1006 3719 1078 3779 quos

33 3799 205 3876 Apostolus
218 3801 248 3850 et
261 3797 318 3852 alio
332 3795 415 3850 modo
430 3793 501 3848 dieit
513 3789 635 3846 ludaeos
651 3798 680 3844 et
694 3788 838 3861 Graeeoa;
864 3786 1079 3844 tricameratam

34 3902 131 3953 vero,
159 3897 195 3936 ee
215 3877 295 3954 qued
314 3897 413 3936 omnes
434 3883 537 3956 gentes
552 3873 587 3930 de
601 3875 691 3931 tribus
705 3872 773 3931 filiis
786 3871 849 3931 Noe
863 3881 929 3948 pest
942 3869 1078 3930 diluvium
