2530 4392
208 235 268 291 300
439 226 537 284 DlVl
557 223 747 284 AVRELH
768 218 1023 280 AVGVSTlNl

208 383 277 462 quid
296 379 375 439 aliud
395 381 453 436 isto
472 379 627 434 locutionis
646 393 755 455 genere
772 373 831 432 dici
850 375 933 430 solet.
977 371 1067 440 Quod
1080 382 1182 428 autern
1193 375 1231 438 sit

209 467 250 526 lle
263 485 338 524 nunc
353 464 424 542 quid
433 463 566 520 detineat
578 463 679 530 scitis,
705 459 808 530 idest,
833 457 902 534 quid
924 457 963 514 sit
983 457 1016 512 in
1040 473 1146 527 mora,
1173 475 1232 532 quse

210 569 297 610 causa
318 550 356 604 sit
379 546 527 602 dilationis
549 545 628 617 eius,
654 554 688 601 ut
701 543 847 601 reveletur
860 543 891 598 in
903 539 1123 618 suoteinpore,
1151 542 1232 596 scitis:

210 634 349 712 quoniam
361 633 436 688 scire
450 630 516 686 illos
531 628 622 700 dixit,
637 636 737 701 aperte
749 625 804 683 boe
815 625 912 681 dicere
925 624 1031 681 noluit.
1059 622 1104 680 Et
1117 621 1183 681 ideo
1195 641 1233 680 nu

210 719 260 794 qui
283 717 428 772 nescimus
450 711 526 788 quod
548 713 592 770 illi
617 711 762 782 sciebant,
789 709 944 784 pervenire
964 726 1034 764 cum
1051 706 1234 764 laboresdil
1257 753 1258 760 ,

211 799 288 878 quod
302 801 396 855 sensit
405 797 579 870 Apostolus,
594 797 741 869 cupimus,
755 813 810 850 nec
824 794 966 850 valemus:
990 793 1174 865 praesertim
1184 791 1235 866 quis
1257 787 1258 824 Τ

212 895 241 942 et
255 885 304 940 illa
318 901 392 958 quae
405 879 530 951 addidit,
557 879 636 936 bunc
655 896 774 934 sonsum
793 875 904 934 iaciunt
917 875 1135 932 obscuriorem.
1176 874 1235 932 Nan

212 965 281 1045 quid
295 976 356 1038 est,
382 962 448 1022 Iam
462 965 537 1021 enim
550 963 719 1038 mysterium
733 961 903 1038 iniquitatis
921 969 1081 1038 oporatur.
1128 957 1236 1016 Tmen

212 1052 263 1130 qni
275 1049 356 1106 modo
370 1056 451 1106 tenet
464 1056 580 1118 teneat,
594 1047 683 1105 donec
696 1045 732 1102 de
741 1045 835 1102 medio
842 1042 923 1118 fiat,
936 1053 966 1100 et
977 1051 1053 1100 tunc
1067 1040 1235 1101 revelabitur

213 1131 351 1210 iniquus?
376 1131 441 1210 Ego
457 1149 577 1206 prorsus
591 1128 660 1206 quid
671 1128 789 1200 dixerit,
803 1147 849 1184 me
863 1125 956 1184 fatcor
968 1127 1130 1204 ignorare.
1153 1124 1236 1199 Suspi-

213 1218 312 1273 ciones
326 1227 425 1272 tamen
437 1213 601 1285 bominum,
622 1231 693 1288 quas
706 1213 754 1270 vel
766 1211 881 1283 audire,
899 1212 947 1268 vel
958 1212 1066 1288 legere
1078 1211 1180 1286 potui,
1190 1224 1234 1264 non

213 1299 324 1358 tacebo.

272 1384 396 1452 Quidam
417 1392 521 1458 putant
541 1381 596 1438 boc
620 1379 657 1442 de
676 1382 796 1457 imperio
810 1381 919 1439 dictum
935 1377 1028 1435 luisse
1044 1375 1197 1448 Romarm
1217 1385 1236 1430 et

214 1477 368 1546 propterea
383 1467 505 1524 Paulum
517 1466 689 1542 Apostolum
707 1484 768 1522 non
786 1463 817 1522 id
834 1472 931 1540 aperte
954 1458 1092 1519 seribere
1115 1462 1235 1528 voluisse,

215 1572 253 1610 ne
266 1553 439 1609 calumniam
450 1549 587 1607 videlicet
599 1551 778 1621 incurreret,
802 1547 879 1624 quod
890 1546 1022 1604 Romano
1035 1547 1167 1622 imperio
1180 1544 1236 1600 nsle

216 1637 376 1711 optaverit,
404 1651 469 1690 cum
487 1642 653 1708 speraretur
671 1643 834 1690 aeternum:
861 1645 895 1687 ut
906 1629 961 1687 boc
973 1627 1055 1705 quod
1070 1629 1166 1702 dixit,
1188 1623 1235 1684 las
1257 1625 1258 1680 ἶ

215 1721 291 1776 enim
304 1718 473 1793 mysterium
486 1717 657 1792 iniquitatis
671 1727 825 1794 operatur,
851 1714 998 1772 Neronem
1012 1714 1152 1770 volucrit
1168 1710 1234 1768 inte
1257 1705 1258 1748 ἶ

214 1803 284 1880 ligi,
309 1801 390 1857 cuius
405 1800 463 1854 iam
476 1799 554 1854 facta
566 1800 650 1855 velut
661 1799 835 1858 Antichristi
846 1798 1029 1856 ridebantur.
1080 1795 1169 1854 Vnde
1180 1812 1236 1852 aon-
1257 1811 1258 1848 ι

215 1885 290 1942 nulli
303 1885 398 1958 ipsum
411 1891 661 1955 resurrecturum,
686 1892 716 1940 et
728 1883 858 1940 futurum
871 1879 1090 1940 Antichristum
1103 1882 1235 1955 suspican-
1257 1893 1258 1942 ι

215 1978 271 2025 tur.
293 1968 352 2026 Alii
365 1984 436 2024 vero
449 1985 504 2022 nec
518 1984 584 2021 eum
597 1967 725 2024 occisum
737 1976 858 2042 putant,
879 1965 929 2022 sed
941 1964 1135 2022 subtractum
1147 1964 1237 2040 potius,

216 2062 250 2108 ut
261 2059 413 2128 putaretur
431 2051 562 2121 occisus3
589 2059 619 2105 et
631 2052 732 2110 vivum
746 2051 887 2108 occultari
899 2051 931 2106 in
943 2050 1050 2128 vigore
1065 2050 1164 2124 ipsius
1177 2055 1236 2103 aeta

216 2139 271 2208 tis,
288 2139 321 2192 in
334 2153 392 2212 qua
405 2133 474 2206 fuit,
488 2152 554 2190 cum
568 2134 735 2191 crederetur
748 2136 928 2206 exstinctus,
941 2132 1037 2190 donec
1052 2151 1111 2188 suo
1127 2143 1236 2204 tempere

216 2223 376 2290 reveletur,
391 2227 421 2274 et
433 2219 605 2275 restituatur
617 2219 649 2274 in
662 2205 794 2298 reg'num.
825 2217 885 2276 Sed
898 2219 1019 2274 multum
1033 2214 1113 2274 mihi
1126 2218 1198 2272 mira
1207 2221 1237 2268 est

215 2303 287 2361 baec
301 2303 481 2377 opinantium
499 2310 582 2358 tanta
597 2303 784 2378 praesumtio.
826 2301 903 2359 Illud
915 2310 1013 2358 tamen
1026 2299 1110 2376 qnod
1124 2303 1167 2357 ait
1177 2299 1237 2370 Apo
1257 2303 1258 2306 ’

216 2389 324 2456 stolus,
353 2383 480 2442 Tantum
493 2387 545 2461 qui
555 2386 636 2442 modo
651 2396 731 2459 tenet
744 2396 860 2458 teneat,
888 2385 977 2443 donec
996 2385 1033 2442 de
1055 2385 1156 2442 medio
1171 2380 1238 2455 fist:

216 2487 278 2528 non
293 2467 416 2526 absurde
430 2467 465 2524 de
478 2469 541 2543 ipso
555 2465 686 2528 Romano
700 2471 822 2544 imperio
836 2468 964 2526 creditur
975 2467 1101 2540 dictum,
1116 2477 1237 2542 tanquan

216 2553 326 2611 dictum
340 2553 395 2623 sit,
422 2550 550 2608 Tantum
564 2554 614 2628 qui
627 2552 713 2609 modo
727 2555 849 2628 imperat
865 2555 1003 2628 imperet,
1030 2550 1131 2608 donec
1145 2551 1182 2607 de
1192 2565 1237 2604 sae·

216 2638 264 2696 dio
278 2637 346 2708 liat,
359 2635 390 2692 id
403 2644 464 2708 est,
479 2635 515 2691 de
528 2635 622 2692 medio
632 2639 759 2694 tollatur.
782 2635 824 2694 Et
837 2647 907 2694 tunc
919 2635 1105 2693 revelabitur
1119 2635 1227 2712 tntqsn

216 2741 303 2798 quem
325 2719 488 2798 significari
509 2718 738 2794 Antichristum,
762 2721 859 2778 nullus
883 2719 1014 2797 ambigit.
1058 2719 1122 2776 Alii
1139 2721 1237 2776 verost

217 2805 293 2881 quod
303 2806 355 2876 ait,
372 2801 453 2873 Quid
462 2804 701 2877 detineatscitis,
712 2815 742 2862 et
754 2805 922 2880 mysterium
933 2803 1055 2882 operari
1066 2799 1237 2880 iniquitatis,

216 2907 278 2945 non
290 2895 394 2962 putant
407 2885 531 2957 dictum,
553 2887 611 2942 nisi
625 2887 661 2942 de
673 2889 757 2944 malis
770 2897 800 2944 et
812 2887 903 2959 fictis,
917 2887 967 2962 qui
980 2886 1094 2942 suntin
1106 2881 1235 2942 Ecclesia
1257 2885 1258 2920 l

217 2971 309 3026 donec
322 2969 496 3042 perveniant
508 2969 545 3024 ad
557 2979 671 3027 tantum
682 2990 845 3043 numerum,
859 2971 909 3046 qui
917 2967 1102 3027 Antichristo
1113 2983 1236 3046 mogum

215 3054 352 3130 populum
365 3052 470 3122 faciat3
489 3061 519 3107 et
530 3051 585 3108 boc
599 3071 662 3108 esse
676 3057 845 3132 mysterium
858 3053 1038 3130 iniquitatis,
1051 3053 1123 3128 quia
1135 3051 1236 3110 videtur
1257 3065 1258 3068 ’

216 3137 369 3194 oecultum.
392 3133 515 3191 Hortari
528 3145 625 3192 autem
635 3136 804 3214 Apostolum
815 3138 931 3210 fideles,
944 3147 977 3194 ut
988 3139 1020 3192 in
1033 3135 1092 3192 fide
1105 3153 1194 3212 qnam
1202 3141 1236 3188 tc

215 3229 304 3292 nent,
318 3221 463 3276 tenaciter
475 3231 682 3295 perseverent,
705 3221 842 3294 dicendo,
870 3220 996 3279 Tantum
1007 3221 1058 3298 qui
1070 3221 1155 3278 nodo
1169 3221 1235 3276 tenu

215 3315 333 3379 teneat,·
358 3305 448 3362 donec
467 3304 502 3362 de
518 3305 612 3362 medio
622 3304 706 3378 fiat:
732 3305 788 3364 boo
808 3313 868 3378 est,
895 3305 988 3362 donec
1000 3313 1089 3360 exeat
1101 3302 1140 3359 dc
1152 3297 1234 3357 medis

214 3389 363 3448 Ecclesiae
376 3389 549 3464 mysterium
561 3389 740 3466 iniquitatis,
764 3389 841 3466 quod
854 3407 933 3446 nunc
947 3390 1092 3446 occultum
1105 3396 1161 3444 est
1199 3377 1234 3440 Ad

214 3477 309 3550 ipsum
325 3473 404 3530 enim
418 3473 589 3548 mysterium
601 3475 750 3548 pertinere
770 3473 966 3544 arbitrantur,
992 3470 1071 3547 quod
1083 3471 1171 3527 sitin
1183 3465 1231 3540 epi-
1257 3475 1258 3498 l

214 3559 290 3615 stola
304 3574 356 3612 sua
368 3553 493 3612 loannes
503 3554 713 3634 Evangelista,
739 3555 846 3629 Pueri,
871 3557 1027 3614 noomsimu
1038 3551 1112 3612 doru
1126 3561 1188 3611 est:
1208 3555 1230 3604 tt

214 3643 291 3699 sicut
304 3640 443 3708 audistis,
457 3640 534 3718 quod
545 3637 748 3698 Antichristus
760 3643 802 3698 sit
810 3650 969 3714 rientnrus,⁸
981 3656 1057 3697 nunc
1068 3647 1168 3695 umens
1179 3630 1229 3691 Aa

214 3721 349 3778 ticbrist'i
370 3721 457 3778 multi
470 3721 560 3794 facti
580 3733 667 3780 sunt:
693 3725 770 3782 unde
782 3725 981 3802 cognoscimus
995 3721 1071 3802 quod
1085 3717 1229 3778 soumis·

213 3801 348 3858 ritboru.
391 3801 439 3860 Ex
456 3804 538 3862 nobis
558 3807 712 3864 exierunt:
738 3808 794 3866 sed
805 3825 860 3864 non
874 3817 962 3865 erunt
974 3803 1111 3866 unctis
1156 3793 1230 3871 0¹⁰3

212 3887 241 3944 si
254 3883 394 3957 fuissent
407 3902 444 3940 es
457 3885 555 3958 nobis,
576 3892 813 3967 permansissent
839 3892 939 3970 utique
963 3889 1113 3948 nobiscum
1155 3883 1227 3942 Sient
1257 3959 1258 3970 ἵ
