2586 4396
240 217 298 276 DE
327 217 541 278 clvrrATE
568 220 647 279 DEI
673 223 752 282 ΜΒ.
778 225 866 288 XVI.
993 233 1050 290 125

48 372 101 428 lati
112 379 186 440 sunt,
201 371 276 427 sicut
288 367 439 446 Scriptura
452 376 618 446 cousuevit3
644 393 718 450 quae
735 395 823 436 unam
840 399 950 456 quoquc
962 383 1052 444 filiam

47 454 125 510 iacob
137 453 205 508 filias
219 455 408 528 nuncupavit:
434 457 511 512 sicut
528 458 559 512 in
572 456 692 515 Latinae
710 461 828 538 linguae
845 467 1052 525 consuetudine

44 540 122 595 liberi
135 536 264 593 dicuntur
276 539 425 611 pluraliter
437 538 507 610 filii,
530 542 618 596 etiam
636 543 661 596 si
680 562 739 600 non
758 547 818 601 sint
839 565 897 602 uno
922 550 1050 621 amplius.

46 624 131 690 Quum
143 639 207 698 ergo
220 621 311 694 ipsius
325 619 427 696 Ioseph
439 624 653 696 praediceretur
665 625 799 699 felicitas,
811 631 878 704 quia
889 629 987 686 videre
998 649 1050 705 po-

45 707 97 762 tuit
107 713 290 780 pronepotes,
317 706 396 761 nullo
415 705 499 761 modo
514 707 636 781 putandi
649 719 717 765 sunt
729 712 787 766 iam
798 711 889 769 fuisse
902 714 1050 770 tricesimo

44 807 116 846 nouo
131 806 202 844 enno
213 789 314 862 proavi
326 790 371 843 sui
378 787 491 863 loseph,
504 790 617 864 quando
631 791 742 850 adeum
754 796 785 850 in
793 796 956 873 Aegyptum
965 795 1050 853 iacob

43 882 119 948 pater
130 873 187 927 cius
200 869 326 927 advenit.
353 871 427 928 Illud
439 882 534 929 autem
546 883 606 946 est,
628 875 704 950 quod
717 877 792 934 fallit
803 881 899 936 minus
912 881 970 936 ista
983 880 1051 936 diii-

43 965 138 1034 genter
153 957 315 1026 intuentes,
337 958 470 1029 quoniam
490 959 627 1032 scriptum
645 969 701 1016 est:
726 958 812 1018 Haec
825 972 922 1020 autem
935 965 1052 1020 nomina

36 1040 161 1113 filioram
172 1034 283 1107 Iarail,
306 1041 357 1114 qai
369 1041 557 1098 intraverant
569 1043 600 1098 ia
613 1039 776 1119 Aegyptam
789 1045 876 1102 simul
887 1065 950 1102 cam
962 1042 1050 1102 Iacob

35 1133 124 1202 patre
136 1140 193 1178 aaa.
220 1119 286 1176 Hoc
304 1123 381 1178 euim
399 1123 508 1180 dictum
526 1134 586 1194 est,
611 1126 679 1199 quia
692 1127 778 1182 simul
792 1147 856 1184 cum
869 1130 919 1186 illo
934 1148 1050 1204 compu-

39 1216 133 1263 tantur
145 1207 325 1282 septuaginta
342 1207 486 1281 quinque,
510 1225 570 1264 nou
584 1209 651 1284 quia
667 1210 752 1265 simrrl
770 1211 829 1267 iam
842 1221 926 1268 arant
940 1230 1051 1281 omues,

40 1287 146 1365 quando
158 1288 318 1366 Aegyptum
330 1289 481 1366 ingressus
496 1298 541 1346 est
552 1292 627 1365 ipse:
656 1291 721 1364 aad,
734 1302 766 1350 ut
780 1293 856 1365 dixi,
871 1303 964 1352 totum
975 1303 1051 1350 tem-

37 1393 87 1448 pus
98 1371 213 1428 habetur
227 1373 288 1428 cius
300 1373 461 1450 ingressus,
476 1391 532 1449 quo
544 1375 620 1430 vixit
631 1373 746 1450 loseph,
769 1395 821 1450 per
835 1397 921 1454 quem
935 1377 1051 1434 videtur

37 1473 187 1534 ingressus.

407 1589 528 1648 CAP.
570 1589 674 1651 XLI.

101 1685 140 1738 De
151 1686 335 1752 benedictione,
346 1705 424 1758 qaam
435 1687 513 1739 Iacob
524 1688 552 1741 io
563 1689 751 1761 Iadamfiliam
761 1709 837 1745 taam
845 1693 979 1762 promitit.

94 1792 183 1871 Igitur
194 1803 311 1868 propter
322 1797 462 1869 populum
474 1795 679 1871 Christianum,
694 1801 725 1856 in
739 1819 796 1876 quo
808 1801 866 1858 Dei
876 1800 986 1860 Civitas
998 1821 1049 1878 pe-

30 1880 194 1956 regrinatur
207 1879 238 1934 in
251 1879 348 1949 terris,
362 1881 387 1934 si
401 1899 517 1937 caruem
527 1880 634 1938 Christi
647 1886 679 1940 iu
687 1883 819 1941 Abrahae
830 1887 940 1942 semine
951 1888 1049 1960 roqui-

29 1979 137 2032 ramus,
149 1962 266 2016 remotis
280 1962 507 2020 concubinarum
519 1964 598 2036 filiis,
613 1967 842 2024 occurritlsaac:
857 1971 926 2026 siin
939 1971 1050 2024 semine

28 2048 121 2116 isaac,
133 2053 243 2100 remoto
255 2043 344 2116 Esau,
359 2048 408 2120 qui
422 2056 466 2102 cst
480 2049 566 2103 etiam
578 2047 681 2120 Edam,
696 2052 823 2106 occurrit
835 2049 929 2122 Iacob,
944 2053 994 2124 qui
1007 2062 1052 2106 est

28 2143 57 2187 et
71 2130 171 2186 lsrael:
199 2129 225 2182 si
238 2129 270 2184 in
283 2130 394 2184 semine
407 2129 499 2186 Isroil
510 2132 618 2204 ipsius,
635 2133 754 2187 remotis
770 2134 908 2203 caeteris,
923 2135 1052 2188 occurrit

26 2214 127 2281 ludas,
149 2213 216 2287 quia
235 2210 271 2266 de
290 2211 368 2269 tribu
384 2210 456 2268 iuda
474 2222 593 2269 exortus
614 2225 659 2270 est
676 2213 819 2270 Christus.
865 2215 906 2272 Ac
925 2233 977 2290 per
996 2213 1051 2270 hoc

25 2315 116 2373 quum
139 2297 170 2350 in
195 2295 327 2372 Aegypto
353 2297 511 2352 moriturus
537 2296 628 2354 Israiil
652 2297 729 2354 filios
760 2317 829 2354 suos
856 2298 1050 2368 benediceret,

22 2378 267 2458 quemadmodum
279 2376 379 2434 ludam
390 2377 556 2454 prophetice
570 2381 763 2453 benedixerit,
776 2381 939 2438 audiamus:
961 2378 1049 2452 Iada,

22 2467 139 2541 inquit,
164 2472 194 2519 te
213 2461 375 2519 laudabant
386 2463 515 2534 fratrer
533 2467 586 2520 tai.
619 2464 727 2521 Manus
746 2475 816 2522 tuac
830 2482 919 2540 saper
933 2466 1050 2522 doraum

22 2551 207 2607 inimicorum
221 2555 353 2602 tuorum:
367 2555 396 2602 te
409 2543 575 2603 adorabant
580 2545 646 2618 filii
651 2550 756 2624 patris
770 2547 824 2603 toi.
856 2546 978 2603 Catulus
993 2547 1051 2604 lao-

22 2629 175 2689 ciclada:
190 2649 226 2686 ea
236 2630 461 2705 germinatione,
469 2628 523 2700 fili
534 2631 583 2700 mi,
594 2630 793 2686 adeocndiati:
806 2629 972 2688 recumbant
982 2631 1051 2686 dor-

22 2719 103 2773 miati
117 2724 152 2770 at
166 2712 220 2784 leo,
235 2723 265 2770 et
277 2724 311 2769 at
323 2711 440 2768 catulae
454 2711 561 2786 leoaie,·
574 2715 638 2790 qaia
653 2712 811 2770 suscitabit
823 2709 905 2770 eam?
924 2709 988 2770 Noa
1003 2713 1052 2770 de-

22 2801 103 2857 iciet
111 2799 257 2876 princeps
267 2813 304 2852 ca
313 2792 401 2866 Iade,
415 2806 445 2852 et
454 2797 514 2853 dac
527 2795 736 2868 defemoribus
747 2797 820 2867 eiua,
834 2797 923 2853 donec
932 2797 1053 2854 veniant

22 2902 98 2960 puae
113 2882 249 2958 reposita
263 2889 332 2936 sant
346 2881 389 2936 ei:
407 2889 437 2936 et
450 2881 514 2958 iprae
528 2877 613 2956 [erit]
629 2883 813 2958 exspectatio
825 2882 973 2956 gentiam3
986 2879 1054 2936 aili-

22 2983 96 3041 ‚rane
108 2966 153 3022 ad
164 2967 255 3022 vitem
261 2962 377 3040 pallam
388 2961 482 3034 auam,
497 2974 527 3022 et
539 2963 634 3022 cilicio
641 2964 757 3042 pallam
771 2965 875 3022 asinae
888 2981 968 3022 eoae.
992 2961 1053 3020 La·

22 3051 98 3107 »abit
114 3051 146 3106 in
160 3051 229 3105 aimo
243 3047 348 3104 stolam
362 3063 461 3118 taam,
480 3058 510 3106 et
522 3051 553 3105 ia
566 3049 711 3126 sanguine
723 3069 797 3107 avae
810 3050 948 3106 amictam
962 3066 1054 3116 taam.

22 3134 106 3190 totve·
119 3131 205 3190 oculi
223 3133 285 3188 ciat
300 3150 319 3186 a
331 3132 415 3200 oiao,
438 3141 468 3189 et
486 3132 587 3189 denter
606 3133 793 3190 candidiores
811 3132 896 3189 lacte.
923 3131 1054 3208 Exposui
1099 3197 1106 3216 .

22 3237 84 3273 iaec
107 3217 258 3272 adversus
280 3211 482 3270 Manichaeum
498 3213 636 3270 Faustum
655 3215 817 3290 disputans:
850 3224 880 3270 et
899 3218 970 3270 satis
989 3232 1054 3270 esse

25 3302 163 3370 rbitror,
179 3307 320 3374 quantum
332 3297 439 3352 veritas
452 3295 619 3370 prophetiac
631 3297 720 3354 huius
734 3299 841 3352 elucet:
868 3298 919 3353 ubi
933 3307 962 3352 et
974 3314 1053 3351 mors

22 3385 129 3440 {hristi
143 3381 300 3458 praedicta
313 3389 357 3436 est
371 3379 460 3435 verbo
474 3379 670 3450 dormitionis,
695 3389 724 3436 ct
735 3397 797 3436 non
811 3382 981 3448 necessitas,
1004 3377 1055 3432 sed

22 3479 148 3524 oteatas
165 3469 200 3522 in
213 3473 324 3534 morte,
347 3464 465 3519 nomine
477 3465 580 3520 leonis.
617 3465 711 3530 Quam
723 3470 897 3536 potestatem
910 3463 941 3517 in
955 3459 1054 3516 Evan-

24 3555 91 3608 elio
111 3553 183 3626 ipse
197 3548 343 3624 praedicat
357 3545 470 3621 dicans:
495 3545 675 3604 Poteetatem
688 3545 778 3603 habeo
784 3545 917 3624 ponendi
929 3545 1056 3598 animam

22 3655 127 3705 team,
160 3644 193 3690 et
205 3640 387 3710 potestatem
399 3628 489 3687 habeo
503 3632 610 3687 iterum
627 3631 759 3686 sumendi
775 3647 847 3684 eam.
889 3623 977 3683 Nemo
992 3644 1055 3682 eam

22 3721 90 3776 ›llit
109 3737 133 3774 a
149 3735 217 3774 me:
238 3715 291 3772 aed
303 3732 355 3790 ego
370 3731 432 3770 eam
443 3731 520 3789 pono
534 3732 554 3769 a
566 3732 620 3784 mc,
634 3722 663 3769 et
677 3715 783 3770 itcram
796 3727 875 3767 camo
889 3728 960 3766 eam.
1004 3707 1055 3766 Sic

24 3825 44 3859 o
63 3802 222 3870 fremuit,
247 3799 288 3854 sic
302 3797 376 3873 quod
391 3795 466 3852 dixit
478 3797 616 3871 implevit.
659 3795 702 3852 Ad
717 3814 780 3851 eam
792 3812 915 3870 nonique
928 3795 1055 3868 pertinet

22 3894 216 3956 aestatem,
244 3881 320 3958 quod
338 3880 373 3936 de
391 3881 605 3938 resurrectione
624 3881 686 3936 eius
705 3878 874 3936 adiunctum
892 3889 952 3949 cst,
981 3875 1054 3948 Qait
