2510 4404
183 213 242 272 DE
265 215 488 274 ClvlTnTE
510 216 593 274 DEl
615 217 696 275 LlB.
719 219 818 278 XXI.
958 229 1020 290 363

32 366 225 424 runerationis
239 369 358 425 ultimus
372 369 450 440 dics,
466 371 492 424 si
504 368 560 426 hoc
574 372 713 445 temporis
727 372 882 432 intervallo
896 379 1016 452 spiritus

32 455 185 506 unctorum
198 451 340 508 eiusmodi
353 455 453 532 ignem
466 452 602 509 dicuntur
614 457 742 529 perpeti,
768 473 934 532 quem.non
947 481 1016 520 sen·
1029 516 1033 521 ,

32 543 57 590 ιι
71 534 113 588 illi
125 535 176 609 qui
188 553 249 591 non
261 533 426 593 habuerunt
438 537 511 592 tales
526 555 621 594 mores
636 546 666 593 et
678 555 791 597 amores
805 541 837 596 in
850 539 936 599 huius
951 564 1015 603 cor-

33 619 59 672 is
74 617 133 674 vita
141 655 151 685 ,
177 627 211 674 ut
223 637 325 676 eorum
337 622 436 698 ligna,
458 628 489 675 et
501 619 635 693 foenum,
649 631 681 677 et
692 624 799 696 stipula
813 637 1016 699 consumatum

42 719 113 757 vero
127 703 258 758 sentiant
270 704 320 778 qui
334 703 474 760 eiusmodi
487 721 588 760 secum
601 702 735 762 aedificia
746 717 957 781 portaverunt,
976 713 1015 769 si.-

32 785 74 839 ibi
86 792 214 856 tantsrm,
239 787 301 842 sire
315 795 345 842 et
357 785 405 842 hic
419 796 449 842 et
461 787 517 858 ibi,
540 789 603 844 sive
616 787 682 844 idco
696 785 743 844 hic
757 799 865 847 utnon
878 792 936 865 ibi,
950 811 1015 850 sae-

32 868 105 938 oria,
131 870 264 942 quamvis
283 887 300 924 a
323 869 510 926 damnatione
523 872 650 928 venialia
663 883 899 930 concremantem
916 877 1016 952 ignem

32 951 165 1006 ositoriae
178 953 376 1009 tribulationis
389 955 557 1023 inveniant,
582 973 643 1011 non
655 954 821 1033 redarguo,
846 959 915 1032 quia
926 959 1015 1016 forsi-

42 1053 144 1090 verum
161 1044 216 1090 est.
250 1035 353 1092 Potest
365 1039 470 1113 quippe
483 1036 520 1093 etl
531 1039 619 1094 istam
631 1037 854 1096 tribulationem
865 1043 1016 1116 pertinere

32 1137 67 1174 un
88 1119 151 1191 ipsa
173 1137 253 1176 mors
278 1121 391 1192 carnis,
419 1139 495 1196 quae
513 1119 548 1176 sle
567 1121 681 1196 peccati
696 1123 784 1196 primi
800 1127 1016 1198 perpetratione

34 1210 119 1276 cepta
141 1210 200 1273 est,
226 1211 261 1260 ut
281 1203 441 1261 secundum
459 1205 604 1280 cuiusque
623 1203 789 1262 aedificium
805 1214 920 1282 tempus
938 1209 1016 1284 quod

32 1305 39 1340 ι
61 1286 194 1358 sequitur
212 1286 247 1342 ab
262 1304 437 1363 unoquoque
455 1289 611 1344 sentiatur.
653 1287 878 1346 Persecutiones
901 1309 1016 1366 quoquo

32 1369 81 1424 'cus
93 1367 239 1444 Martyres
252 1373 387 1426 coronati
401 1379 486 1444 sunt',
513 1367 561 1448 [et
581 1371 741 1429 secundum
758 1373 900 1450 cuisuque
913 1374 1015 1431 aedifi-

32 1471 52 1507 n
66 1460 195 1526 tempore
207 1471 260 1510 suo
273 1454 308 1510 ab
323 1471 499 1532 unoquoque
513 1465 659 1530 suscepta.
692 1455 822 1514 Possunt
833 1467 863 1514 et
874 1475 1014 1532 persecu-

32 1553 72 1591 ιιι
85 1534 252 1607 Ecclesiae,
278 1536 382 1613 quibus
395 1548 540 1616 martyres
552 1543 686 1597 coronati
700 1535 801 1618 sunt,]
829 1550 860 1597 et
879 1560 950 1618 quas
963 1561 1015 1618 pa-

32 1628 89 1674 rtur
103 1621 268 1696 quicunque
281 1620 463 1695 Christiani,
487 1623 614 1699 probant
634 1634 757 1700 utraque
778 1623 912 1680 aedificia
935 1629 1014 1683 velut

32 1705 69 1772 is,
84 1704 183 1760 etalio
197 1714 376 1762 consumunt
390 1724 455 1763 cum
469 1709 541 1783 ipsis
554 1707 807 1778 aedificatoribus,
825 1710 852 1764 si
865 1707 1014 1766 Christum

32 1787 58 1840 is
73 1803 132 1841 non
145 1787 303 1846 inveniunt
311 1788 550 1864 fundamentum
564 1793 622 1850 alia
635 1793 700 1849 sine
710 1779 793 1868 ipsis,
806 1793 833 1847 si
846 1793 1013 1864 inveniunt,

32 1890 38 1924 ι
52 1871 125 1925 licet
138 1888 202 1927 oum
215 1870 321 1930 damno
332 1874 407 1930 salvi
419 1885 507 1932 erunt
519 1877 589 1950 ipsI:
604 1877 662 1933 alia
671 1895 742 1934 vcro
754 1893 815 1932 non
825 1885 1013 1947 consumunt,

32 1973 38 2008 ι
54 1954 126 2009 talia
139 1957 291 2030 reperiunt
304 1975 378 2032 quae
391 1967 529 2015 maneant
541 1961 573 2014 in
586 1967 739 2014 aeternum
762 1956 851 2034 [quia
864 1960 935 2014 licet
948 1979 1012 2014 omn

32 2053 75 2092 no
89 2038 162 2114 salvi
176 2048 277 2096 erunt:
291 2041 348 2113 ipsi
361 2057 421 2095 non
435 2049 660 2112 consumentur,
673 2049 793 2114 propter
807 2037 917 2096 Christi
930 2041 1012 2096 vide·

32 2131 38 2176 t
52 2121 190 2177 meritum
203 2123 236 2178 in
249 2121 471 2179 fundamentum
484 2124 605 2198 reperti,
619 2125 670 2197 qui
681 2129 782 2178 manet
790 2123 822 2176 in
836 2119 1012 2196 aeternuml.

32 2224 34 2252 :
48 2205 138 2260 etiam
151 2205 183 2261 in
194 2205 255 2262 fine
269 2207 381 2263 saeculi
392 2204 545 2261 tribulatio
558 2213 689 2278 tempore
701 2201 892 2275 Antichristi‚
916 2207 1012 2280 qualis

32 2305 119 2362 quam
138 2297 227 2345 anteo
244 2289 310 2346 suit.
355 2289 450 2355 Quom
466 2289 558 2343 multa
578 2295 669 2343 erunt
688 2293 761 2342 tuno
774 2283 923 2359 aedificia,
950 2289 1012 2344 sive

32 2390 74 2442 eo,
90 2372 153 2428 sive
167 2372 275 2429 foenea
288 2389 376 2446 super
387 2371 529 2446 optimum
541 2368 775 2440 fundamentum,
790 2368 867 2444 quod
878 2370 1012 2428 estChri·

40 2455 142 2526 Iesus,
169 2457 296 2534 utignis
314 2457 364 2511 ille
381 2453 487 2530 probet
503 2463 644 2528 utraque,
669 2461 700 2509 et
721 2452 756 2508 sle
775 2455 840 2508 aliie
859 2455 1010 2531 gaudium,

32 2540 88 2594 sliis
108 2537 220 2595 inferat
236 2538 389 2611 damnum3
415 2547 537 2595 neutros
549 2545 649 2594 tomen
661 2535 765 2612 perdat
777 2537 809 2592 in
823 2537 928 2610 quibus
941 2537 1011 2593 hoec

32 2625 112 2694 niet,
126 2631 248 2698 propter
261 2621 365 2679 stabile
381 2607 615 2678 laudamentum.
640 2621 812 2694 Quicunque
825 2628 936 2692 autem,
950 2639 1009 2677 non

44 2724 186 2778 uxorem,
206 2707 290 2763 cuius
302 2706 391 2762 etiam
404 2706 613 2762 commixtione
626 2705 725 2762 carnis
739 2703 776 2760 ad
790 2705 938 2760 carnalem
949 2707 1011 2760 uri·

32 2792 229 2865 voluptatem,
256 2789 308 2846 sed
330 2791 395 2864 ipsa
418 2807 494 2866 quae
516 2789 552 2846 al>
574 2787 740 2846 huiusmodi
762 2787 1008 2847 delectationibus

32 2893 61 2929 ιιι
76 2882 147 2929 sunt
158 2875 279 2930 nomina
291 2875 427 2950 pietatis,
442 2871 568 2932 humano
580 2892 662 2931 more
676 2875 835 2931 carnaliter
847 2871 1009 2953 diligendo,

36 2967 84 3014 sto
98 2959 271 3034 anteponit,
290 2975 351 3016 non
365 2977 430 3016 eum
443 2956 532 3015 habet
542 2959 575 3015 in
590 2957 798 3031 fundamento,
825 2966 855 3014 et
868 2957 934 3015 idco
948 2979 1008 3015 non

32 3043 133 3117 ignem
146 3043 246 3100 salvus
260 3044 333 3116 erit,
348 3042 400 3098 sed
413 3045 512 3100 salvus
526 3061 587 3100 non
601 3044 674 3116 erit,
698 3044 767 3118 quia
781 3061 847 3098 esse
861 3061 927 3099 cum
941 3041 1009 3099 Sal-

32 3143 65 3178 re
80 3143 141 3181 non
154 3128 278 3200 poterit,
298 3129 349 3200 qui
362 3126 398 3180 de
411 3124 465 3182 hoc
478 3143 512 3179 re
525 3127 709 3198 apertissime
722 3127 847 3200 loquens
861 3128 919 3194 ait,
949 3125 1011 3194 Qus

33 3217 46 3263 t
54 3218 181 3283 patrem
196 3218 250 3264 aut
261 3219 388 3264 matrem
395 3207 468 3282 plus
483 3223 571 3281 quam
583 3227 638 3279 me,
652 3227 708 3263 aon
722 3219 767 3264 eet
780 3225 824 3263 me
838 3209 945 3281 dignos
954 3227 964 3262 .·
979 3219 1009 3263 et

32 3299 112 3346 emet
123 3289 226 3361 filium
240 3299 295 3345 out
307 3287 410 3358 filiam
423 3303 513 3363 super·
526 3307 585 3358 mo,
611 3307 668 3345 non
681 3299 727 3344 eat
739 3307 784 3344 me
797 3289 913 3362 dignos.
949 3287 1008 3342 Ve-
1045 3353 1049 3360 ¹

49 3375 101 3446 qui
118 3371 171 3427 hae
188 3369 425 3426 necessitudines
447 3371 491 3424 sio
505 3379 583 3426 amat
596 3369 773 3440 carnaliter,
800 3378 833 3424 ut
846 3378 945 3424 tamen
960 3387 1007 3425 eas

33 3464 80 3508 sto
102 3454 232 3510 Domino
255 3471 316 3509 non
340 3461 515 3527 praeponat,
540 3453 678 3528 malitque
702 3453 773 3526 ipsis
797 3469 898 3507 carere
922 3459 1019 3526 quam*

33 3545 98 3607 sto,
125 3538 153 3592 si
165 3537 202 3594 ad
214 3534 292 3592 huuc
306 3535 399 3592 fuerit
412 3537 567 3593 articulum
580 3536 754 3592 tentationis
769 3533 929 3606 adductus,
954 3551 1014 3608 per·
1032 3603 1037 3608 ᾖ

34 3640 64 3676 ιιι
89 3621 189 3676 salvus
207 3621 284 3676 erit:
311 3621 381 3694 quia
401 3637 439 3675 ex
457 3637 558 3676 eorum
575 3619 733 3676 amissione
756 3625 871 3674 tanturn
884 3635 1006 3674 necesse

32 3713 91 3762 oret
105 3702 205 3776 dolor,
220 3713 364 3778 quantum
377 3699 514 3760 haeserat
527 3721 616 3760 amor.
641 3701 731 3757 Porro
746 3702 796 3776 qui
808 3709 931 3775 patrem,
944 3719 1006 3758 ma-

32 3829 50 3860 .,
79 3787 174 3859 filios,
203 3788 279 3844 filies
293 3786 454 3844 seeundum
463 3779 608 3840 Christum
616 3785 769 3856 dilexerit,
787 3793 821 3840 ut
834 3783 870 3840 ad
883 3787 945 3841 eius
958 3803 1007 3840 re·

32 3893 53 3930 ιι
67 3872 260 3931 obtinendum
272 3873 357 3949 cique
368 3869 581 3929 cohaerendum
587 3871 645 3928 illis
657 3869 800 3942 consulat,
812 3860 955 3926 relhocin
964 3869 1006 3924 eis
