2586 4396
230 215 292 270 210
460 204 557 264 DlVI
578 201 769 262 AVRElrll
792 195 1048 260 AVGVS'TlNl

232 359 453 440 praeponendos
468 357 685 429 existimemus,
708 355 826 413 omnino
839 351 999 409 ridiculum
1012 353 1064 406 est.
1108 345 1172 408 Hoe
1187 355 1266 410 enirn

232 457 318 524 paeto
332 445 416 501 nobis
431 451 461 499 et
474 442 572 499 omnia
583 439 718 498 volatilia
729 438 943 514 praeponimus.
987 433 1027 490 At
1044 435 1123 490 enirn
1134 438 1267 492 volatilia

231 546 299 586 eum
315 527 442 585 volando
462 525 642 602 fatigantur,
666 524 715 580 tel
732 519 922 578 reficiendum
935 519 1082 574 alimentis
1097 537 1199 593 eorpus
1211 519 1265 576 ba-

231 613 321 682 bent,
347 621 458 667 terram
466 616 624 682 repetunt,
649 608 697 664 rel
710 605 748 662 ad
758 606 904 680 requiem,
922 603 971 660 vel
983 601 1020 658 ad
1032 611 1161 676 pastum;
1188 604 1268 678 quod

233 693 577 768 daemones,·inquiunt,
590 709 651 746 non
662 689 786 746 fatiunt.
813 685 1046 764 Numquid-ergo
1059 687 1154 760 plaeet
1167 687 1218 758 eis,
1233 699 1268 742 ut

232 779 366 837 volatilia
378 776 480 846 nobis,
506 773 660 830 daemones
674 781 773 829 autem
786 773 874 828 etiarn
886 769 1054 827 volatilibus
1068 767 1265 826 antecellant?

232 860 317 929 Quod
331 861 356 916 si
367 859 615 916 dementissimum
625 866 671 912 est
678 857 803 930 opinari,
816 852 1031 930 nihilestquod
1041 853 1077 908 de
1087 851 1267 910 habitatione

232 945 393 1018 superioris
408 942 559 1012 elementi,
587 941 692 1019 dignos
707 956 772 995 esse
785 933 1172 1008 daemonesexistinremus',
1199 940 1265 1012 qui-

231 1026 286 1084 bus
301 1044 354 1082 nos
366 1027 519 1104 religionis
532 1020 638 1080 affeetu
651 1022 952 1080 subdere'debeamus.
996 1019 1082 1079 Sient
1103 1022 1180 1076 enim
1200 1020 1267 1078 fieri

231 1111 344 1184 potuit,
371 1119 405 1165 ut
428 1110 525 1165 striae
548 1109 682 1164 volueres
704 1107 893 1164 terrestribus
911 1105 1001 1162 inobis
1015 1123 1075 1161 non
1089 1106 1266 1161 selumnon

232 1193 456 1267 praeferantur,
480 1209 583 1248 rerum
598 1192 686 1248 etiam
699 1191 895 1248 subiicientur
906 1189 1187 1266 proptarrationalis
1201 1191 1266 1244 ani-

231 1295 313 1348 mae,
343 1294 417 1351 quae
429 1278 462 1332 in
475 1276 560 1334 nobis
575 1285 636 1349 est,
663 1275 853 1354 dignitatem,
880 1277 922 1330 ita
934 1274 1000 1330 fieri
1016 1274 1129 1349 potuit,
1150 1280 1183 1330 ut
1194 1271 1266 1327 dae-

231 1379 352 1434 mones,
366 1362 498 1438 quamvis
512 1365 606 1440 magis
621 1363 695 1416 atrii
708 1362 784 1431 sint,
805 1358 996 1415 terrestribus
1010 1357 1111 1428 nobis,
1128 1372 1184 1412 non
1198 1355 1267 1413 ideo

232 1447 369 1502 meliores
396 1448 471 1518 sint,
497 1447 567 1520 quia
592 1453 638 1500 est
663 1449 714 1500 atr
737 1458 823 1518 quam
848 1451 929 1498 terre
953 1443 1102 1516 superior;
1128 1439 1178 1496 sed
1200 1439 1267 1496 ideo

234 1531 276 1585 eis
300 1527 432 1587 homiues
454 1527 640 1602 praeferendi
662 1527 737 1598 sint,
764 1527 902 1600 quoniam
919 1526 982 1600 spel
994 1527 1109 1600 piorum
1120 1522 1269 1582 bominum

233 1630 418 1687 nequaquam
440 1613 559 1667 illorum
582 1611 748 1686 desperatio
772 1609 966 1684 comparanda
989 1617 1052 1666 est.
1086 1607 1161 1666 Nam
1175 1617 1206 1664 et
1217 1610 1270 1664 illa

233 1697 310 1751 ratio
323 1693 471 1766 Platonis,
498 1711 556 1769 qua
575 1695 720 1750 elementa
738 1701 862 1768 quatuor
876 1695 1065 1768 proportione
1079 1693 1210 1752 contexit
1223 1702 1266 1748 at-

234 1795 291 1852 que
304 1777 436 1850 ordinat,
462 1778 505 1833 ita
522 1775 638 1832 duobus
653 1778 810 1847 extremis,
836 1778 902 1855 igni
917 1777 1107 1833 mobilissimo
1126 1786 1156 1832 et
1172 1787 1269 1832 terrae

233 1860 485 1918 immobilimedia
498 1860 556 1916 duo
572 1865 670 1916 adrem
683 1870 713 1916 et
725 1877 831 1936 aquam
842 1862 1036 1932 interserens,
1049 1869 1083 1916 ut
1095 1869 1204 1936 quanto
1217 1865 1269 1916 atr

235 1953 281 1999 est
299 1945 382 2019 aquis
402 1953 433 2000 et
444 1949 513 2000 atre
526 1945 621 2022 ignis,
647 1953 731 2002 tanto
746 1953 776 2001 et
787 1961 881 2020 aquae
901 1945 1068 2020 superiores
1083 1945 1143 2000 sint
1164 1946 1268 2014 terris3

167 2033 172 2044 “
234 2028 306 2084 satis
321 2045 374 2084 nos
389 2025 527 2084 admonet
539 2029 710 2084 animalium
721 2029 827 2085 merito
840 2047 901 2086 non
913 2047 966 2103 pro
990 2026 1127 2106 gradibus
1141 2029 1269 2086 elemen-

232 2121 332 2168 torum
346 2113 508 2168 aestimare.
552 2110 593 2168 Et
608 2112 672 2187 ipse
683 2113 789 2188 quippe
802 2112 941 2186 Apuleius
956 2129 1023 2168 eum
1037 2113 1161 2169 coeteris
1175 2121 1270 2168 terre-

234 2204 295 2250 stre
310 2197 419 2250 animal
430 2194 579 2252 hominem
592 2193 680 2266 dieit,
707 2197 759 2270 qui
772 2205 874 2252 *nmen
887 2197 984 2274 longe
1001 2197 1193 2272 praeponitur
1205 2198 1269 2252 ani-

233 2279 360 2334 malibus
385 2279 590 2352 aquatilibus,
608 2297 675 2335 eum
693 2279 772 2352 ipsas
789 2295 881 2354 aquas
894 2281 1157 2355 terris‘praeponat
1170 2278 1269 2336 Plato:

233 2369 267 2416 ut
290 2361 507 2440 intelligamus,
531 2381 593 2418 non
607 2363 731 2420 eundem
744 2363 878 2420 ordinem
890 2363 1065 2435 tenendum,
1093 2381 1158 2419 eum
1171 2366 1271 2442 egitur

235 2445 271 2500 de
292 2447 406 2500 meritis
429 2446 607 2503 animarum:
635 2447 687 2522 qui
704 2445 823 2504 videtur
843 2465 906 2502 esse
921 2447 991 2504 ordo
1006 2449 1037 2504 in
1051 2446 1190 2526 gradibus
1205 2466 1270 2504 eor-

234 2543 351 2604 porum3
378 2527 430 2584 sed
442 2528 517 2586 lieri
533 2547 635 2604 posse,
661 2538 695 2586 ut
707 2529 830 2586 inferius
846 2549 949 2606 eorpus
960 2533 1058 2588 anirsre
1069 2532 1175 2589 melior
1188 2530 1270 2590 inha-

234 2609 322 2684 bitet,
345 2612 532 2688 deteriorque
545 2616 688 2690 superius.

618 2765 742 2822 CAP.
785 2764 893 2826 XVl.

232 2895 236 2903 .
270 2855 342 2920 Quid
352 2859 382 2909 de
392 2859 602 2927 retribuensque
612 2861 763 2915 actionibus
774 2865 930 2944 daemonum
935 2863 1065 2932 Apuleius
1075 2863 1239 2920 Platorium

692 2943 815 2986 senserat.

297 3031 343 3088 De
353 3035 485 3091 moribus
499 3055 570 3114 ergo
584 3035 756 3097 daemonum
770 3059 837 3098 eum
856 3041 934 3098 idem
946 3040 1117 3098 Platonicus
1137 3045 1275 3120 loquere·

235 3124 297 3190 tur,
324 3115 411 3189 dixit,
442 3137 491 3174 eos
507 3119 617 3176 eisdem
631 3124 736 3198 quibus
749 3123 882 3180 homines
896 3127 988 3182 anirui
1000 3126 1273 3200 perturbationibus

234 3200 353 3276 agitari,
379 3203 491 3258 irritari
504 3205 639 3278 iniuriis,
666 3208 813 3284 obsequiis
829 3207 972 3284 donisque
985 3211 1112 3283 placari,
1142 3211 1275 3289 gaudere

232 3281 402 3356 bonoribus,
422 3285 546 3344 diversis
560 3307 710 3348 sacrorum
723 3293 830 3349 ritibus
846 3293 995 3364 oblectari,
1013 3295 1088 3349 etin
1102 3296 1147 3350 eis
1161 3297 1189 3350 si
1203 3294 1275 3371 quid

232 3367 399 3443 neglectum
410 3369 510 3444 fuerit,
537 3375 723 3432 eommoveri.
767 3373 849 3434 luter
869 3383 987 3433 eaetere
1013 3379 1101 3432 etiam
1124 3377 1210 3450 dieit,
1239 3379 1275 3434 ad

233 3467 282 3505 eos
295 3452 445 3524 pertinere
458 3454 655 3514 divinationes
669 3474 823 3535 augurum,
837 3458 1039 3535 haruspieum,
1052 3470 1172 3533 vatum,
1185 3467 1275 3537 atque

232 3535 428 3593 somniorum:
456 3538 490 3593 ab
504 3536 550 3595 his
567 3556 682 3615 quoque
696 3559 761 3596 esse
773 3544 915 3598 miracula
927 3561 1090 3622 magorum.
1135 3543 1275 3601 Breviter

231 3626 329 3672 autem
342 3636 392 3675 eos
407 3619 551 3678 definiens
569 3624 622 3694 ait,
649 3623 817 3681 Daemones
832 3643 896 3681 esse
910 3645 1020 3704 genere
1033 3627 1193 3700 animalia,
1208 3623 1275 3684 anil

230 3717 279 3754 mo
293 3702 423 3774 passiva,
443 3714 541 3760 mente
554 3696 723 3779 rationalia,
746 3725 867 3784 eorpore
880 3713 971 3782 atria,
987 3720 1119 3784 tempere
1134 3711 1275 3772 aeternat

229 3779 334 3838 horum
346 3801 417 3841 roro
431 3788 575 3862 quinque,
588 3790 647 3844 tria
660 3791 759 3863 priora
772 3792 830 3848 illis
844 3810 908 3848 esse
922 3809 997 3870 quoe
1010 3795 1107 3866 uobis,
1135 3775 1275 3872 quarturd

231 3867 394 3939 proprium,
420 3870 556 3942 quintum
570 3889 621 3928 eos
636 3892 701 3932 eum
716 3873 771 3932 diis
785 3875 892 3933 hebere
904 3895 1065 3936 eommune.
1110 3877 1173 3936 Sed
1186 3875 1275 3942 vided
