2586 4396
257 253 315 313 DE
339 253 560 315 clvlustn
583 255 660 314 DEI
689 255 767 313 ΗΒ.
790 255 861 314 XV.
1020 264 1059 321 37

33 409 129 472 randa
142 409 193 466 vel
207 405 294 464 duces
306 409 477 484 populorum
488 409 536 466 vel
548 416 706 466 sectatores
719 407 849 468 fuerunt:
869 425 898 474 cs
911 417 1062 477 coluerunt

31 509 124 575 atque
136 493 308 550 servierant
320 501 478 550 nacturos
483 492 587 570 potios
600 509 685 570 qaum
697 490 844 566 Creatori,
858 499 909 576 qai
919 510 964 558 cst
977 500 1061 560 donc·

31 581 132 639 ds'ctsss
154 578 187 632 iss
206 573 335 634 acaoalc.
372 573 407 631 ln
423 573 477 632 hac
496 583 592 632 autem
608 577 686 631 nulla
704 585 750 632 est
764 574 891 639 hominis
908 584 1061 658 sapientia,

32 665 92 721 nisi
105 662 217 737 pietas,
244 675 301 734 qua
314 667 394 716 reete
407 660 513 716 colitur
524 677 613 716 verus
626 655 722 731 Deus,
748 659 777 715 id
793 675 965 740 exspectans
977 684 1061 742 prac-

33 749 127 803 mium
151 746 183 800 in
208 744 348 799 societate
367 752 550 816 sanctorum,
578 761 638 799 non
660 744 754 800 solum
773 743 936 821 hominum,
963 768 1063 807 verum

34 832 125 887 etiam
138 827 327 905 Angelorum,
340 835 374 884 ot
388 828 429 884 sit
441 825 523 886 Deos
537 829 633 884 omnia
645 827 676 882 s'ss
690 827 826 886 omnibus.

45 1011 1052 1044 mwwwmwmwwmwmmww

229 1141 373 1214 LIBER
405 1142 614 1232 QVINTVS
640 1144 869 1220 DECIMVS.

418 1311 623 1372 CAPVT
661 1315 682 1371 Ι,

37 1410 194 1465 Deductus
204 1408 340 1463 ordinibus
347 1409 532 1479 generationis
542 1409 674 1536 honqqqsce
688 1413 717 1466 iu
732 1414 846 1467 diversos
854 1413 926 1486 fiaes
941 1411 974 1465 ad
987 1411 1067 1467 initio

456 1497 586 1550 procurre
618 1499 649 1534 cs.

35 1569 389 1660 Defelicitateparadisi,
400 1588 447 1644 vel
454 1586 489 1643 de
498 1588 561 1662 ipso
567 1587 712 1663 paradiso,
720 1589 1073 1666 etdesitaibiprimorusn'

35 1673 200 1742 hominum,
215 1689 371 1746 eorumque
380 1680 498 1745 peccato
511 1679 598 1747 atquc
613 1674 765 1748 supplicio,
779 1675 863 1731 multi
871 1675 962 1732 multe
968 1691 1068 1730 sense·

36 1765 120 1827 runt,
130 1756 221 1812 multa
231 1753 381 1826 dixerunt,
390 1756 481 1812 multu
490 1756 584 1812 literis
593 1757 812 1815 mandaverunt.
826 1757 887 1816 Nos
897 1776 1012 1834 quoque
1022 1775 1069 1813 se-

38 1839 164 1898 cundum
177 1837 344 1911 Scripturas
355 1847 482 1910 sanctas,
496 1841 544 1896 vel
555 1839 632 1915 quod
644 1842 728 1899 ineis
741 1843 875 1920 legimus,
888 1843 934 1900 vel
943 1839 1019 1918 quod
1033 1858 1071 1896 ex

37 1927 80 1981 eis
94 1923 264 2000 intelligere
276 1923 431 1996 potuimus,
456 1939 554 1980 earum
567 1935 762 2004 congruentes
775 1926 958 1998 auctoritati,
978 1922 1071 1981 dehis

36 2009 126 2065 rebus
139 2008 173 2062 in
186 2005 386 2080 superioribus
399 2005 480 2062 libris
493 2006 629 2064 diximus.
664 2007 852 2066 Enucleatins
867 2019 964 2065 autem
977 2010 1003 2064 si
1015 2009 1072 2063 ista

37 2099 234 2169 quaerantur,
248 2090 420 2164 multiplices
432 2099 518 2166 atque
530 2091 713 2148 multimodas
726 2093 844 2170 pariunt
853 2091 1072 2165 disputationes,

38 2194 116 2252 quae
139 2173 270 2249 pluribus
289 2173 465 2231 intexendae
488 2182 558 2230 sunt
575 2175 788 2248 voluminibus,
814 2193 899 2252 quam
919 2172 974 2230 hoc
998 2191 1072 2248 opus

38 2271 214 2332 tempusque
226 2255 365 2332 deposcit.
379 2256 463 2324 Quod
477 2275 535 2314 nun
549 2259 591 2314 ita
604 2259 719 2338 largum
731 2257 880 2332 habemus,
893 2267 926 2316 ut
936 2259 968 2314 in
978 2258 1072 2314 oroni-

38 2346 95 2401 bus
109 2359 183 2418 quae
194 2349 320 2418 posunt
330 2343 481 2418 requirere
499 2343 586 2399 otiosi
603 2352 633 2398 et
652 2345 830 2420 scrupulosi,
855 2344 1016 2420 paratiores
1036 2341 1073 2397 ad

39 2424 295 2504 interrogandum,
309 2443 394 2501 quam
403 2427 567 2501 capaciores
578 2426 614 2483 ad
625 2427 858 2504 intelligendum,
871 2445 925 2484 nos
940 2433 1074 2500 oporteat

39 2511 201 2568 immorari.
233 2507 366 2565 Arbitror
379 2517 488 2580 nmen,
502 2511 573 2565 satis
587 2527 642 2565 nos
655 2509 832 2566 iam-facisse
845 2510 960 2586 magnis
974 2517 1004 2562 et
1016 2505 1068 2562 dii·

41 2595 179 2652 ficillimis
199 2591 418 2668 quaestionibus
437 2591 473 2647 de
491 2593 577 2650 initio
595 2595 643 2649 vel
661 2592 776 2664 mundi,
802 2593 850 2649 vel
870 2593 1000 2660 enimse,
1025 2590 1073 2646 sel

41 2680 139 2754 ipsius
153 2677 268 2755 generis
281 2674 414 2732 humani:
429 2675 506 2751 quod
518 2676 550 2732 in
564 2675 620 2732 duo
634 2694 745 2754 genera
758 2675 970 2746 distribuimus;
984 2691 1074 2730 unum

43 2779 151 2819 eorum
163 2763 210 2836 qui
226 2759 386 2817 secundum
399 2758 562 2832 hominem,
588 2761 711 2816 alterum
730 2777 829 2817 eorum
846 2760 895 2836 qui
917 2755 1074 2814 secundum

42 2847 145 2904 Deum
157 2845 267 2901 visunt.
302 2845 381 2911 Quas
401 2845 487 2900 etiarn
504 2844 627 2920 mystice
647 2845 822 2919 appellamus
837 2841 976 2902 Civitates
990 2839 1073 2912 duos,

42 2930 101 2987 hcc
115 2937 169 3000 cst,
194 2927 267 2985 duas
281 2929 436 2984 societates
450 2926 613 2986 hominum:
636 2945 757 3003 quarum
771 2936 887 2986 estona
901 2945 975 3004 quae
989 2942 1073 3002 prac-

42 3015 190 3072 destinata
208 3013 303 3068 estin
320 3020 470 3068 aeternum
487 3031 613 3092 regnare
633 3030 698 3069 cum
710 3011 791 3086 Deo,
816 3015 908 3071 altera
925 3019 1074 3068 aeternum

40 3099 216 3174 supplicium
230 3095 327 3152 subire
340 3113 405 3152 cum
418 3095 542 3153 diabolo.
564 3093 623 3154 seo
635 3097 692 3152 ista
704 3096 772 3154 finis
786 3107 831 3154 ιιι
844 3115 954 3167 eorum,
967 3093 1003 3150 dc
1017 3111 1074 3168 quo

37 3191 107 3259 post
118 3177 300 3257 loquendum
313 3187 365 3234 est.
387 3178 471 3235 Nunc
484 3189 582 3236 autem
594 3182 731 3256 quoniam
745 3181 780 3236 dc
794 3189 898 3236 exortu
912 3196 1020 3246 earum,
1034 3178 1074 3231 si-

39 3285 79 3323 ve
92 3269 124 3323 in
138 3264 266 3342 angelis,
280 3279 401 3337 quorum
414 3279 549 3319 numerus
561 3263 714 3342 ignoratur
727 3281 744 3318 a
757 3262 856 3334 nobis,
879 3264 943 3319 sive
956 3262 988 3317 in
1002 3259 1073 3315 duo-

38 3351 97 3406 bus
109 3349 213 3425 primis
227 3343 405 3418 hominibus,
419 3346 490 3402 satis
503 3344 612 3402 dictum
626 3356 680 3419 est,
694 3349 752 3402 iam
764 3343 836 3400 mihi
848 3345 963 3402 videtur
977 3359 1075 3398 earum

37 3429 265 3511 aggrediendus
288 3447 443 3501 excursus,
472 3446 509 3486 ax
532 3447 589 3505 quo
610 3431 654 3486 illi
672 3429 728 3486 duc
745 3445 887 3506 generare
905 3433 1075 3498 coeperunt,

38 3518 140 3574 donec
150 3515 289 3572 homiues
302 3532 443 3592 generare
457 3511 620 3569 cessabunt·
651 3510 717 3570 Hoc
730 3513 808 3570 enirn
820 3511 988 3566 universum
1001 3515 1075 3560 tem-

34 3619 109 3680 pus,
124 3603 187 3659 sive
200 3599 361 3669 saeculum,
374 3598 473 3673 inquo
487 3594 593 3654 cedunt
605 3598 774 3668 morientes,
797 3591 1011 3665 succeduntque
1025 3602 1076 3643 ns-

36 3695 173 3758 scentes,
193 3685 318 3739 istarum
331 3679 451 3738 duarum
464 3677 620 3738 civitatum
634 3678 670 3738 de
683 3677 788 3756 quibus
801 3677 996 3751 disputamus,
1023 3689 1075 3728 ex-

35 3787 146 3828 cursus
160 3778 216 3826 est.

107 3852 203 3911 Natus
225 3857 272 3906 est
289 3849 381 3926 igitur
398 3848 478 3922 prior
490 3845 563 3904 Cain
577 3865 614 3904 ax
634 3849 692 3904 illis
706 3843 814 3902 duobus
828 3843 944 3923 generis
958 3839 1076 3896 hunsani

33 3937 233 4017 parentibus,
252 3933 403 4008 pertinens
416 3930 452 3987 ad
465 3929 612 3992 hominum
625 3931 789 4004 Civitatem,
801 3928 944 4003 posterior
957 3923 1027 3982 Abel
1040 3919 1076 3978 ad
