2530 4392
196 237 257 294 262
424 227 525 287 DlVl
554 221 742 284 AVRELll
766 217 1028 281 Avavsrlnt

198 387 356 446 tinentiurn
371 383 454 439 velut
466 378 566 436 diviua
578 391 735 452 response,
763 383 796 430 ut
807 375 872 447 ipse
883 371 973 430 verba
987 372 1075 444 eius,
1103 373 1244 448 quemad-

198 470 313 528 modum
329 482 366 523 ex
379 463 481 542 lingue
495 461 609 518 Graece
622 462 654 516 in
666 457 802 516 Latinam
814 458 1008 532 inter-pretate
1021 465 1108 529 sunt,
1121 475 1243 532 ponam:

200 550 438 628 „Inter-roganti,
467 547 577 619 lnquit,
604 558 691 618 quens
708 541 805 599 Deum
821 539 963 615 pleeando
981 557 1134 596 revocare
1155 543 1243 614 possit

197 650 343 710 ,‚uxorem
357 648 438 688 suam
451 627 711 697 aChristianisme,
725 623 797 680 haee
807 625 849 679 eit
857 623 990 680 versibus
1002 623 1125 698 Apollo.
1150 623 1238 681 Dein-

156 725 157 734 *
198 719 256 792 „de
269 717 359 774 verba
370 715 451 771 velut
460 711 606 784 Apollinis
619 711 677 764 ista
690 717 772 764 sunt:
785 707 872 763 Forte
882 707 977 784 magis
989 707 1108 782 poteris
1123 709 1158 764 in
1171 725 1238 782 squs

198 801 371 876 „impressis
389 793 483 851 literis
496 793 641 864 seribere,
663 801 714 848 aut
726 788 870 847 adinflans
883 806 996 866 pennas
1010 792 1093 846 leves
1108 807 1165 866 per
1177 796 1238 846 aire

198 895 256 957 „ut
279 883 341 938 avis
362 881 477 948 volere,
505 892 592 950 quam
616 876 744 949 pollutae
761 889 882 930 revoces
908 874 1014 947 impiae
1039 877 1151 930 uxoris
1176 893 1236 928 sen·

211 985 297 1038 ‚sum
340 962 449 1038 Pergat
462 959 605 1035 quemodo
620 961 682 1015 vult
696 958 833 1013 inanibus
847 957 969 1014 fallaciis
981 970 1196 1032 perseverans,
1211 967 1238 1010 et

198 1045 478 1121 „lamentationibus
490 1043 686 1099 fallacissimis
699 1051 848 1097 mortuum
861 1039 958 1098 Deum
971 1049 1115 1113 cantans,
1131 1057 1238 1116 quens

199 1129 367 1204 „iudicibus
388 1135 470 1184 reeta
493 1123 688 1182 sentientibus
709 1124 871 1200 perditum,
896 1124 1025 1198 pessima
1049 1121 1083 1180 in
1104 1125 1239 1200 speciosis

200 1214 302 1287 „ferre
317 1215 419 1268 iunets
432 1225 510 1267 mers
524 1209 713 1265 interfecit.“
757 1205 874 1264 Deinde
889 1216 956 1282 post
967 1205 1020 1263 hos
1034 1225 1145 1264 versus
1158 1207 1238 1281 Apel-

198 1297 289 1369 linis,
304 1298 354 1371 qui
367 1312 428 1352 non
441 1303 539 1352 stante
551 1299 646 1349 metro
660 1291 764 1349 Latine
777 1292 964 1366 interpretati
977 1299 1068 1362 sunt,
1087 1291 1238 1347 subiunxit

200 1391 289 1456 etque
302 1381 357 1436 eit:
385 1375 441 1451 „ln
454 1377 500 1434 his
514 1377 631 1452 quidem
644 1373 919 1453 tergiversationem
931 1373 1163 1430 irremediabilis
1177 1391 1237 1429 sen·

201 1466 335 1537 „tentiae
354 1478 456 1523 eoram
474 1458 691 1531 manifestarit,
718 1456 836 1528 disens,
860 1459 1008 1524 Quoniam
1027 1456 1134 1513 ludaei
1152 1459 1237 1514 susei-

201 1549 309 1622 „piunt
326 1544 423 1602 Deum
439 1547 534 1622 magis
555 1560 642 1618 quam
659 1543 746 1598 isti.“
789 1540 868 1596 Eeee
892 1541 942 1597 ubi
965 1540 1144 1598 decolorans
1163 1539 1237 1598 cin-

201 1639 294 1698 stmn,
320 1627 443 1682 ludaeos
468 1627 636 1700 praeposuit
659 1623 850 1691 Christianis,
875 1623 1020 1681 confitens
1042 1625 1124 1698 quod
1149 1624 1237 1680 ludaei

201 1711 364 1782 suscipiant
376 1708 481 1764 Deum.
525 1707 577 1764 sie
597 1709 675 1762 enim
694 1709 831 1781 exposuit
849 1725 952 1762 versus
972 1707 1138 1782 Apollinis,
1166 1708 1236 1762 ubis

200 1790 346 1848 iudicibus
364 1799 446 1844 reeta
464 1787 659 1844 sentientibus
674 1781 822 1846 Christum
841 1790 912 1845 dieit
929 1791 1076 1860 occisum,
1102 1800 1236 1864 nmquam

200 1867 259 1930 illis
273 1873 350 1928 iuste
363 1871 695 1942 iudicantibus,'merite
709 1873 749 1928 sit
761 1873 811 1928 ille
825 1867 950 1948 punitus.
995 1871 1115 1928 Viderit
1129 1873 1197 1948 quid
1207 1871 1236 1926 de

202 1956 318 2014 Christo
332 1964 415 2012 vates
430 1954 558 2011 mendax
570 1955 715 2028 Apollinis
733 1954 860 2027 dixerit,
886 1966 971 2031 etque
994 1957 1052 2012 iste
1072 1956 1236 2024 crediderit,

201 2050 254 2097 sut
266 2039 392 2096 sortasse
405 2047 517 2108 vatem,
544 2037 621 2114 quod
634 2049 696 2095 non
710 2038 800 2111 dixit,
819 2040 929 2096 dixisse
941 2041 997 2096 iste
1010 2041 1076 2113 ipse
1089 2040 1236 2096 confinxe-

201 2125 255 2182 rit:
270 2138 355 2199 quem
366 2141 437 2180 rere
447 2122 503 2178 sibi
517 2126 647 2194 constet,
661 2124 710 2179 rel
723 2124 786 2197 ipsa
799 2114 917 2180 oracula
929 2125 1007 2180 inter
1020 2142 1054 2178 se
1067 2122 1163 2180 faeiat
1175 2141 1235 2179 eon·

202 2209 322 2278 venire,
348 2215 453 2280 postea
467 2205 638 2263 videbimus.
681 2205 740 2262 Hic
753 2215 852 2263 tamen
865 2205 1003 2278 ludaeos,
1029 2216 1175 2281 tanquam
1186 2205 1235 2263 Del

202 2299 400 2364 susceptores,
426 2299 507 2344 reete
522 2289 594 2346 dicit
607 2279 752 2347 iudieasse
766 2289 801 2345 de
815 2289 949 2362 Christo,
976 2289 1055 2366 qnod
1069 2307 1138 2347 eurn
1151 2301 1235 2346 morte

201 2374 328 2447 pessima
351 2371 578 2428 excruciandum
601 2389 665 2428 esse
689 2375 866 2430 censuerint.
909 2373 989 2430 Deus
1004 2376 1105 2449 itaque
1118 2372 1253 2430 iudaea·¹

201 2473 281 2526 rum,
296 2455 343 2510 eui
356 2452 489 2528 perhibet
498 2457 715 2527 testimenium,
729 2455 891 2513 audiendus
905 2455 978 2529 iun,
992 2457 1110 2514 dicens:
1139 2455 1235 2515 Serri·

195 2538 299 2613 ficone
313 2538 371 2596 diis
391 2539 610 2610 eradicabitur,
636 2541 697 2596 nisi
710 2538 836 2596 Domine
854 2550 978 2597 tentem.
1022 2539 1084 2597 Sed
1097 2539 1137 2596 ed
1151 2541 1234 2596 meni·

201 2621 323 2678 festiora
338 2623 507 2694 veniemus,
522 2631 551 2678 et
563 2621 712 2679 audiamus
725 2641 810 2698 quesn
825 2641 963 2701 magnum
976 2622 1073 2680 Deum
1087 2623 1169 2680 dieat
1180 2641 1235 2678 esse
1251 2631 1252 2693 i

201 2703 383 2762 ludaeorum.
401 2756 410 2762 .
426 2703 500 2762 Item
512 2705 549 2762 ad
561 2723 596 2762 ee
609 2724 683 2782 quae
695 2707 893 2784 interrogavit
901 2703 1082 2781 Apollinem,
1095 2708 1169 2782 quid
1182 2725 1233 2761 sne·

201 2789 271 2858 lius,
298 2788 418 2844 verbum
431 2790 494 2844 sive
507 2791 600 2859 ratio,
626 2807 665 2845 an
679 2792 743 2845 lex:
770 2788 950 2865 Respondit,
964 2792 1079 2866 inquit,
1096 2790 1232 2856 versibus,

200 2869 273 2926 haee
288 2869 397 2925 disens.
440 2869 482 2926 Ae
497 2871 600 2931 deinde
614 2871 733 2929 subiicit
745 2871 888 2947 Apollinis
900 2891 1019 2945 versus,
1045 2875 1078 2929 in
1093 2875 1199 2948 quibus
1211 2883 1232 2927 es

201 2953 251 3007 isti
264 2961 348 3020 sunt,
362 2962 395 3006 ut
408 2963 552 3025 quantum.
564 2956 635 3010 setis
650 2965 695 3012 est
706 2955 776 3012 inde
790 2955 957 3030 decerpens:
977 2956 1035 3028 „ln
1046 2955 1147 3013 Deum
1160 2975 1231 3024 rere,

200 3034 330 3106 „inquit,
344 3027 471 3110 [regern]
486 3045 703 3112 generatorem,
718 3035 772 3115 [et]
787 3041 818 3095 in
832 3058 931 3117 regem
943 3049 1015 3096 ante
1027 3042 1143 3111 emnia,
1157 3055 1231 3116 quen

201 3116 323 3188 „tremit
334 3117 464 3188 eoelum,
489 3127 519 3174 et
531 3127 626 3190 terra,
654 3130 741 3197 atque
753 3140 850 3193 mere,
876 3132 906 3178 et
923 3121 1112 3180 infernorum
1132 3125 1230 3190 ateio,

200 3208 252 3271 „et
272 3201 336 3274 ipsa
353 3201 476 3257 numina
493 3201 740 3277 perhorrescunt:
768 3223 892 3280 quorum
905 3207 954 3261 lex
966 3216 1011 3262 est
1024 3205 1130 3278 Pater,
1156 3225 1229 3282 qoem

200 3282 307 3356 „rslde
320 3285 415 3340 saneti
427 3283 576 3342 honorant
587 3285 748 3344 Hebraei.“
792 3287 859 3344 Tali
872 3290 991 3345 oraculo
1005 3289 1054 3346 dei
1066 3291 1114 3346 sui
1128 3291 1229 3366 Apolli·

199 3369 263 3439 nis,
276 3365 455 3443 Porphyrius
468 3378 528 3426 tem
541 3388 680 3448 magnum
694 3371 790 3428 Deum
804 3371 881 3428 dixit
892 3370 1115 3445 Hobrseorum,
1127 3383 1163 3430 ut
1174 3389 1228 3428 een

200 3461 230 3507 et
242 3453 306 3525 ipso
319 3453 440 3508 numina
452 3452 687 3527 perhorreseent.
708 3454 783 3512 Cum
797 3473 868 3533 ergo
884 3453 965 3511 Deus
976 3456 1034 3511 iste
1045 3457 1168 3528 dixerit,
1182 3455 1228 3514 Se
1248 3469 1249 3479 ¹

199 3533 343 3605 erifieens
366 3536 424 3591 diis
446 3537 668 3607 eradicabitur,
696 3539 788 3594 miror
801 3538 878 3613 quod
898 3539 961 3613 ipse
976 3537 1161 3614 Porphyrius
1177 3557 1226 3596 nou

198 3615 416 3687 perhorruerit,
435 3627 465 3673 et
478 3619 647 3676 saeriiiesns
661 3619 717 3675 diis
731 3621 875 3677 eradicari
888 3637 949 3678 non
963 3619 1176 3679 formidaverit.

261 3695 343 3751 Dieit
355 3697 443 3754 etism
455 3700 531 3756 bona
543 3700 727 3776 philosophus
747 3705 803 3760 iste
817 3705 853 3760 de
864 3703 999 3774 Christo,
1024 3705 1112 3781 qussi
1130 3705 1225 3762 oblitus

195 3773 293 3869 ffliuffs
307 3776 352 3870 'de
364 3788 424 3852 que
434 3785 521 3855 paulo
534 3793 603 3840 ante
616 3787 833 3858 mentiremur,
863 3788 1057 3844 conmmeliae
1071 3804 1158 3861 suse;
1183 3797 1226 3844 ses

197 3869 280 3925 quam
305 3873 336 3910 sn
357 3864 466 3917 somnis
489 3865 529 3920 dii
548 3869 610 3924 eius
630 3868 838 3927 maledixerint
851 3869 982 3944 Christo,
1010 3880 1041 3928 st
1058 3871 1223 3950 srigilsetss
