2592 4396
169 229 173 238 ,
245 172 303 232 DE
326 170 536 232 civitam
558 177 634 234 DEl
655 179 733 238 ΗΒ.
756 185 835 244 XlV
1045 198 1063 254 3

34 327 111 382 luat·
157 317 216 380 ieta
230 331 307 380 totae
321 323 460 398 epistolae
472 325 655 400 Apoetoliqae
668 331 767 404 locut,
794 349 932 410 quantum
953 344 988 399 oti
1003 362 1063 402 rara

34 413 214 482 praesentem
231 405 302 461 satia
317 422 380 462 eruc
394 404 553 477 ridebitur,
568 412 784 486 concideretur,
797 421 905 490 poterit
918 420 990 479 banc
1004 425 1062 480 dia·

34 487 375 560 calumniationem,
402 487 470 564 quid
495 491 534 545 eit
560 495 718 552 secundnm
744 516 861 556 carnem
879 505 986 559 rivere.
1030 505 1062 564 in

34 569 167 644 operibus
182 586 307 642 namquo
319 571 430 640 carnia,
448 588 524 645 quae
536 576 689 633 manifecte
702 597 765 636 eoae
780 581 868 653 dixit,
883 601 973 660 eoque
985 605 1064 644 corn·

32 660 188 708 memorata
202 650 361 720 damnarit,
388 670 446 714 non
457 654 507 710 illo
520 664 631 714 tantum
645 661 823 732 invenimur,
844 683 918 740 quae
931 667 968 724 od
981 671 1062 726 volu·

31 745 137 808 ptutem
163 734 313 807 pertinent
339 737 450 803 carnia,
479 738 566 794 sicuti
592 751 660 796 eunt
685 743 913 818 fornicationes,
940 752 1063 808 immam

33 817 133 884 titire,
149 817 303 886 luxuriae,
331 816 501 889 ebrietatce,
528 826 765 897 commeationem
793 847 892 885 rerum
920 833 1063 889 etiemiiie

34 898 134 973 quibua
158 899 249 953 animi
274 900 346 955 vitio
368 899 638 961 demonatrantnro
662 910 810 982 voluptate
836 915 932 968 cernis
956 916 1060 970 aliena.

34 983 102 1046 Quia
116 982 194 1036 enirn
209 982 377 1038 servitutem
392 1001 465 1057 quoe
478 983 565 1040 idolio
585 985 755 1061 exhibetur,
781 994 937 1066 veneficia,
964 997 1062 1052 inimi-

35 1065 134 1133 citias,
151 1064 372 1133 contentiones,
387 1067 612 1138 aemulationae,
626 1073 840 1144 enimoaitatea,
856 1075 1061 1146 discentiam,

34 1144 182 1208 haereseo,
196 1144 337 1214 invidias,
352 1164 409 1202 non
424 1149 520 1219 potine
534 1151 683 1227 intelliget
695 1156 785 1208 oninii
798 1157 870 1212 vitia
879 1175 958 1228 eoae,
976 1177 1062 1233 quem

35 1224 146 1282 cornici
177 1225 300 1292 Quando
315 1227 427 1300 qnidam
443 1229 507 1285 lieri
514 1241 627 1303 potest,
640 1242 672 1288 ut
685 1245 801 1308 propter
813 1237 1004 1295 idololatriam
1016 1245 1063 1296 vei

34 1306 158 1364 haeresia
169 1309 293 1364 alicuine
309 1326 466 1367 erroreme
484 1313 680 1386 voluptatibus
698 1319 794 1372 carnis
818 1327 1007 1394 temperetur:
1034 1333 1064 1377 et

34 1401 127 1450 tamen
142 1393 232 1448 etiam
244 1399 315 1446 tnnc
329 1389 428 1462 bomo,
451 1396 581 1466 quamvlr
594 1397 690 1451 carnii
703 1397 839 1455 libitinae
852 1402 1003 1462 continere
1016 1412 1062 1457 et-

32 1490 86 1546 que
99 1471 233 1528 cohibere
246 1471 393 1543 videatur,
417 1474 576 1531 accundum
589 1495 705 1534 curnem
719 1481 819 1535 vivere
835 1480 888 1536 bae
899 1481 1063 1556 Apostolioa

33 1557 208 1612 auctoritate
221 1556 419 1620 convincitur5
446 1566 475 1612 ct
488 1559 519 1611 irr
534 1575 568 1614 cc
593 1559 671 1633 quoti
685 1560 811 1618 abstinet
832 1581 849 1619 e
866 1565 1062 1636 voluptatibut

33 1639 138 1709 carnia,
149 1635 323 1692 damnabilia
337 1633 424 1709 bpera
439 1641 536 1694 carnia
551 1657 639 1716 agere
654 1641 875 1700 demonstratur.
918 1647 989 1712 Quia
1004 1649 1063 1702 ini-

31 1721 156 1776 micitiae
169 1736 230 1776 nou
243 1719 275 1774 in
287 1720 384 1774 anima
395 1717 516 1778 babenti
543 1733 594 1777 aut
606 1725 671 1798 quio
684 1725 726 1780 ita
740 1726 886 1800 loquetur,
898 1737 932 1782 ut
943 1730 1062 1785 inimico

31 1819 98 1871 ruo,
122 1803 171 1857 vel
185 1818 272 1874 quem
285 1809 366 1872 putat
379 1803 542 1872 inimicum,
568 1803 661 1876 dicat,
680 1805 787 1864 bialum
801 1827 933 1881 carnem,
955 1827 989 1865 ac
1003 1829 1061 1866 non

29 1885 141 1956 potine,
160 1880 272 1938 Malam
289 1883 415 1939 animum
431 1882 517 1942 babeo
535 1885 689 1944 adversum
709 1887 774 1944 mei
812 1890 962 1947 Poetremo
986 1895 1062 1947 sicot

29 1967 237 2033 carnalitates,
260 1973 293 2020 ut
318 1966 358 2020 ita
378 1964 485 2038 ilicum,
512 1969 538 2022 ei
564 1971 630 2043 quie
654 1971 798 2041 audieret,
825 1991 884 2034 nou
902 1972 1063 2034 dubitaeeet

30 2050 110 2104 carni
127 2047 273 2116 tribuere3
298 2047 339 2102 ita
353 2065 436 2104 nomo
451 2049 564 2106 dubitat
577 2053 776 2108 enirooeitatee
789 2054 828 2109 ad
845 2056 972 2108 animum
996 2072 1061 2127 per-

29 2133 138 2188 tinere:
166 2147 219 2184 cur
232 2145 303 2204 ergo
317 2127 387 2184 hoec
402 2134 499 2187 amnia
513 2139 543 2186 at
554 2130 600 2186 bio
615 2135 736 2202 similia,
762 2131 872 2188 Doctor
884 2135 1017 2211 gentium
1030 2137 1061 2189 in

28 2212 81 2268 lide
105 2223 137 2268 et
160 2213 286 2268 veritate
312 2229 398 2284 opera
411 2215 506 2270 carnia
521 2215 658 2287 appellat,
682 2215 740 2270 niti
762 2216 830 2290 qula
852 2234 887 2271 ao
905 2216 1061 2271 locutionis

27 2296 128 2366 modo,
149 2311 207 2370 quo
221 2302 316 2350 totum
328 2293 511 2370 significatur
523 2314 540 2350 o
554 2307 649 2369 perte,
668 2300 761 2371 iprum
775 2295 920 2354 hominem
932 2299 996 2354 vuit
1007 2315 1061 2354 no-

28 2383 105 2436 rnine
119 2379 220 2436 carnia
235 2372 379 2452 intelligit

426 2524 557 2580 CAP.
600 2523 674 2580 111.

28 2621 139 2674 Peccati
159 2635 269 2672 caueam
287 2636 320 2672 cx
338 2619 437 2680 amaea,
457 2635 512 2672 aaa
529 2634 562 2670 aa
580 2619 808 2684 commilitone,
828 2619 1063 2685 etcarruptioeem

138 2703 175 2740 ex
185 2695 299 2754 peceato
309 2693 484 2746 conuectum,
495 2693 696 2752 cooperculum
706 2700 768 2747 eru,
778 2686 952 2752 eeapoma.

88 2788 180 2857 Quod
192 2791 219 2844 ei
229 2791 381 2864 quiequam
395 2788 481 2857 dicit,
495 2806 610 2860 carnem
626 2807 741 2844 canum
755 2807 819 2845 eoae
833 2792 864 2846 in
878 2790 961 2846 melia
974 2791 1063 2844 mori·

27 2875 80 2929 buo
94 2889 337 2947 quoramcunque
349 2872 502 2941 vitiorum,
527 2890 562 2926 eo
577 2871 653 2945 quoti
668 2873 764 2927 anime
790 2889 877 2928 carne
900 2868 1002 2928 affeetu
1023 2871 1065 2926 alc

28 2958 116 3011 vivit:
144 2953 279 3028 proiecto
293 2969 351 3008 non
364 2955 529 3010 nnircreom
542 2952 667 3009 hominis
680 2962 812 3010 naturam
830 2955 987 3034 diligenter
1012 2953 1063 3009 eii-
1153 3017 1155 3021 .

28 3039 125 3094 vertit.
173 3035 248 3090 Nam
270 3053 374 3112 caprae
399 3035 513 3109 quitiam
536 3035 727 3113 corruptibile
752 3045 904 3115 aggravat
926 3040 1064 3096 animam.

28 3118 111 3174 Vnde
126 3119 219 3174 etiem
232 3117 309 3172 iilam
322 3115 473 3189 Apoetoiue
487 3135 577 3194 agano
601 3117 635 3172 de
660 3116 714 3173 hoc
737 3119 919 3193 corruptibili
931 3135 1063 3190 corpore,

29 3200 61 3256 de
76 3219 139 3275 qao
150 3201 240 3273 penio
252 3208 319 3254 ante
332 3197 464 3270 dixerut,
491 3197 561 3255 Eiet
573 3203 705 3256 exterior
718 3199 797 3256 bomo
817 3212 919 3256 notter
933 3217 1065 3256 eomm-

18 3286 128 3360 pitur:
157 3280 291 3348 Scimus,
316 3282 428 3355 inquit,
455 3283 525 3356 quia
537 3284 565 3336 ei
578 3290 700 3340 terrena
714 3289 817 3336 natira
832 3284 930 3338 amaa
948 3280 1065 3335 babita-

24 3368 116 3422 ticuie
131 3361 328 3428 discoloratur,
341 3362 577 3434 aedificationem
590 3363 726 3419 babeam
739 3379 776 3416 ea
789 3360 868 3432 Deo,
884 3364 996 3418 domum
1009 3377 1066 3414 acu

21 3449 241 3520 manufactam
253 3452 406 3501 aeteruaaa
427 3447 458 3500 iu
478 3443 575 3500 coelio.
617 3441 1065 3520 Etenimt‘abociegemiacimua

22 3525 235 3586 babitaculum
249 3533 380 3582 ecetram
393 3527 470 3601 quod
483 3527 518 3582 aa
532 3527 609 3583 coeio
629 3533 675 3582 cot
702 3524 876 3600 euperiodui
900 3521 1066 3596 cupienter:
1101 3532 1110 3552 ι

20 3613 49 3666 ai
62 3621 172 3668 tamen
185 3616 217 3665 et
230 3609 335 3674 induti,
350 3626 406 3664 ace
417 3609 490 3665 audi
503 3610 695 3664 imeiamur.
737 3603 853 3659 Etenim
868 3603 918 3677 pui
930 3600 1066 3655 eumuuiu

20 3693 76 3750 bac
92 3691 296 3756 habitatione,
310 3691 526 3766 iugemiecimut
535 3693 675 3768 pucati:
689 3706 721 3744 eo
733 3687 811 3762 quod
822 3684 952 3740 uoluatur
965 3697 1068 3758 euopo-

25 3773 112 3840 liari‚
140 3774 196 3830 ead
208 3773 413 3848 euperueetiri,
426 3779 459 3826 ut
473 3771 667 3827 abror-beatur
680 3764 805 3905 moptcple
818 3785 837 3822 a
849 3769 922 3824 uita·
966 3762 1004 3818 Et
1015 3781 1068 3839 ag·
