<?xml version="1.0" encoding="UTF-8"?>
<!DOCTYPE html PUBLIC "-//W3C//DTD XHTML 1.0 Transitional//EN"
    "http://www.w3.org/TR/xhtml1/DTD/xhtml1-transitional.dtd">
<html xmlns="http://www.w3.org/1999/xhtml" xml:lang="en" lang="en">
 <head>
  <title>
</title>
<meta http-equiv="Content-Type" content="text/html;charset=utf-8" />
  <meta name='ocr-system' content='tesseract 3.04.00' />
  <meta name='ocr-capabilities' content='ocr_page ocr_carea ocr_par ocr_line ocrx_word'/>
</head>
<body>
  <div class='ocr_page' id='page_1' title='image "./saureliiaugusti02augugoog_0759.png"; bbox 0 0 2510 4404; ppageno 0'>
   <div class='ocr_carea' id='block_1_1' title="bbox 182 208 985 278">
    <p class='ocr_par' dir='ltr' id='par_1_1' title="bbox 182 208 985 278">
     <span class='ocr_line' id='line_1_1' title="bbox 182 208 985 278; baseline -0.011 0"><span class='ocrx_word' id='word_1_1' title='bbox 182 223 241 278; x_wconf 77' lang='lat'><strong>342</strong></span> <span class='ocrx_word' id='word_1_2' title='bbox 408 216 506 274; x_wconf 85' lang='lat' dir='ltr'><strong>lllVl</strong></span> <span class='ocrx_word' id='word_1_3' title='bbox 530 212 710 272; x_wconf 80' lang='lat' dir='ltr'><strong>AVRELll</strong></span> <span class='ocrx_word' id='word_1_4' title='bbox 734 208 985 270; x_wconf 80' lang='lat' dir='ltr'><strong>AVGVS&#39;llNl</strong></span> 
     </span>
    </p>
   </div>
   <div class='ocr_carea' id='block_1_2' title="bbox 179 363 1250 532">
    <p class='ocr_par' dir='ltr' id='par_1_2' title="bbox 179 363 1250 532">
     <span class='ocr_line' id='line_1_2' title="bbox 179 363 1250 450; baseline -0.003 -21"><span class='ocrx_word' id='word_1_5' title='bbox 179 391 317 450; x_wconf 83' lang='lat' dir='ltr'><strong>poenam,</strong></span> <span class='ocrx_word' id='word_1_6' title='bbox 346 389 405 426; x_wconf 87' lang='lat' dir='ltr'><strong>uon</strong></span> <span class='ocrx_word' id='word_1_7' title='bbox 424 367 614 444; x_wconf 86' lang='lat' dir='ltr'><strong>impertiendo</strong></span> <span class='ocrx_word' id='word_1_8' title='bbox 634 369 724 424; x_wconf 87' lang='lat' dir='ltr'><strong>vitam</strong></span> <span class='ocrx_word' id='word_1_9' title='bbox 742 363 936 440; x_wconf 72' lang='lat' dir='ltr'><strong>corporalibus</strong></span> <span class='ocrx_word' id='word_1_10' title='bbox 955 367 1087 445; x_wconf 76' lang='lat' dir='ltr'><strong>ignibus.</strong></span> <span class='ocrx_word' id='word_1_11' title='bbox 1130 368 1210 428; x_wconf 81' lang='lat' dir='ltr'><strong>Vnus</strong></span> <span class='ocrx_word' id='word_1_12' title='bbox 1249 375 1250 378; x_wconf 74' lang='grc'>’</span> 
     </span>
     <span class='ocr_line' id='line_1_3' title="bbox 179 447 915 532; baseline -0.012 -19"><span class='ocrx_word' id='word_1_13' title='bbox 179 459 282 532; x_wconf 87' lang='lat' dir='ltr'><strong>quippe</strong></span> <span class='ocrx_word' id='word_1_14' title='bbox 298 455 429 529; x_wconf 89' lang='lat' dir='ltr'><strong>utrisque</strong></span> <span class='ocrx_word' id='word_1_15' title='bbox 442 453 520 530; x_wconf 87' lang='lat' dir='ltr'><strong>ignis</strong></span> <span class='ocrx_word' id='word_1_16' title='bbox 535 453 601 522; x_wconf 87' lang='lat' dir='ltr'><strong>erit,</strong></span> <span class='ocrx_word' id='word_1_17' title='bbox 615 453 692 506; x_wconf 87' lang='lat' dir='ltr'><strong>sieut</strong></span> <span class='ocrx_word' id='word_1_18' title='bbox 705 447 819 506; x_wconf 85' lang='lat' dir='ltr'><strong>Veritas</strong></span> <span class='ocrx_word' id='word_1_19' title='bbox 832 449 915 505; x_wconf 84' lang='lat' dir='ltr'><strong>dixit.</strong></span> 
     </span>
    </p>
   </div>
   <div class='ocr_carea' id='block_1_3' title="bbox 576 614 810 675">
    <p class='ocr_par' dir='ltr' id='par_1_3' title="bbox 576 614 810 675">
     <span class='ocr_line' id='line_1_4' title="bbox 576 614 810 675; baseline -0.013 0"><span class='ocrx_word' id='word_1_20' title='bbox 576 617 701 675; x_wconf 80' lang='lat' dir='ltr'><strong>CAP.</strong></span> <span class='ocrx_word' id='word_1_21' title='bbox 743 614 810 673; x_wconf 85' lang='lat' dir='ltr'><strong>Xl.</strong></span> 
     </span>
    </p>
   </div>
   <div class='ocr_carea' id='block_1_4' title="bbox 80 712 1213 782">
    <p class='ocr_par' dir='ltr' id='par_1_4' title="bbox 80 712 1213 782">
     <span class='ocr_line' id='line_1_5' title="bbox 80 712 1213 782; baseline 0.001 -12"><span class='ocrx_word' id='word_1_22' title='bbox 80 766 81 770; x_wconf 74' lang='grc'>,</span> <span class='ocrx_word' id='word_1_23' title='bbox 179 719 222 774; x_wconf 79' lang='lat' dir='ltr'><strong>An</strong></span> <span class='ocrx_word' id='word_1_24' title='bbox 232 719 280 772; x_wconf 76' lang='lat' dir='ltr'><strong>loc</strong></span> <span class='ocrx_word' id='word_1_25' title='bbox 290 718 362 771; x_wconf 79' lang='lat' dir='ltr'><strong>ratio</strong></span> <span class='ocrx_word' id='word_1_26' title='bbox 372 717 496 770; x_wconf 80' lang='lat' dir='ltr'><strong>iustitiae</strong></span> <span class='ocrx_word' id='word_1_27' title='bbox 506 715 617 778; x_wconf 82' lang='lat' dir='ltr'><strong>bsbcot,</strong></span> <span class='ocrx_word' id='word_1_28' title='bbox 636 723 668 766; x_wconf 84' lang='lat' dir='ltr'><strong>ut</strong></span> <span class='ocrx_word' id='word_1_29' title='bbox 677 731 729 766; x_wconf 80' lang='lat' dir='ltr'><strong>ooo</strong></span> <span class='ocrx_word' id='word_1_30' title='bbox 744 712 799 766; x_wconf 80' lang='lat' dir='ltr'><strong>siut</strong></span> <span class='ocrx_word' id='word_1_31' title='bbox 812 714 965 766; x_wconf 81' lang='lat' dir='ltr'><strong>extensiora</strong></span> <span class='ocrx_word' id='word_1_32' title='bbox 979 731 1136 782; x_wconf 73' lang='lat' dir='ltr'><strong>poenorum</strong></span> <span class='ocrx_word' id='word_1_33' title='bbox 1154 727 1213 770; x_wconf 81' lang='lat' dir='ltr'><strong>tess-</strong></span> 
     </span>
    </p>
   </div>
   <div class='ocr_carea' id='block_1_5' title="bbox 455 783 922 857">
    <p class='ocr_par' dir='ltr' id='par_1_5' title="bbox 455 783 922 857">
     <span class='ocr_line' id='line_1_6' title="bbox 455 783 922 857; baseline -0.006 -18"><span class='ocrx_word' id='word_1_34' title='bbox 455 801 531 856; x_wconf 81' lang='lat' dir='ltr'><strong>poro,</strong></span> <span class='ocrx_word' id='word_1_35' title='bbox 541 801 620 855; x_wconf 78' lang='lat' dir='ltr'><strong>psam</strong></span> <span class='ocrx_word' id='word_1_36' title='bbox 625 783 736 857; x_wconf 75' lang='lat' dir='ltr'><strong>fuerint</strong></span> <span class='ocrx_word' id='word_1_37' title='bbox 742 793 922 851; x_wconf 79' lang='lat' dir='ltr'><strong>peccatorum.</strong></span> 
     </span>
    </p>
   </div>
   <div class='ocr_carea' id='block_1_6' title="bbox 176 873 1212 3966">
    <p class='ocr_par' dir='ltr' id='par_1_6' title="bbox 176 873 1212 3966">
     <span class='ocr_line' id='line_1_7' title="bbox 243 873 1211 952; baseline -0.004 -16"><span class='ocrx_word' id='word_1_38' title='bbox 243 877 293 937; x_wconf 88' lang='lat' dir='ltr'><strong>Sic</strong></span> <span class='ocrx_word' id='word_1_39' title='bbox 311 886 409 934; x_wconf 86' lang='lat' dir='ltr'><strong>outerrr</strong></span> <span class='ocrx_word' id='word_1_40' title='bbox 426 875 544 952; x_wconf 81' lang='lat' dir='ltr'><strong>quidam</strong></span> <span class='ocrx_word' id='word_1_41' title='bbox 560 893 674 944; x_wconf 88' lang='lat' dir='ltr'><strong>eorum,</strong></span> <span class='ocrx_word' id='word_1_42' title='bbox 700 882 803 930; x_wconf 85' lang='lat' dir='ltr'><strong>contro</strong></span> <span class='ocrx_word' id='word_1_43' title='bbox 817 891 888 950; x_wconf 87' lang='lat' dir='ltr'><strong>quos</strong></span> <span class='ocrx_word' id='word_1_44' title='bbox 901 873 1086 931; x_wconf 71' lang='lat' dir='ltr'><strong>defendimus</strong></span> <span class='ocrx_word' id='word_1_45' title='bbox 1101 874 1211 932; x_wconf 78' lang='lat' dir='ltr'><strong>Civita-</strong></span> 
     </span>
     <span class='ocr_line' id='line_1_8' title="bbox 178 957 1212 1038; baseline -0.005 -18"><span class='ocrx_word' id='word_1_46' title='bbox 178 973 238 1020; x_wconf 90' lang='lat' dir='ltr'><strong>toru</strong></span> <span class='ocrx_word' id='word_1_47' title='bbox 251 962 325 1031; x_wconf 86' lang='lat' dir='ltr'><strong>Dei,</strong></span> <span class='ocrx_word' id='word_1_48' title='bbox 351 963 492 1017; x_wconf 87' lang='lat' dir='ltr'><strong>iniustum</strong></span> <span class='ocrx_word' id='word_1_49' title='bbox 510 967 628 1034; x_wconf 87' lang='lat' dir='ltr'><strong>putant,</strong></span> <span class='ocrx_word' id='word_1_50' title='bbox 653 965 685 1012; x_wconf 87' lang='lat' dir='ltr'><strong>ut</strong></span> <span class='ocrx_word' id='word_1_51' title='bbox 703 975 755 1031; x_wconf 92' lang='lat' dir='ltr'><strong>pro</strong></span> <span class='ocrx_word' id='word_1_52' title='bbox 768 961 895 1033; x_wconf 87' lang='lat' dir='ltr'><strong>peccatis</strong></span> <span class='ocrx_word' id='word_1_53' title='bbox 910 957 1071 1034; x_wconf 71' lang='lat' dir='ltr'><strong>quamlibet</strong></span> <span class='ocrx_word' id='word_1_54' title='bbox 1083 962 1212 1038; x_wconf 85' lang='lat' dir='ltr'><strong>magnis,</strong></span> 
     </span>
     <span class='ocr_line' id='line_1_9' title="bbox 178 1042 1209 1121; baseline -0.003 -19"><span class='ocrx_word' id='word_1_55' title='bbox 178 1065 269 1121; x_wconf 78' lang='lat' dir='ltr'><strong>parvo</strong></span> <span class='ocrx_word' id='word_1_56' title='bbox 282 1046 395 1102; x_wconf 89' lang='lat' dir='ltr'><strong>scilicet</strong></span> <span class='ocrx_word' id='word_1_57' title='bbox 406 1054 538 1118; x_wconf 90' lang='lat' dir='ltr'><strong>tempore</strong></span> <span class='ocrx_word' id='word_1_58' title='bbox 551 1042 734 1117; x_wconf 85' lang='lat' dir='ltr'><strong>perpetratis,</strong></span> <span class='ocrx_word' id='word_1_59' title='bbox 748 1059 842 1116; x_wconf 85' lang='lat' dir='ltr'><strong>poeno</strong></span> <span class='ocrx_word' id='word_1_60' title='bbox 855 1043 975 1118; x_wconf 75' lang='lat' dir='ltr'><strong>quisque</strong></span> <span class='ocrx_word' id='word_1_61' title='bbox 989 1043 1152 1098; x_wconf 75' lang='lat' dir='ltr'><strong>damnetur</strong></span> <span class='ocrx_word' id='word_1_62' title='bbox 1164 1061 1209 1099; x_wconf 83' lang='lat' dir='ltr'><strong>sc-</strong></span> 
     </span>
     <span class='ocr_line' id='line_1_10' title="bbox 178 1124 1212 1205; baseline -0.003 -19"><span class='ocrx_word' id='word_1_63' title='bbox 178 1141 277 1201; x_wconf 83' lang='lat' dir='ltr'><strong>terna3</strong></span> <span class='ocrx_word' id='word_1_64' title='bbox 303 1130 387 1204; x_wconf 82' lang='lat' dir='ltr'><strong>qussi</strong></span> <span class='ocrx_word' id='word_1_65' title='bbox 399 1129 486 1185; x_wconf 87' lang='lat' dir='ltr'><strong>ullius</strong></span> <span class='ocrx_word' id='word_1_66' title='bbox 499 1125 530 1182; x_wconf 93' lang='lat' dir='ltr'><strong>id</strong></span> <span class='ocrx_word' id='word_1_67' title='bbox 542 1143 671 1201; x_wconf 84' lang='lat' dir='ltr'><strong>unquam</strong></span> <span class='ocrx_word' id='word_1_68' title='bbox 689 1125 800 1182; x_wconf 82' lang='lat' dir='ltr'><strong>iustitio</strong></span> <span class='ocrx_word' id='word_1_69' title='bbox 817 1127 893 1205; x_wconf 89' lang='lat' dir='ltr'><strong>legis</strong></span> <span class='ocrx_word' id='word_1_70' title='bbox 906 1124 1057 1197; x_wconf 63' lang='lat' dir='ltr'><strong>ostendat,</strong></span> <span class='ocrx_word' id='word_1_71' title='bbox 1081 1135 1120 1182; x_wconf 91' lang='lat' dir='ltr'><strong>ut</strong></span> <span class='ocrx_word' id='word_1_72' title='bbox 1134 1136 1212 1183; x_wconf 84' lang='lat' dir='ltr'><strong>tanta</strong></span> 
     </span>
     <span class='ocr_line' id='line_1_11' title="bbox 177 1210 1210 1288; baseline -0.004 -18"><span class='ocrx_word' id='word_1_73' title='bbox 177 1231 261 1270; x_wconf 81' lang='lat' dir='ltr'><strong>mora</strong></span> <span class='ocrx_word' id='word_1_74' title='bbox 272 1214 409 1288; x_wconf 80' lang='lat' dir='ltr'><strong>temporis</strong></span> <span class='ocrx_word' id='word_1_75' title='bbox 423 1213 544 1288; x_wconf 83' lang='lat' dir='ltr'><strong>qrrr&#39;sque</strong></span> <span class='ocrx_word' id='word_1_76' title='bbox 562 1210 718 1284; x_wconf 83' lang='lat' dir='ltr'><strong>punietur,</strong></span> <span class='ocrx_word' id='word_1_77' title='bbox 744 1219 853 1284; x_wconf 79' lang='lat' dir='ltr'><strong>quantu</strong></span> <span class='ocrx_word' id='word_1_78' title='bbox 870 1227 952 1270; x_wconf 83' lang='lat' dir='ltr'><strong>mora</strong></span> <span class='ocrx_word' id='word_1_79' title='bbox 971 1211 1116 1284; x_wconf 85' lang='lat' dir='ltr'><strong>temporis</strong></span> <span class='ocrx_word' id='word_1_80' title='bbox 1137 1210 1210 1266; x_wconf 86' lang='lat' dir='ltr'><strong>unde</strong></span> 
     </span>
     <span class='ocr_line' id='line_1_12' title="bbox 176 1293 1210 1374; baseline -0.004 -21"><span class='ocrx_word' id='word_1_81' title='bbox 176 1299 332 1374; x_wconf 85' lang='lat' dir='ltr'><strong>puniretur</strong></span> <span class='ocrx_word' id='word_1_82' title='bbox 344 1295 469 1352; x_wconf 84' lang='lat' dir='ltr'><strong>sdruisit.</strong></span> <span class='ocrx_word' id='word_1_83' title='bbox 490 1294 577 1352; x_wconf 84' lang='lat' dir='ltr'><strong>¹Ooto</strong></span> <span class='ocrx_word' id='word_1_84' title='bbox 590 1311 700 1372; x_wconf 89' lang='lat' dir='ltr'><strong>genera</strong></span> <span class='ocrx_word' id='word_1_85' title='bbox 712 1308 870 1368; x_wconf 87' lang='lat' dir='ltr'><strong>poenarum</strong></span> <span class='ocrx_word' id='word_1_86' title='bbox 883 1294 915 1350; x_wconf 87' lang='lat' dir='ltr'><strong>in</strong></span> <span class='ocrx_word' id='word_1_87' title='bbox 927 1293 1042 1372; x_wconf 77' lang='lat' dir='ltr'><strong>legibue</strong></span> <span class='ocrx_word' id='word_1_88' title='bbox 1057 1311 1126 1350; x_wconf 85' lang='lat' dir='ltr'><strong>esse</strong></span> <span class='ocrx_word' id='word_1_89' title='bbox 1139 1297 1210 1349; x_wconf 88' lang='lat' dir='ltr'><strong>seri-</strong></span> 
     </span>
     <span class='ocr_line' id='line_1_13' title="bbox 177 1375 1210 1455; baseline -0.005 -17"><span class='ocrx_word' id='word_1_90' title='bbox 177 1382 221 1438; x_wconf 92' lang='lat' dir='ltr'><strong>bit</strong></span> <span class='ocrx_word' id='word_1_91' title='bbox 234 1380 359 1452; x_wconf 86' lang='lat' dir='ltr'><strong>Tullius,</strong></span> <span class='ocrx_word' id='word_1_92' title='bbox 372 1379 520 1451; x_wconf 87' lang='lat' dir='ltr'><strong>damnum,</strong></span> <span class='ocrx_word' id='word_1_93' title='bbox 533 1379 667 1448; x_wconf 83' lang='lat' dir='ltr'><strong>vinculo,</strong></span> <span class='ocrx_word' id='word_1_94' title='bbox 682 1375 820 1449; x_wconf 86' lang='lat' dir='ltr'><strong>verbera,</strong></span> <span class='ocrx_word' id='word_1_95' title='bbox 833 1379 988 1449; x_wconf 78' lang='lat' dir='ltr'><strong>talionem,</strong></span> <span class='ocrx_word' id='word_1_96' title='bbox 1002 1378 1210 1455; x_wconf 77' lang='lat' dir='ltr'><strong>ignominiam,</strong></span> 
     </span>
     <span class='ocr_line' id='line_1_14' title="bbox 178 1459 1211 1536; baseline -0.003 -16"><span class='ocrx_word' id='word_1_97' title='bbox 178 1467 330 1536; x_wconf 75' lang='lat' dir='ltr'><strong>exsilium,</strong></span> <span class='ocrx_word' id='word_1_98' title='bbox 347 1471 486 1534; x_wconf 69' lang='lat' dir='ltr'><strong>mortem,</strong></span> <span class='ocrx_word' id='word_1_99' title='bbox 506 1462 688 1518; x_wconf 83' lang='lat' dir='ltr'><strong>servitutem.</strong></span> <span class='ocrx_word' id='word_1_100' title='bbox 723 1460 798 1526; x_wconf 79' lang='lat' dir='ltr'><strong>Quid</strong></span> <span class='ocrx_word' id='word_1_101' title='bbox 810 1459 914 1518; x_wconf 85' lang='lat' dir='ltr'><strong>horum</strong></span> <span class='ocrx_word' id='word_1_102' title='bbox 927 1470 972 1518; x_wconf 88' lang='lat' dir='ltr'><strong>est</strong></span> <span class='ocrx_word' id='word_1_103' title='bbox 984 1459 1065 1536; x_wconf 86' lang='lat' dir='ltr'><strong>quod</strong></span> <span class='ocrx_word' id='word_1_104' title='bbox 1077 1463 1111 1517; x_wconf 89' lang='lat' dir='ltr'><strong>iu</strong></span> <span class='ocrx_word' id='word_1_105' title='bbox 1124 1461 1211 1517; x_wconf 80' lang='lat' dir='ltr'><strong>breve</strong></span> 
     </span>
     <span class='ocr_line' id='line_1_15' title="bbox 177 1545 1208 1624; baseline -0.003 -20"><span class='ocrx_word' id='word_1_106' title='bbox 177 1559 291 1624; x_wconf 87' lang='lat' dir='ltr'><strong>tempus</strong></span> <span class='ocrx_word' id='word_1_107' title='bbox 304 1566 356 1623; x_wconf 92' lang='lat' dir='ltr'><strong>pro</strong></span> <span class='ocrx_word' id='word_1_108' title='bbox 369 1549 509 1622; x_wconf 83' lang='lat' dir='ltr'><strong>euitrsque</strong></span> <span class='ocrx_word' id='word_1_109' title='bbox 520 1545 633 1620; x_wconf 86' lang='lat' dir='ltr'><strong>peceati</strong></span> <span class='ocrx_word' id='word_1_110' title='bbox 644 1545 793 1600; x_wconf 87' lang='lat' dir='ltr'><strong>celeritate</strong></span> <span class='ocrx_word' id='word_1_111' title='bbox 806 1553 962 1616; x_wconf 75' lang='lat' dir='ltr'><strong>coartetur,</strong></span> <span class='ocrx_word' id='word_1_112' title='bbox 976 1554 1009 1600; x_wconf 90' lang='lat' dir='ltr'><strong>ut</strong></span> <span class='ocrx_word' id='word_1_113' title='bbox 1018 1553 1105 1600; x_wconf 75' lang='lat' dir='ltr'><strong>muta</strong></span> <span class='ocrx_word' id='word_1_114' title='bbox 1114 1545 1208 1602; x_wconf 86' lang='lat' dir='ltr'><strong>vindi·</strong></span> 
     </span>
     <span class='ocr_line' id='line_1_16' title="bbox 177 1626 1209 1705; baseline -0.004 -17"><span class='ocrx_word' id='word_1_115' title='bbox 177 1643 259 1688; x_wconf 81' lang='lat' dir='ltr'><strong>cetur</strong></span> <span class='ocrx_word' id='word_1_116' title='bbox 272 1633 400 1701; x_wconf 84' lang='lat' dir='ltr'><strong>morula,</strong></span> <span class='ocrx_word' id='word_1_117' title='bbox 413 1638 523 1705; x_wconf 81' lang='lat' dir='ltr'><strong>quauta</strong></span> <span class='ocrx_word' id='word_1_118' title='bbox 537 1626 762 1704; x_wconf 78' lang='lat' dir='ltr'><strong>deprehenditur</strong></span> <span class='ocrx_word' id='word_1_119' title='bbox 773 1638 985 1704; x_wconf 75' lang='lat' dir='ltr'><strong>perpetratum,</strong></span> <span class='ocrx_word' id='word_1_120' title='bbox 1000 1628 1062 1684; x_wconf 85' lang='lat' dir='ltr'><strong>uisi</strong></span> <span class='ocrx_word' id='word_1_121' title='bbox 1076 1629 1156 1685; x_wconf 87' lang='lat' dir='ltr'><strong>forte</strong></span> <span class='ocrx_word' id='word_1_122' title='bbox 1168 1637 1209 1684; x_wconf 82' lang='lat' dir='ltr'><strong>ts-</strong></span> 
     </span>
     <span class='ocr_line' id='line_1_17' title="bbox 177 1709 1209 1790; baseline -0.002 -20"><span class='ocrx_word' id='word_1_123' title='bbox 177 1711 236 1771; x_wconf 83' lang='lat' dir='ltr'><strong>liol</strong></span> <span class='ocrx_word' id='word_1_124' title='bbox 260 1714 291 1770; x_wconf 92' lang='lat' dir='ltr'><strong>ld</strong></span> <span class='ocrx_word' id='word_1_125' title='bbox 304 1715 382 1769; x_wconf 86' lang='lat' dir='ltr'><strong>enim</strong></span> <span class='ocrx_word' id='word_1_126' title='bbox 395 1715 467 1790; x_wconf 80' lang='lat' dir='ltr'><strong>ugit,</strong></span> <span class='ocrx_word' id='word_1_127' title='bbox 486 1721 519 1767; x_wconf 92' lang='lat' dir='ltr'><strong>ut</strong></span> <span class='ocrx_word' id='word_1_128' title='bbox 530 1709 584 1768; x_wconf 88' lang='lat' dir='ltr'><strong>hoo</strong></span> <span class='ocrx_word' id='word_1_129' title='bbox 597 1713 726 1785; x_wconf 80' lang='lat' dir='ltr'><strong>potiatur</strong></span> <span class='ocrx_word' id='word_1_130' title='bbox 739 1713 863 1787; x_wconf 85' lang='lat' dir='ltr'><strong>quisque</strong></span> <span class='ocrx_word' id='word_1_131' title='bbox 878 1710 954 1786; x_wconf 89' lang='lat' dir='ltr'><strong>quod</strong></span> <span class='ocrx_word' id='word_1_132' title='bbox 968 1711 1048 1768; x_wconf 81' lang='lat' dir='ltr'><strong>fecit.</strong></span> <span class='ocrx_word' id='word_1_133' title='bbox 1078 1710 1165 1768; x_wconf 83' lang='lat' dir='ltr'><strong>Vnde</strong></span> <span class='ocrx_word' id='word_1_134' title='bbox 1177 1715 1209 1768; x_wconf 89' lang='lat' dir='ltr'><strong>il·</strong></span> 
     </span>
     <span class='ocr_line' id='line_1_18' title="bbox 179 1792 1208 1874; baseline -0.002 -20"><span class='ocrx_word' id='word_1_135' title='bbox 179 1799 226 1854; x_wconf 92' lang='lat' dir='ltr'><strong>lud</strong></span> <span class='ocrx_word' id='word_1_136' title='bbox 240 1808 286 1854; x_wconf 85' lang='lat' dir='ltr'><strong>est</strong></span> <span class='ocrx_word' id='word_1_137' title='bbox 298 1797 399 1874; x_wconf 87' lang='lat' dir='ltr'><strong>Legis:</strong></span> <span class='ocrx_word' id='word_1_138' title='bbox 416 1792 538 1852; x_wconf 79' lang='lat' dir='ltr'><strong>Oculum</strong></span> <span class='ocrx_word' id='word_1_139' title='bbox 545 1812 605 1872; x_wconf 90' lang='lat' dir='ltr'><strong>pro</strong></span> <span class='ocrx_word' id='word_1_140' title='bbox 617 1795 710 1866; x_wconf 71' lang='lat' dir='ltr'><strong>uculo,</strong></span> <span class='ocrx_word' id='word_1_141' title='bbox 724 1795 838 1853; x_wconf 83' lang='lat' dir='ltr'><strong>dentem</strong></span> <span class='ocrx_word' id='word_1_142' title='bbox 843 1813 903 1874; x_wconf 83' lang='lat' dir='ltr'><strong>pro</strong></span> <span class='ocrx_word' id='word_1_143' title='bbox 917 1795 1011 1853; x_wconf 73' lang='lat' dir='ltr'><strong>dente.</strong></span> <span class='ocrx_word' id='word_1_144' title='bbox 1039 1794 1126 1852; x_wconf 83' lang='lat' dir='ltr'><strong>Fieri</strong></span> <span class='ocrx_word' id='word_1_145' title='bbox 1138 1799 1208 1853; x_wconf 81' lang='lat' dir='ltr'><strong>enim</strong></span> 
     </span>
     <span class='ocr_line' id='line_1_19' title="bbox 177 1879 1208 1956; baseline -0.004 -18"><span class='ocrx_word' id='word_1_146' title='bbox 177 1891 284 1956; x_wconf 83' lang='lat' dir='ltr'><strong>potest,</strong></span> <span class='ocrx_word' id='word_1_147' title='bbox 305 1891 338 1937; x_wconf 90' lang='lat' dir='ltr'><strong>ut</strong></span> <span class='ocrx_word' id='word_1_148' title='bbox 352 1890 411 1936; x_wconf 86' lang='lat' dir='ltr'><strong>tarn</strong></span> <span class='ocrx_word' id='word_1_149' title='bbox 424 1879 507 1935; x_wconf 84' lang='lat' dir='ltr'><strong>brevi</strong></span> <span class='ocrx_word' id='word_1_150' title='bbox 519 1887 648 1952; x_wconf 87' lang='lat' dir='ltr'><strong>tempore</strong></span> <span class='ocrx_word' id='word_1_151' title='bbox 663 1879 785 1956; x_wconf 86' lang='lat' dir='ltr'><strong>quisque</strong></span> <span class='ocrx_word' id='word_1_152' title='bbox 799 1882 913 1935; x_wconf 81' lang='lat' dir='ltr'><strong>amittet</strong></span> <span class='ocrx_word' id='word_1_153' title='bbox 925 1880 1040 1935; x_wconf 82' lang='lat' dir='ltr'><strong>oculum</strong></span> <span class='ocrx_word' id='word_1_154' title='bbox 1053 1881 1208 1936; x_wconf 76' lang='lat' dir='ltr'><strong>severitate</strong></span> 
     </span>
     <span class='ocr_line' id='line_1_20' title="bbox 177 1961 1208 2040; baseline -0.004 -17"><span class='ocrx_word' id='word_1_155' title='bbox 177 1965 335 2034; x_wconf 81' lang='lat' dir='ltr'><strong>vindictae,</strong></span> <span class='ocrx_word' id='word_1_156' title='bbox 348 1983 434 2040; x_wconf 81' lang='lat' dir='ltr'><strong>quoru</strong></span> <span class='ocrx_word' id='word_1_157' title='bbox 447 1963 515 2019; x_wconf 89' lang='lat' dir='ltr'><strong>tulit</strong></span> <span class='ocrx_word' id='word_1_158' title='bbox 527 1963 589 2036; x_wconf 86' lang='lat' dir='ltr'><strong>ipso</strong></span> <span class='ocrx_word' id='word_1_159' title='bbox 604 1963 690 2017; x_wconf 88' lang='lat' dir='ltr'><strong>alteri</strong></span> <span class='ocrx_word' id='word_1_160' title='bbox 701 1962 885 2039; x_wconf 77' lang='lat' dir='ltr'><strong>improbitate</strong></span> <span class='ocrx_word' id='word_1_161' title='bbox 897 1963 1020 2038; x_wconf 74' lang='lat' dir='ltr'><strong>peceati.</strong></span> <span class='ocrx_word' id='word_1_162' title='bbox 1050 1961 1148 2020; x_wconf 89' lang='lat' dir='ltr'><strong>Porro</strong></span> <span class='ocrx_word' id='word_1_163' title='bbox 1162 1981 1208 2019; x_wconf 89' lang='lat' dir='ltr'><strong>au·</strong></span> 
     </span>
     <span class='ocr_line' id='line_1_21' title="bbox 177 2045 1208 2118; baseline -0.005 -12"><span class='ocrx_word' id='word_1_164' title='bbox 177 2060 236 2106; x_wconf 88' lang='lat' dir='ltr'><strong>tem</strong></span> <span class='ocrx_word' id='word_1_165' title='bbox 247 2051 275 2105; x_wconf 92' lang='lat' dir='ltr'><strong>si</strong></span> <span class='ocrx_word' id='word_1_166' title='bbox 291 2050 404 2105; x_wconf 82' lang='lat' dir='ltr'><strong>alienae</strong></span> <span class='ocrx_word' id='word_1_167' title='bbox 421 2046 548 2104; x_wconf 80' lang='lat' dir='ltr'><strong>feminae</strong></span> <span class='ocrx_word' id='word_1_168' title='bbox 566 2047 697 2102; x_wconf 85' lang='lat' dir='ltr'><strong>osculum</strong></span> <span class='ocrx_word' id='word_1_169' title='bbox 717 2045 856 2118; x_wconf 82' lang='lat' dir='ltr'><strong>infixum,</strong></span> <span class='ocrx_word' id='word_1_170' title='bbox 881 2047 1005 2103; x_wconf 75' lang='lat' dir='ltr'><strong>rationis</strong></span> <span class='ocrx_word' id='word_1_171' title='bbox 1029 2047 1072 2102; x_wconf 90' lang='lat' dir='ltr'><strong>sit</strong></span> <span class='ocrx_word' id='word_1_172' title='bbox 1089 2048 1208 2104; x_wconf 85' lang='lat' dir='ltr'><strong>verbere</strong></span> 
     </span>
     <span class='ocr_line' id='line_1_22' title="bbox 176 2127 1208 2206; baseline -0.003 -16"><span class='ocrx_word' id='word_1_173' title='bbox 176 2133 337 2204; x_wconf 79' lang='lat' dir='ltr'><strong>vindicare,</strong></span> <span class='ocrx_word' id='word_1_174' title='bbox 351 2149 449 2189; x_wconf 89' lang='lat' dir='ltr'><strong>nonne</strong></span> <span class='ocrx_word' id='word_1_175' title='bbox 463 2131 514 2206; x_wconf 88' lang='lat' dir='ltr'><strong>qui</strong></span> <span class='ocrx_word' id='word_1_176' title='bbox 526 2127 600 2186; x_wconf 91' lang='lat' dir='ltr'><strong>illud</strong></span> <span class='ocrx_word' id='word_1_177' title='bbox 612 2139 723 2205; x_wconf 89' lang='lat' dir='ltr'><strong>puncto</strong></span> <span class='ocrx_word' id='word_1_178' title='bbox 738 2131 875 2206; x_wconf 85' lang='lat' dir='ltr'><strong>temporis</strong></span> <span class='ocrx_word' id='word_1_179' title='bbox 889 2129 1001 2201; x_wconf 83' lang='lat' dir='ltr'><strong>fecerit,</strong></span> <span class='ocrx_word' id='word_1_180' title='bbox 1026 2131 1208 2206; x_wconf 85' lang='lat' dir='ltr'><strong>incompara-</strong></span> 
     </span>
     <span class='ocr_line' id='line_1_23' title="bbox 176 2214 1208 2293; baseline -0.002 -21"><span class='ocrx_word' id='word_1_181' title='bbox 176 2218 229 2273; x_wconf 90' lang='lat' dir='ltr'><strong>bili</strong></span> <span class='ocrx_word' id='word_1_182' title='bbox 241 2216 380 2274; x_wconf 73' lang='lat' dir='ltr'><strong>botarum</strong></span> <span class='ocrx_word' id='word_1_183' title='bbox 392 2216 487 2289; x_wconf 82' lang='lat' dir='ltr'><strong>spolio</strong></span> <span class='ocrx_word' id='word_1_184' title='bbox 501 2214 686 2285; x_wconf 77' lang='lat' dir='ltr'><strong>verberetur,</strong></span> <span class='ocrx_word' id='word_1_185' title='bbox 711 2223 741 2270; x_wconf 93' lang='lat' dir='ltr'><strong>et</strong></span> <span class='ocrx_word' id='word_1_186' title='bbox 758 2215 888 2272; x_wconf 80' lang='lat' dir='ltr'><strong>suavitas</strong></span> <span class='ocrx_word' id='word_1_187' title='bbox 911 2215 1071 2289; x_wconf 82' lang='lat' dir='ltr'><strong>voluptatis</strong></span> <span class='ocrx_word' id='word_1_188' title='bbox 1087 2217 1208 2293; x_wconf 79' lang='lat' dir='ltr'><strong>exiguos</strong></span> 
     </span>
     <span class='ocr_line' id='line_1_24' title="bbox 177 2293 1209 2375; baseline -0.002 -19"><span class='ocrx_word' id='word_1_189' title='bbox 177 2300 314 2356; x_wconf 89' lang='lat' dir='ltr'><strong>diuturno</strong></span> <span class='ocrx_word' id='word_1_190' title='bbox 328 2299 427 2355; x_wconf 92' lang='lat' dir='ltr'><strong>dolore</strong></span> <span class='ocrx_word' id='word_1_191' title='bbox 444 2293 584 2374; x_wconf 81' lang='lat' dir='ltr'><strong>punituri</strong></span> <span class='ocrx_word' id='word_1_192' title='bbox 632 2296 710 2364; x_wconf 81' lang='lat' dir='ltr'><strong>Quid</strong></span> <span class='ocrx_word' id='word_1_193' title='bbox 722 2299 755 2354; x_wconf 91' lang='lat' dir='ltr'><strong>in</strong></span> <span class='ocrx_word' id='word_1_194' title='bbox 767 2299 893 2354; x_wconf 81' lang='lat' dir='ltr'><strong>vinculis</strong></span> <span class='ocrx_word' id='word_1_195' title='bbox 906 2297 1045 2372; x_wconf 85' lang='lat' dir='ltr'><strong>numquid</strong></span> <span class='ocrx_word' id='word_1_196' title='bbox 1066 2295 1137 2375; x_wconf 81' lang='lat' dir='ltr'><strong>[ibi]</strong></span> <span class='ocrx_word' id='word_1_197' title='bbox 1155 2309 1209 2354; x_wconf 87' lang='lat' dir='ltr'><strong>tam</strong></span> 
     </span>
     <span class='ocr_line' id='line_1_25' title="bbox 178 2380 1208 2458; baseline -0.002 -20"><span class='ocrx_word' id='word_1_198' title='bbox 178 2384 227 2440; x_wconf 91' lang='lat' dir='ltr'><strong>diu</strong></span> <span class='ocrx_word' id='word_1_199' title='bbox 245 2384 367 2458; x_wconf 85' lang='lat' dir='ltr'><strong>quisque</strong></span> <span class='ocrx_word' id='word_1_200' title='bbox 385 2380 557 2438; x_wconf 85' lang='lat' dir='ltr'><strong>iudicandus</strong></span> <span class='ocrx_word' id='word_1_201' title='bbox 575 2390 620 2437; x_wconf 86' lang='lat' dir='ltr'><strong>est</strong></span> <span class='ocrx_word' id='word_1_202' title='bbox 638 2397 704 2437; x_wconf 85' lang='lat' dir='ltr'><strong>esse</strong></span> <span class='ocrx_word' id='word_1_203' title='bbox 717 2380 837 2454; x_wconf 93' lang='lat' dir='ltr'><strong>debere,</strong></span> <span class='ocrx_word' id='word_1_204' title='bbox 863 2399 948 2458; x_wconf 85' lang='lat' dir='ltr'><strong>quam</strong></span> <span class='ocrx_word' id='word_1_205' title='bbox 965 2380 1013 2436; x_wconf 87' lang='lat' dir='ltr'><strong>diu</strong></span> <span class='ocrx_word' id='word_1_206' title='bbox 1036 2381 1111 2438; x_wconf 79' lang='lat' dir='ltr'><strong>feeit</strong></span> <span class='ocrx_word' id='word_1_207' title='bbox 1136 2381 1208 2438; x_wconf 85' lang='lat' dir='ltr'><strong>unde</strong></span> 
     </span>
     <span class='ocr_line' id='line_1_26' title="bbox 176 2466 1207 2546; baseline -0.001 -23"><span class='ocrx_word' id='word_1_208' title='bbox 176 2467 282 2524; x_wconf 89' lang='lat' dir='ltr'><strong>meruit</strong></span> <span class='ocrx_word' id='word_1_209' title='bbox 295 2467 424 2546; x_wconf 82' lang='lat' dir='ltr'><strong>alligori3</strong></span> <span class='ocrx_word' id='word_1_210' title='bbox 438 2483 526 2542; x_wconf 88' lang='lat' dir='ltr'><strong>quum</strong></span> <span class='ocrx_word' id='word_1_211' title='bbox 536 2466 694 2521; x_wconf 88' lang='lat' dir='ltr'><strong>iustissime</strong></span> <span class='ocrx_word' id='word_1_212' title='bbox 705 2483 831 2522; x_wconf 86' lang='lat' dir='ltr'><strong>annosos</strong></span> <span class='ocrx_word' id='word_1_213' title='bbox 844 2483 952 2540; x_wconf 85' lang='lat' dir='ltr'><strong>poenas</strong></span> <span class='ocrx_word' id='word_1_214' title='bbox 966 2483 1070 2522; x_wconf 85' lang='lat' dir='ltr'><strong>servus</strong></span> <span class='ocrx_word' id='word_1_215' title='bbox 1084 2467 1117 2522; x_wconf 90' lang='lat' dir='ltr'><strong>iu</strong></span> <span class='ocrx_word' id='word_1_216' title='bbox 1131 2485 1207 2522; x_wconf 84' lang='lat' dir='ltr'><strong>com·</strong></span> 
     </span>
     <span class='ocr_line' id='line_1_27' title="bbox 177 2548 1207 2627; baseline -0.002 -21"><span class='ocrx_word' id='word_1_217' title='bbox 177 2549 297 2627; x_wconf 85' lang='lat' dir='ltr'><strong>podibus</strong></span> <span class='ocrx_word' id='word_1_218' title='bbox 310 2549 435 2626; x_wconf 84' lang='lat' dir='ltr'><strong>pendet,</strong></span> <span class='ocrx_word' id='word_1_219' title='bbox 453 2551 502 2626; x_wconf 88' lang='lat' dir='ltr'><strong>qui</strong></span> <span class='ocrx_word' id='word_1_220' title='bbox 515 2548 604 2606; x_wconf 86' lang='lat' dir='ltr'><strong>verbo</strong></span> <span class='ocrx_word' id='word_1_221' title='bbox 617 2558 668 2604; x_wconf 88' lang='lat' dir='ltr'><strong>aut</strong></span> <span class='ocrx_word' id='word_1_222' title='bbox 681 2550 741 2604; x_wconf 87' lang='lat' dir='ltr'><strong>ictu</strong></span> <span class='ocrx_word' id='word_1_223' title='bbox 757 2551 908 2605; x_wconf 84' lang='lat' dir='ltr'><strong>celerrime</strong></span> <span class='ocrx_word' id='word_1_224' title='bbox 919 2558 1096 2604; x_wconf 73' lang='lat' dir='ltr'><strong>transeunte</strong></span> <span class='ocrx_word' id='word_1_225' title='bbox 1107 2553 1157 2606; x_wconf 85' lang='lat' dir='ltr'><strong>vel</strong></span> <span class='ocrx_word' id='word_1_226' title='bbox 1169 2552 1207 2605; x_wconf 85' lang='lat' dir='ltr'><strong>la-</strong></span> 
     </span>
     <span class='ocr_line' id='line_1_28' title="bbox 178 2627 1207 2711; baseline -0.003 -20"><span class='ocrx_word' id='word_1_227' title='bbox 178 2635 298 2692; x_wconf 77' lang='lat' dir='ltr'><strong>cessivit</strong></span> <span class='ocrx_word' id='word_1_228' title='bbox 310 2634 470 2703; x_wconf 84' lang='lat' dir='ltr'><strong>dominum,</strong></span> <span class='ocrx_word' id='word_1_229' title='bbox 482 2634 531 2690; x_wconf 82' lang='lat' dir='ltr'><strong>vel</strong></span> <span class='ocrx_word' id='word_1_230' title='bbox 543 2627 692 2710; x_wconf 78' lang='lat' dir='ltr'><strong>plagaviti</strong></span> <span class='ocrx_word' id='word_1_231' title='bbox 715 2630 776 2688; x_wconf 86' lang='lat' dir='ltr'><strong>lom</strong></span> <span class='ocrx_word' id='word_1_232' title='bbox 788 2650 859 2689; x_wconf 85' lang='lat' dir='ltr'><strong>vero</strong></span> <span class='ocrx_word' id='word_1_233' title='bbox 873 2631 1019 2704; x_wconf 86' lang='lat' dir='ltr'><strong>damnum,</strong></span> <span class='ocrx_word' id='word_1_234' title='bbox 1033 2634 1207 2711; x_wconf 84' lang='lat' dir='ltr'><strong>ignominia,</strong></span> 
     </span>
     <span class='ocr_line' id='line_1_29' title="bbox 178 2714 1207 2794; baseline -0.003 -20"><span class='ocrx_word' id='word_1_235' title='bbox 178 2721 324 2790; x_wconf 74' lang='lat' dir='ltr'><strong>exsilium,</strong></span> <span class='ocrx_word' id='word_1_236' title='bbox 340 2719 475 2788; x_wconf 72' lang='lat' dir='ltr'><strong>suerum,</strong></span> <span class='ocrx_word' id='word_1_237' title='bbox 490 2735 557 2774; x_wconf 87' lang='lat' dir='ltr'><strong>cum</strong></span> <span class='ocrx_word' id='word_1_238' title='bbox 569 2719 739 2793; x_wconf 81' lang='lat' dir='ltr'><strong>plerumque</strong></span> <span class='ocrx_word' id='word_1_239' title='bbox 751 2717 795 2772; x_wconf 87' lang='lat' dir='ltr'><strong>sio</strong></span> <span class='ocrx_word' id='word_1_240' title='bbox 807 2714 993 2794; x_wconf 72' lang='lat' dir='ltr'><strong>infliguntur,</strong></span> <span class='ocrx_word' id='word_1_241' title='bbox 1014 2725 1050 2772; x_wconf 88' lang='lat' dir='ltr'><strong>ut</strong></span> <span class='ocrx_word' id='word_1_242' title='bbox 1062 2717 1148 2774; x_wconf 84' lang='lat' dir='ltr'><strong>nulla</strong></span> <span class='ocrx_word' id='word_1_243' title='bbox 1160 2737 1207 2775; x_wconf 85' lang='lat' dir='ltr'><strong>ve-</strong></span> 
     </span>
     <span class='ocr_line' id='line_1_30' title="bbox 177 2798 1207 2875; baseline -0.001 -17"><span class='ocrx_word' id='word_1_244' title='bbox 177 2805 227 2858; x_wconf 77' lang='lat' dir='ltr'><strong>nis</strong></span> <span class='ocrx_word' id='word_1_245' title='bbox 240 2805 424 2873; x_wconf 71' lang='lat' dir='ltr'><strong>relaxentur,</strong></span> <span class='ocrx_word' id='word_1_246' title='bbox 448 2819 548 2858; x_wconf 86' lang='lat' dir='ltr'><strong>noune</strong></span> <span class='ocrx_word' id='word_1_247' title='bbox 567 2818 620 2874; x_wconf 90' lang='lat' dir='ltr'><strong>pro</strong></span> <span class='ocrx_word' id='word_1_248' title='bbox 633 2798 720 2856; x_wconf 82' lang='lat' dir='ltr'><strong>buius</strong></span> <span class='ocrx_word' id='word_1_249' title='bbox 733 2802 812 2858; x_wconf 88' lang='lat' dir='ltr'><strong>vitae</strong></span> <span class='ocrx_word' id='word_1_250' title='bbox 825 2799 910 2857; x_wconf 89' lang='lat' dir='ltr'><strong>modo</strong></span> <span class='ocrx_word' id='word_1_251' title='bbox 923 2799 1029 2856; x_wconf 82' lang='lat' dir='ltr'><strong>similia</strong></span> <span class='ocrx_word' id='word_1_252' title='bbox 1046 2801 1153 2875; x_wconf 81' lang='lat' dir='ltr'><strong>poenis</strong></span> <span class='ocrx_word' id='word_1_253' title='bbox 1166 2802 1207 2857; x_wconf 87' lang='lat' dir='ltr'><strong>ri·</strong></span> 
     </span>
     <span class='ocr_line' id='line_1_31' title="bbox 177 2881 1208 2960; baseline -0.004 -18"><span class='ocrx_word' id='word_1_254' title='bbox 177 2887 284 2942; x_wconf 84' lang='lat' dir='ltr'><strong>dentur</strong></span> <span class='ocrx_word' id='word_1_255' title='bbox 296 2881 443 2940; x_wconf 64' lang='lat' dir='ltr'><strong>aeternis?</strong></span> <span class='ocrx_word' id='word_1_256' title='bbox 478 2882 547 2941; x_wconf 89' lang='lat' dir='ltr'><strong>ldeo</strong></span> <span class='ocrx_word' id='word_1_257' title='bbox 561 2885 666 2959; x_wconf 87' lang='lat' dir='ltr'><strong>quippe</strong></span> <span class='ocrx_word' id='word_1_258' title='bbox 680 2894 800 2942; x_wconf 77' lang='lat' dir='ltr'><strong>aeterua</strong></span> <span class='ocrx_word' id='word_1_259' title='bbox 814 2903 878 2940; x_wconf 88' lang='lat' dir='ltr'><strong>esse</strong></span> <span class='ocrx_word' id='word_1_260' title='bbox 895 2902 956 2940; x_wconf 89' lang='lat' dir='ltr'><strong>nou</strong></span> <span class='ocrx_word' id='word_1_261' title='bbox 974 2894 1117 2958; x_wconf 83' lang='lat' dir='ltr'><strong>possunt,</strong></span> <span class='ocrx_word' id='word_1_262' title='bbox 1144 2885 1208 2960; x_wconf 87' lang='lat' dir='ltr'><strong>quia</strong></span> 
     </span>
     <span class='ocr_line' id='line_1_32' title="bbox 176 2966 1207 3046; baseline -0.002 -21"><span class='ocrx_word' id='word_1_263' title='bbox 176 2989 231 3025; x_wconf 88' lang='lat' dir='ltr'><strong>nec</strong></span> <span class='ocrx_word' id='word_1_264' title='bbox 244 2969 307 3042; x_wconf 85' lang='lat' dir='ltr'><strong>ipse</strong></span> <span class='ocrx_word' id='word_1_265' title='bbox 319 2969 391 3038; x_wconf 86' lang='lat' dir='ltr'><strong>rita,</strong></span> <span class='ocrx_word' id='word_1_266' title='bbox 406 2983 479 3042; x_wconf 83' lang='lat' dir='ltr'><strong>quae</strong></span> <span class='ocrx_word' id='word_1_267' title='bbox 490 2966 536 3023; x_wconf 84' lang='lat' dir='ltr'><strong>bis</strong></span> <span class='ocrx_word' id='word_1_268' title='bbox 549 2969 697 3041; x_wconf 78' lang='lat' dir='ltr'><strong>plectitur,</strong></span> <span class='ocrx_word' id='word_1_269' title='bbox 710 2970 873 3046; x_wconf 82' lang='lat' dir='ltr'><strong>porrigitur</strong></span> <span class='ocrx_word' id='word_1_270' title='bbox 885 2969 917 3024; x_wconf 88' lang='lat' dir='ltr'><strong>in</strong></span> <span class='ocrx_word' id='word_1_271' title='bbox 930 2975 1099 3024; x_wconf 83' lang='lat' dir='ltr'><strong>oeternum:</strong></span> <span class='ocrx_word' id='word_1_272' title='bbox 1123 2978 1155 3024; x_wconf 85' lang='lat' dir='ltr'><strong>et</strong></span> <span class='ocrx_word' id='word_1_273' title='bbox 1166 2979 1207 3023; x_wconf 82' lang='lat' dir='ltr'><strong>ts·</strong></span> 
     </span>
     <span class='ocr_line' id='line_1_33' title="bbox 176 3041 1206 3131; baseline -0.002 -23"><span class='ocrx_word' id='word_1_274' title='bbox 176 3069 243 3108; x_wconf 87' lang='lat' dir='ltr'><strong>meu</strong></span> <span class='ocrx_word' id='word_1_275' title='bbox 255 3059 385 3124; x_wconf 80' lang='lat' dir='ltr'><strong>peccata,</strong></span> <span class='ocrx_word' id='word_1_276' title='bbox 400 3067 475 3125; x_wconf 85' lang='lat' dir='ltr'><strong>quae</strong></span> <span class='ocrx_word' id='word_1_277' title='bbox 486 3050 674 3107; x_wconf 77' lang='lat' dir='ltr'><strong>vindicantur</strong></span> <span class='ocrx_word' id='word_1_278' title='bbox 686 3053 851 3131; x_wconf 81' lang='lat' dir='ltr'><strong>longissimi</strong></span> <span class='ocrx_word' id='word_1_279' title='bbox 863 3051 1003 3126; x_wconf 83' lang='lat' dir='ltr'><strong>temporis</strong></span> <span class='ocrx_word' id='word_1_280' title='bbox 1013 3041 1130 3125; x_wconf 82' lang='lat' dir='ltr'><strong>poeuis,</strong></span> <span class='ocrx_word' id='word_1_281' title='bbox 1143 3052 1206 3108; x_wconf 87' lang='lat' dir='ltr'><strong>bre-</strong></span> 
     </span>
     <span class='ocr_line' id='line_1_34' title="bbox 176 3135 1205 3212; baseline -0.001 -21"><span class='ocrx_word' id='word_1_282' title='bbox 176 3135 296 3191; x_wconf 86' lang='lat' dir='ltr'><strong>vissimo</strong></span> <span class='ocrx_word' id='word_1_283' title='bbox 310 3142 440 3210; x_wconf 88' lang='lat' dir='ltr'><strong>tempore</strong></span> <span class='ocrx_word' id='word_1_284' title='bbox 450 3142 668 3210; x_wconf 79' lang='lat' dir='ltr'><strong>perpetrentur3</strong></span> <span class='ocrx_word' id='word_1_285' title='bbox 681 3153 737 3192; x_wconf 89' lang='lat' dir='ltr'><strong>noc</strong></span> <span class='ocrx_word' id='word_1_286' title='bbox 751 3137 902 3212; x_wconf 73' lang='lat' dir='ltr'><strong>quisquam</strong></span> <span class='ocrx_word' id='word_1_287' title='bbox 916 3135 1031 3190; x_wconf 86' lang='lat' dir='ltr'><strong>exstitit</strong></span> <span class='ocrx_word' id='word_1_288' title='bbox 1043 3137 1094 3210; x_wconf 89' lang='lat' dir='ltr'><strong>qui</strong></span> <span class='ocrx_word' id='word_1_289' title='bbox 1107 3153 1205 3192; x_wconf 83' lang='lat' dir='ltr'><strong>cense-</strong></span> 
     </span>
     <span class='ocr_line' id='line_1_35' title="bbox 176 3218 1207 3293; baseline 0.001 -19"><span class='ocrx_word' id='word_1_290' title='bbox 176 3229 225 3274; x_wconf 89' lang='lat' dir='ltr'><strong>ret</strong></span> <span class='ocrx_word' id='word_1_291' title='bbox 237 3227 296 3274; x_wconf 86' lang='lat' dir='ltr'><strong>tsm</strong></span> <span class='ocrx_word' id='word_1_292' title='bbox 310 3219 368 3275; x_wconf 87' lang='lat' dir='ltr'><strong>cito</strong></span> <span class='ocrx_word' id='word_1_293' title='bbox 379 3220 556 3286; x_wconf 66' lang='lat' dir='ltr'><strong>vnocentium</strong></span> <span class='ocrx_word' id='word_1_294' title='bbox 572 3218 703 3276; x_wconf 85' lang='lat' dir='ltr'><strong>finienda</strong></span> <span class='ocrx_word' id='word_1_295' title='bbox 721 3237 785 3276; x_wconf 87' lang='lat' dir='ltr'><strong>esse</strong></span> <span class='ocrx_word' id='word_1_296' title='bbox 802 3227 962 3290; x_wconf 85' lang='lat' dir='ltr'><strong>tormenta,</strong></span> <span class='ocrx_word' id='word_1_297' title='bbox 989 3235 1076 3293; x_wconf 84' lang='lat' dir='ltr'><strong>quom</strong></span> <span class='ocrx_word' id='word_1_298' title='bbox 1092 3221 1153 3276; x_wconf 89' lang='lat' dir='ltr'><strong>cito</strong></span> <span class='ocrx_word' id='word_1_299' title='bbox 1165 3219 1207 3275; x_wconf 83' lang='lat' dir='ltr'><strong>ls-</strong></span> 
     </span>
     <span class='ocr_line' id='line_1_36' title="bbox 178 3299 1207 3380; baseline -0.003 -21"><span class='ocrx_word' id='word_1_300' title='bbox 178 3313 257 3360; x_wconf 87' lang='lat' dir='ltr'><strong>cturu</strong></span> <span class='ocrx_word' id='word_1_301' title='bbox 269 3312 314 3360; x_wconf 88' lang='lat' dir='ltr'><strong>est</strong></span> <span class='ocrx_word' id='word_1_302' title='bbox 325 3303 375 3359; x_wconf 83' lang='lat' dir='ltr'><strong>rel</strong></span> <span class='ocrx_word' id='word_1_303' title='bbox 386 3299 590 3374; x_wconf 86' lang='lat' dir='ltr'><strong>homicidium,</strong></span> <span class='ocrx_word' id='word_1_304' title='bbox 612 3305 660 3359; x_wconf 89' lang='lat' dir='ltr'><strong>vel</strong></span> <span class='ocrx_word' id='word_1_305' title='bbox 672 3302 860 3374; x_wconf 85' lang='lat' dir='ltr'><strong>adulterium,</strong></span> <span class='ocrx_word' id='word_1_306' title='bbox 872 3305 921 3360; x_wconf 84' lang='lat' dir='ltr'><strong>rel</strong></span> <span class='ocrx_word' id='word_1_307' title='bbox 934 3303 1138 3380; x_wconf 89' lang='lat' dir='ltr'><strong>soerilegium,</strong></span> <span class='ocrx_word' id='word_1_308' title='bbox 1164 3303 1207 3358; x_wconf 85' lang='lat' dir='ltr'><strong>rel</strong></span> 
     </span>
     <span class='ocr_line' id='line_1_37' title="bbox 177 3383 1208 3465; baseline -0.001 -21"><span class='ocrx_word' id='word_1_309' title='bbox 177 3387 327 3464; x_wconf 87' lang='lat' dir='ltr'><strong>quodlibet</strong></span> <span class='ocrx_word' id='word_1_310' title='bbox 340 3386 419 3443; x_wconf 88' lang='lat' dir='ltr'><strong>aliud</strong></span> <span class='ocrx_word' id='word_1_311' title='bbox 431 3390 538 3459; x_wconf 86' lang='lat' dir='ltr'><strong>scelus,</strong></span> <span class='ocrx_word' id='word_1_312' title='bbox 551 3405 613 3443; x_wconf 88' lang='lat' dir='ltr'><strong>non</strong></span> <span class='ocrx_word' id='word_1_313' title='bbox 622 3389 762 3461; x_wconf 80' lang='lat' dir='ltr'><strong>temporis</strong></span> <span class='ocrx_word' id='word_1_314' title='bbox 774 3385 969 3465; x_wconf 89' lang='lat' dir='ltr'><strong>longitudine,</strong></span> <span class='ocrx_word' id='word_1_315' title='bbox 982 3383 1034 3443; x_wconf 88' lang='lat' dir='ltr'><strong>sed</strong></span> <span class='ocrx_word' id='word_1_316' title='bbox 1045 3388 1208 3462; x_wconf 74' lang='lat' dir='ltr'><strong>iniquitatis</strong></span> 
     </span>
     <span class='ocr_line' id='line_1_38' title="bbox 178 3470 1209 3551; baseline -0.002 -23"><span class='ocrx_word' id='word_1_317' title='bbox 178 3483 207 3528; x_wconf 91' lang='lat' dir='ltr'><strong>et</strong></span> <span class='ocrx_word' id='word_1_318' title='bbox 229 3473 386 3548; x_wconf 78' lang='lat' dir='ltr'><strong>impictatis</strong></span> <span class='ocrx_word' id='word_1_319' title='bbox 409 3471 610 3551; x_wconf 81' lang='lat' dir='ltr'><strong>magnitudine</strong></span> <span class='ocrx_word' id='word_1_320' title='bbox 635 3470 820 3527; x_wconf 88' lang='lat' dir='ltr'><strong>metiendum.</strong></span> <span class='ocrx_word' id='word_1_321' title='bbox 859 3471 916 3538; x_wconf 74' lang='lat' dir='ltr'><strong>Qui</strong></span> <span class='ocrx_word' id='word_1_322' title='bbox 937 3487 1008 3528; x_wconf 83' lang='lat' dir='ltr'><strong>vero</strong></span> <span class='ocrx_word' id='word_1_323' title='bbox 1033 3488 1088 3546; x_wconf 87' lang='lat' dir='ltr'><strong>pro</strong></span> <span class='ocrx_word' id='word_1_324' title='bbox 1116 3473 1209 3546; x_wconf 73' lang='lat' dir='ltr'><strong>aliquo</strong></span> 
     </span>
     <span class='ocr_line' id='line_1_39' title="bbox 177 3554 1207 3634; baseline -0.004 -22"><span class='ocrx_word' id='word_1_325' title='bbox 177 3555 283 3634; x_wconf 88' lang='lat' dir='ltr'><strong>grandi</strong></span> <span class='ocrx_word' id='word_1_326' title='bbox 297 3557 419 3612; x_wconf 83' lang='lat' dir='ltr'><strong>crimine</strong></span> <span class='ocrx_word' id='word_1_327' title='bbox 431 3565 526 3612; x_wconf 91' lang='lat' dir='ltr'><strong>morte</strong></span> <span class='ocrx_word' id='word_1_328' title='bbox 539 3555 713 3626; x_wconf 87' lang='lat' dir='ltr'><strong>mulctatur,</strong></span> <span class='ocrx_word' id='word_1_329' title='bbox 727 3573 798 3612; x_wconf 89' lang='lat' dir='ltr'><strong>num</strong></span> <span class='ocrx_word' id='word_1_330' title='bbox 811 3555 879 3630; x_wconf 91' lang='lat' dir='ltr'><strong>quid</strong></span> <span class='ocrx_word' id='word_1_331' title='bbox 891 3571 972 3610; x_wconf 85' lang='lat' dir='ltr'><strong>mors</strong></span> <span class='ocrx_word' id='word_1_332' title='bbox 985 3572 1043 3630; x_wconf 83' lang='lat' dir='ltr'><strong>qua</strong></span> <span class='ocrx_word' id='word_1_333' title='bbox 1056 3554 1207 3622; x_wconf 87' lang='lat' dir='ltr'><strong>occiditur,</strong></span> 
     </span>
     <span class='ocr_line' id='line_1_40' title="bbox 178 3635 1206 3717; baseline 0 -23"><span class='ocrx_word' id='word_1_334' title='bbox 178 3657 251 3714; x_wconf 89' lang='lat' dir='ltr'><strong>quoe</strong></span> <span class='ocrx_word' id='word_1_335' title='bbox 264 3639 412 3714; x_wconf 73' lang='lat' dir='ltr'><strong>perbrevis</strong></span> <span class='ocrx_word' id='word_1_336' title='bbox 423 3649 478 3712; x_wconf 87' lang='lat' dir='ltr'><strong>est,</strong></span> <span class='ocrx_word' id='word_1_337' title='bbox 492 3641 555 3696; x_wconf 87' lang='lat' dir='ltr'><strong>eius</strong></span> <span class='ocrx_word' id='word_1_338' title='bbox 566 3641 739 3714; x_wconf 79' lang='lat' dir='ltr'><strong>supplicium</strong></span> <span class='ocrx_word' id='word_1_339' title='bbox 752 3641 834 3717; x_wconf 89' lang='lat' dir='ltr'><strong>leges</strong></span> <span class='ocrx_word' id='word_1_340' title='bbox 844 3639 1009 3709; x_wconf 83' lang='lat' dir='ltr'><strong>aestimant,</strong></span> <span class='ocrx_word' id='word_1_341' title='bbox 1023 3648 1124 3696; x_wconf 86' lang='lat' dir='ltr'><strong>etnon</strong></span> <span class='ocrx_word' id='word_1_342' title='bbox 1135 3635 1206 3715; x_wconf 83' lang='lat' dir='ltr'><strong>quod</strong></span> 
     </span>
     <span class='ocr_line' id='line_1_41' title="bbox 178 3718 1208 3797; baseline -0.001 -19"><span class='ocrx_word' id='word_1_343' title='bbox 178 3741 243 3778; x_wconf 88' lang='lat' dir='ltr'><strong>eum</strong></span> <span class='ocrx_word' id='word_1_344' title='bbox 256 3725 288 3778; x_wconf 91' lang='lat' dir='ltr'><strong>iu</strong></span> <span class='ocrx_word' id='word_1_345' title='bbox 301 3725 510 3797; x_wconf 87' lang='lat' dir='ltr'><strong>sempiternum</strong></span> <span class='ocrx_word' id='word_1_346' title='bbox 522 3722 659 3779; x_wconf 84' lang='lat' dir='ltr'><strong>auferunt</strong></span> <span class='ocrx_word' id='word_1_347' title='bbox 671 3723 706 3779; x_wconf 92' lang='lat' dir='ltr'><strong>de</strong></span> <span class='ocrx_word' id='word_1_348' title='bbox 717 3725 858 3780; x_wconf 87' lang='lat' dir='ltr'><strong>societate</strong></span> <span class='ocrx_word' id='word_1_349' title='bbox 871 3718 1054 3780; x_wconf 80' lang='lat' dir='ltr'><strong>virentiumi</strong></span> <span class='ocrx_word' id='word_1_350' title='bbox 1070 3723 1156 3790; x_wconf 75' lang='lat' dir='ltr'><strong>Quod</strong></span> <span class='ocrx_word' id='word_1_351' title='bbox 1169 3731 1208 3777; x_wconf 86' lang='lat' dir='ltr'><strong>est</strong></span> 
     </span>
     <span class='ocr_line' id='line_1_42' title="bbox 177 3805 1207 3882; baseline 0.002 -22"><span class='ocrx_word' id='word_1_352' title='bbox 177 3814 274 3860; x_wconf 88' lang='lat' dir='ltr'><strong>autem</strong></span> <span class='ocrx_word' id='word_1_353' title='bbox 291 3805 326 3860; x_wconf 92' lang='lat' dir='ltr'><strong>de</strong></span> <span class='ocrx_word' id='word_1_354' title='bbox 339 3807 396 3860; x_wconf 84' lang='lat' dir='ltr'><strong>ista</strong></span> <span class='ocrx_word' id='word_1_355' title='bbox 407 3805 532 3864; x_wconf 73' lang='lat' dir='ltr'><strong>Ciuitate</strong></span> <span class='ocrx_word' id='word_1_356' title='bbox 545 3809 661 3866; x_wconf 75' lang='lat' dir='ltr'><strong>mortali</strong></span> <span class='ocrx_word' id='word_1_357' title='bbox 675 3807 807 3864; x_wconf 86' lang='lat' dir='ltr'><strong>hominos</strong></span> <span class='ocrx_word' id='word_1_358' title='bbox 821 3808 960 3882; x_wconf 86' lang='lat' dir='ltr'><strong>supplicio</strong></span> <span class='ocrx_word' id='word_1_359' title='bbox 973 3807 1086 3880; x_wconf 85' lang='lat' dir='ltr'><strong>primae</strong></span> <span class='ocrx_word' id='word_1_360' title='bbox 1099 3807 1207 3874; x_wconf 80' lang='lat' dir='ltr'><strong>mortis,</strong></span> 
     </span>
     <span class='ocr_line' id='line_1_43' title="bbox 176 3885 1206 3966; baseline 0.002 -25"><span class='ocrx_word' id='word_1_361' title='bbox 176 3885 232 3943; x_wconf 89' lang='lat' dir='ltr'><strong>hoc</strong></span> <span class='ocrx_word' id='word_1_362' title='bbox 252 3896 297 3943; x_wconf 89' lang='lat' dir='ltr'><strong>est</strong></span> <span class='ocrx_word' id='word_1_363' title='bbox 315 3887 351 3943; x_wconf 91' lang='lat' dir='ltr'><strong>de</strong></span> <span class='ocrx_word' id='word_1_364' title='bbox 364 3887 489 3946; x_wconf 82' lang='lat' dir='ltr'><strong>Civitete</strong></span> <span class='ocrx_word' id='word_1_365' title='bbox 508 3891 558 3946; x_wconf 86' lang='lat' dir='ltr'><strong>ills</strong></span> <span class='ocrx_word' id='word_1_366' title='bbox 578 3893 736 3950; x_wconf 81' lang='lat' dir='ltr'><strong>immortsli</strong></span> <span class='ocrx_word' id='word_1_367' title='bbox 757 3890 889 3950; x_wconf 87' lang='lat' dir='ltr'><strong>homiues</strong></span> <span class='ocrx_word' id='word_1_368' title='bbox 909 3890 1051 3966; x_wconf 88' lang='lat' dir='ltr'><strong>supplicio</strong></span> <span class='ocrx_word' id='word_1_369' title='bbox 1065 3890 1206 3947; x_wconf 83' lang='lat' dir='ltr'><strong>secundae</strong></span> 
     </span>
    </p>
   </div>
   <div class='ocr_carea' id='block_1_7' title="bbox 0 0 1260 4404">
    <p class='ocr_par' dir='ltr' id='par_1_7' title="bbox 0 0 1260 4404">
     <span class='ocr_line' id='line_1_44' title="bbox 0 0 1260 4404; baseline 0 0"><span class='ocrx_word' id='word_1_370' title='bbox 0 0 1260 4404; x_wconf 95' lang='lat' dir='ltr'><strong> </strong></span> 
     </span>
    </p>
   </div>
  </div>
 </body>
</html>
