2590 4396
258 215 320 275 DE
344 213 564 277 ClVl'l'Al'E
588 219 667 279 DEl
695 224 776 283 ΗΒ.
800 225 860 285 ΙΙΙ.
1049 241 1087 292 et

49 376 244 431 recoluerunt
257 369 406 448 originem
418 369 454 426 ab
469 371 532 427 eius
547 369 711 433 offensione
725 381 873 437 sumsisse.
906 381 971 456 lpsa
984 387 1090 463 quippe

48 461 109 534 quia
121 460 209 513 inter
223 453 298 510 deos
311 470 373 509 non
386 452 486 509 meret
502 456 645 529 invitata,
671 461 761 518 trium
775 462 896 521 dearum
912 468 992 524 litem
1006 473 1090 528 aurei

47 544 107 598 mali
121 539 336 615 suppositione
350 547 515 595 cumulenta
527 549 590 616 ests
612 541 690 598 unde
706 546 774 601 rixa
793 549 962 621 numinum,
989 562 1019 608 et
1032 552 1089 609 Ve-

45 645 94 682 nus
108 625 244 693 victrix,
270 629 301 676 et
322 629 407 695 rapta
430 619 561 694 Helena,
588 633 618 680 et
640 624 732 683 Troia
755 627 858 687 deleta.
895 634 1088 709 Quapropter,

45 712 66 764 si
77 710 157 765 forte
169 705 334 783 indignata
348 704 425 780 quod
438 706 517 761 inter
529 705 599 764 deos
613 709 645 764 in
659 707 736 767 Vrbe
750 710 864 770 nullum
883 719 1025 790 templum
1037 716 1088 774 ha-

44 794 105 848 bere
129 790 263 858 meruit,
291 786 358 844 ideo
384 789 443 844 iam
465 790 602 848 turbabat
621 795 712 850 tantis
726 799 899 854 tumultibus
927 801 1088 872 civitatem,

44 883 148 950 quanto
164 873 304 929 atrocius
316 873 417 946 potuit
437 873 562 943 irritati,
590 893 657 930 cnm
670 877 702 932 in
716 878 781 936 loco
795 881 874 936 illius
889 882 1005 955 caedis,
1031 883 1088 940 hoc

45 967 97 1030 est,
124 959 159 1014 in
173 959 245 1014 loco
261 956 310 1010 sui
323 955 421 1028 operis
435 953 620 1013 adversariae
635 976 706 1014 suae
721 965 912 1020 constitutam
926 965 1028 1024 aedem
1040 971 1086 1024 vi-

46 1037 143 1097 deret?
182 1037 273 1095 Haec
287 1055 365 1094 vana
379 1037 543 1095 ridentibus
557 1041 642 1097 nobis
655 1043 699 1098 illi
713 1043 792 1102 docti
806 1049 1011 1124 sapientesque
1025 1061 1086 1108 sto·

44 1123 236 1192 mechantur,
259 1130 403 1177 ettamen
417 1123 572 1180 numinum
585 1125 730 1182 bonorum
742 1131 944 1204 malorumque
958 1135 1086 1190 cultores

46 1207 75 1262 de
87 1207 142 1262 bac
156 1207 341 1281 quaestione
355 1203 537 1262 Concordiae
550 1206 784 1285 Discordiaeque
797 1230 858 1268 non
872 1225 1000 1285 exeunt,
1024 1219 1087 1272 sive

45 1289 299 1365 praetermiserint
311 1285 418 1350 harum
440 1288 560 1346 dearum
586 1293 713 1362 cultum,
740 1295 842 1368 eisque
854 1295 978 1352 Febrem
990 1296 1087 1354 Bello-

47 1392 164 1448 namque
179 1372 404 1447 praetulerint,
432 1373 536 1446 quibus
563 1375 686 1448 antiqua
709 1375 779 1432 fana
804 1377 1089 1450 fecerunt31iveet

47 1458 113 1511 istas
137 1456 309 1525 coluerint,
337 1473 405 1510 cum
419 1456 462 1510 sic
476 1475 525 1512 eos
540 1456 710 1513 discedente
725 1457 904 1533 Concordia,
931 1461 1088 1520 Discordia

48 1540 173 1595 saeviens
186 1556 289 1613 usque
303 1535 341 1592 ad
351 1539 451 1594 civilia
463 1539 538 1596 bella
550 1539 732 1616 perduxerit.

405 1689 529 1747 CAP.
574 1691 725 1750 xxvi.

46 1785 83 1838 De
101 1789 215 1840 diensis
232 1787 383 1858 generibus
404 1785 478 1850 belli,
498 1805 566 1909 qnqze
582 1799 647 1910 potat
665 1791 802 1844 conditam
816 1795 907 1846 aedem
919 1793 1085 1848 Concordiae

480 1873 530 1909 ann
552 1873 613 1910 secu
627 1876 652 1911 c.

102 1964 299 2021 Pracelarum
311 1979 384 2018 vero
399 1961 594 2022 seditionibus
609 1967 809 2040 obstaculum,
836 1969 938 2026 aedem
952 1969 1084 2026 Concor-

47 2047 102 2103 diae
128 2057 241 2103 testem
270 2045 369 2102 caedis
396 2049 590 2123 suppliciique
616 2049 818 2108 Gracchorum
837 2053 1084 2108 'concionantibus

47 2131 246 2205 opponendam
258 2139 412 2204 putarunt.
457 2131 607 2196 Quantum
621 2151 658 2188 ex
671 2132 727 2190 hoe
739 2134 937 2208 profecerint,
951 2133 1085 2190 indicant

47 2225 139 2270 secuta
152 2215 269 2289 peiora.
313 2211 502 2270 laborarunt
514 2217 592 2271 enim
605 2215 743 2292 deinceps
758 2219 996 2288 concionatores,
1024 2237 1084 2275 non

46 2299 208 2372 exemplum
235 2295 369 2354 devitare
396 2295 611 2369 Gracchorum,
645 2301 697 2356 sed
723 2313 877 2375 superare¹
889 2304 1084 2377 propositum,

46 2380 149 2438 Lucius
162 2379 349 2438 Saturninus
363 2379 501 2436 tribunus
513 2381 622 2454 plebis,
648 2393 678 2439 et
690 2382 779 2440 Caius
793 2383 940 2442 Servilius
953 2394 1082 2459 praetor,

46 2474 71 2519 et
90 2466 186 2520 multo
200 2462 404 2538 postblarcus
417 2461 551 2536 Drusus,
580 2484 706 2540 quorum
731 2469 862 2523 emnium
888 2467 1083 2523 seditionibus

45 2547 143 2603 caedes
156 2549 253 2622 primo
267 2547 326 2602 iam
339 2555 413 2602 tunc
425 2549 635 2624 gravissimae,
652 2548 757 2603 deinde
773 2551 894 2603 sociabo
907 2550 983 2603 bella
997 2565 1083 2602 exar-

44 2639 158 2686 serunt:
186 2631 292 2704 quibus
306 2628 393 2685 ltalia
407 2627 597 2686 vehementer
609 2628 733 2698 afflicta,
754 2637 785 2682 et
798 2628 834 2683 ad
847 2629 1015 2683 vastitatem
1029 2631 1084 2683 mi-

43 2715 164 2770 rabilem
189 2713 449 2786 desertionemque
474 2709 615 2785 perducta
634 2705 688 2766 est.
723 2708 839 2764 Bellum
857 2708 963 2764 deinde
977 2712 1084 2766 servile

41 2797 203 2866 successit,
229 2805 260 2850 et
274 2797 349 2851 bella
363 2796 475 2849 civilia:
501 2795 534 2848 in
560 2794 665 2866 quibus
693 2809 767 2866 quae
792 2793 904 2866 proelia
930 2793 1085 2849 commissa

40 2889 120 2949 sunt,
143 2877 214 2952 qnid
226 2878 383 2955 sanguinis
397 2871 513 2932 susum?
540 2884 575 2931 ut
590 2893 691 2932 omnes
705 2875 768 2931 fere
781 2874 872 2931 ltalae
885 2885 1001 2953 gentes,
1016 2877 1082 2951 qui-

40 2963 90 3018 bus
105 2961 276 3018 Romanum
288 2960 417 3016 maxime
431 2960 628 3034 praepollebat
642 2959 814 3032 imperium,
841 2968 981 3034 tanquam
995 2977 1084 3016 saeva

37 3046 188 3102 barbaries
204 3043 404 3100 domarentur.
448 3039 509 3098 lam
536 3060 574 3097 ex
600 3043 800 3117 paucissimis,
827 3039 883 3098 hoc
897 3051 958 3114 est,
985 3045 1082 3100 minus

38 3147 122 3202 quam
137 3129 332 3204 septuaginta
346 3124 560 3203 gladiatoribus
576 3124 818 3200 quemadmodum
841 3127 950 3182 bellum
975 3128 1082 3182 servile

39 3219 228 3269 contractum
241 3211 297 3281 sit,
311 3209 348 3265 ad
362 3217 505 3282 quantum
517 3227 671 3266 numerum
684 3218 713 3264 et
727 3225 813 3283 quam
826 3227 925 3265 aerem
937 3209 1081 3267 ferocem-

39 3313 90 3368 que
107 3295 302 3371 pervenerit:
330 3309 404 3367 qnos
418 3291 469 3346 ille
483 3309 622 3349 numerus
635 3293 826 3367 imperatores
840 3293 941 3367 populi
955 3290 1082 3348 Romani

37 3378 240 3453 superaverit:
255 3393 328 3451 quas
342 3384 374 3431 et
387 3374 532 3450 quomodo
548 3377 682 3432 civitates
696 3377 894 3453 regionesque
906 3374 1081 3441 vastaverit,

35 3462 83 3516 vix
108 3464 163 3537 qui
189 3459 350 3515 historiam
376 3459 630 3532 conscripserunt,
656 3460 728 3514 satis
748 3460 897 3532 explicare
909 3462 1079 3531 potuerunt.

35 3541 136 3619 Neque
148 3545 181 3600 id
195 3543 295 3599 solum
306 3541 364 3601 tuit
377 3542 486 3598 servile
496 3541 620 3613 bellum3
635 3540 686 3596 sed
700 3550 730 3596 et
743 3541 945 3598 Macedoniam
958 3537 1080 3610 provin-

36 3628 107 3682 ciam
121 3629 209 3702 prius
224 3625 352 3682 servitia
365 3623 540 3698 depopulata
552 3634 638 3694 sunt,
665 3621 770 3696 deinde
785 3622 918 3680 Siciliam
941 3635 1080 3694 oramque

35 3712 219 3768 maritimam.
268 3708 388 3774 Quanta
401 3709 489 3764 etiam
503 3716 533 3762 et
546 3724 633 3781 quam
644 3705 792 3763 horrenda
805 3701 1007 3762 conuniserint
1018 3703 1080 3779 pri-

37 3808 76 3846 no
90 3793 272 3860 latrocinia,
303 3788 409 3845 deinde
422 3789 519 3846 valida
533 3790 609 3847 bella
621 3791 796 3866 piratarum,
818 3787 883 3862 quis
897 3787 1080 3866 promagni-

37 3875 134 3933 tudine
146 3895 254 3932 rerum
267 3874 369 3930 valcat
382 3869 498 3948 eloquii
941 3897 944 3904 ·
983 3878 984 3882 ’
1095 3867 1100 3874 ’
