<?xml version="1.0" encoding="UTF-8"?>
<!DOCTYPE html PUBLIC "-//W3C//DTD XHTML 1.0 Transitional//EN"
    "http://www.w3.org/TR/xhtml1/DTD/xhtml1-transitional.dtd">
<html xmlns="http://www.w3.org/1999/xhtml" xml:lang="en" lang="en">
 <head>
  <title>
</title>
<meta http-equiv="Content-Type" content="text/html;charset=utf-8" />
  <meta name='ocr-system' content='tesseract 3.04.00' />
  <meta name='ocr-capabilities' content='ocr_page ocr_carea ocr_par ocr_line ocrx_word'/>
</head>
<body>
  <div class='ocr_page' id='page_1' title='image "./saureliiaugusti02augugoog_0639.png"; bbox 0 0 2538 4392; ppageno 0'>
   <div class='ocr_carea' id='block_1_1' title="bbox 198 195 1051 260">
    <p class='ocr_par' dir='ltr' id='par_1_1' title="bbox 198 195 1051 260">
     <span class='ocr_line' id='line_1_1' title="bbox 198 195 1051 260; baseline -0.002 -2"><span class='ocrx_word' id='word_1_1' title='bbox 198 203 259 260; x_wconf 80' lang='lat'><strong>22⁰</strong></span> <span class='ocrx_word' id='word_1_2' title='bbox 430 195 530 256; x_wconf 90' lang='lat' dir='ltr'><strong>DlVl</strong></span> <span class='ocrx_word' id='word_1_3' title='bbox 555 195 743 256; x_wconf 76' lang='lat' dir='ltr'><strong>nvunnrl</strong></span> <span class='ocrx_word' id='word_1_4' title='bbox 762 195 1015 257; x_wconf 79' lang='lat' dir='ltr'><strong>AVGVSTlNl</strong></span> <span class='ocrx_word' id='word_1_5' title='bbox 1047 249 1051 256; x_wconf 88' lang='lat'><strong>.</strong></span> 
     </span>
    </p>
   </div>
   <div class='ocr_carea' id='block_1_2' title="bbox 192 347 1238 2240">
    <p class='ocr_par' dir='ltr' id='par_1_2' title="bbox 192 347 1238 2240">
     <span class='ocr_line' id='line_1_2' title="bbox 196 347 1238 450; baseline -0.003 -44"><span class='ocrx_word' id='word_1_6' title='bbox 196 352 287 429; x_wconf 84' lang='lat' dir='ltr'><strong>lignis</strong></span> <span class='ocrx_word' id='word_1_7' title='bbox 300 359 329 406; x_wconf 91' lang='lat' dir='ltr'><strong>et</strong></span> <span class='ocrx_word' id='word_1_8' title='bbox 339 347 494 422; x_wconf 75' lang='lat' dir='ltr'>lapidibus,</span> <span class='ocrx_word' id='word_1_9' title='bbox 507 350 689 424; x_wconf 87' lang='lat' dir='ltr'><strong>caeterisque</strong></span> <span class='ocrx_word' id='word_1_10' title='bbox 698 349 851 423; x_wconf 74' lang='lat' dir='ltr'><strong>praetiosis</strong></span> <span class='ocrx_word' id='word_1_11' title='bbox 864 348 952 404; x_wconf 90' lang='lat' dir='ltr'><strong>rebus</strong></span> <span class='ocrx_word' id='word_1_12' title='bbox 965 353 1155 450; x_wconf 67' lang='lat' dir='ltr'><strong>metallisque</strong></span> <span class='ocrx_word' id='word_1_13' title='bbox 1170 375 1238 414; x_wconf 87' lang='lat' dir='ltr'><strong>con.</strong></span> 
     </span>
     <span class='ocr_line' id='line_1_3' title="bbox 197 430 1238 529; baseline 0.006 -39"><span class='ocrx_word' id='word_1_14' title='bbox 197 441 319 490; x_wconf 87' lang='lat' dir='ltr'><strong>structa</strong></span> <span class='ocrx_word' id='word_1_15' title='bbox 350 430 439 488; x_wconf 90' lang='lat' dir='ltr'><strong>Non</strong></span> <span class='ocrx_word' id='word_1_16' title='bbox 431 442 529 508; x_wconf 81' lang='lat' dir='ltr'><strong>itaque</strong></span> <span class='ocrx_word' id='word_1_17' title='bbox 542 431 656 509; x_wconf 81' lang='lat' dir='ltr'><strong>Aggaci</strong></span> <span class='ocrx_word' id='word_1_18' title='bbox 668 430 864 529; x_wconf 88' lang='lat' dir='ltr'><strong>prophetiam</strong></span> <span class='ocrx_word' id='word_1_19' title='bbox 878 433 979 505; x_wconf 90' lang='lat' dir='ltr'><strong>templi</strong></span> <span class='ocrx_word' id='word_1_20' title='bbox 991 434 1095 490; x_wconf 89' lang='lat' dir='ltr'><strong>illius&#39;</strong></span> <span class='ocrx_word' id='word_1_21' title='bbox 1086 450 1238 496; x_wconf 75' lang='lat' dir='ltr'><strong>metaure-</strong></span> 
     </span>
     <span class='ocr_line' id='line_1_4' title="bbox 198 513 1235 596; baseline 0.005 -24"><span class='ocrx_word' id='word_1_22' title='bbox 198 518 278 575; x_wconf 89' lang='lat' dir='ltr'><strong>ticne</strong></span> <span class='ocrx_word' id='word_1_23' title='bbox 291 516 434 588; x_wconf 88' lang='lat' dir='ltr'><strong>completa</strong></span> <span class='ocrx_word' id='word_1_24' title='bbox 450 524 503 571; x_wconf 90' lang='lat' dir='ltr'><strong>est.</strong></span> <span class='ocrx_word' id='word_1_25' title='bbox 538 513 586 570; x_wconf 88' lang='lat' dir='ltr'><strong>Ex</strong></span> <span class='ocrx_word' id='word_1_26' title='bbox 608 532 665 588; x_wconf 89' lang='lat' dir='ltr'><strong>quo</strong></span> <span class='ocrx_word' id='word_1_27' title='bbox 684 516 763 570; x_wconf 90' lang='lat' dir='ltr'><strong>enim</strong></span> <span class='ocrx_word' id='word_1_28' title='bbox 780 515 975 570; x_wconf 87' lang='lat' dir='ltr'><strong>instauratum</strong></span> <span class='ocrx_word' id='word_1_29' title='bbox 994 524 1054 586; x_wconf 88' lang='lat' dir='ltr'><strong>est,</strong></span> <span class='ocrx_word' id='word_1_30' title='bbox 1082 537 1235 596; x_wconf 87' lang='lat' dir='ltr'><strong>nunquam</strong></span> 
     </span>
     <span class='ocr_line' id='line_1_5' title="bbox 196 595 1234 693; baseline 0.004 -39"><span class='ocrx_word' id='word_1_31' title='bbox 196 597 375 668; x_wconf 73' lang='lat' dir='ltr'><strong>ostenditur,</strong></span> <span class='ocrx_word' id='word_1_32' title='bbox 401 596 537 654; x_wconf 82' lang='lat' dir='ltr'><strong>habuisse</strong></span> <span class='ocrx_word' id='word_1_33' title='bbox 550 605 662 654; x_wconf 85' lang='lat' dir='ltr'><strong>tantam</strong></span> <span class='ocrx_word' id='word_1_34' title='bbox 675 599 816 674; x_wconf 79' lang='lat' dir='ltr'><strong>gloriam,</strong></span> <span class='ocrx_word' id='word_1_35' title='bbox 831 605 978 693; x_wconf 34' lang='lat' dir='ltr'><strong>‘quantum</strong></span> <span class='ocrx_word' id='word_1_36' title='bbox 989 595 1092 655; x_wconf 86' lang='lat' dir='ltr'><strong>hahuit</strong></span> <span class='ocrx_word' id='word_1_37' title='bbox 1105 609 1234 676; x_wconf 88' lang='lat' dir='ltr'><strong>tempore</strong></span> 
     </span>
     <span class='ocr_line' id='line_1_6' title="bbox 197 678 1233 758; baseline 0.002 -20"><span class='ocrx_word' id='word_1_38' title='bbox 197 678 377 738; x_wconf 84' lang='lat' dir='ltr'><strong>Salomonis·</strong></span> <span class='ocrx_word' id='word_1_39' title='bbox 404 681 462 736; x_wconf 89' lang='lat' dir='ltr'><strong>imo</strong></span> <span class='ocrx_word' id='word_1_40' title='bbox 481 681 579 752; x_wconf 87' lang='lat' dir='ltr'><strong>potius</strong></span> <span class='ocrx_word' id='word_1_41' title='bbox 600 680 775 750; x_wconf 74' lang='lat' dir='ltr'><strong>ostenditur,</strong></span> <span class='ocrx_word' id='word_1_42' title='bbox 793 680 918 753; x_wconf 87' lang='lat' dir='ltr'><strong>primum</strong></span> <span class='ocrx_word' id='word_1_43' title='bbox 933 682 1098 738; x_wconf 85' lang='lat' dir='ltr'><strong>cessatione</strong></span> <span class='ocrx_word' id='word_1_44' title='bbox 1110 683 1233 758; x_wconf 88' lang='lat' dir='ltr'><strong>prophe-</strong></span> 
     </span>
     <span class='ocr_line' id='line_1_7' title="bbox 194 759 1233 842; baseline 0.004 -24"><span class='ocrx_word' id='word_1_45' title='bbox 194 765 254 820; x_wconf 88' lang='lat' dir='ltr'><strong>tiae</strong></span> <span class='ocrx_word' id='word_1_46' title='bbox 267 763 357 818; x_wconf 88' lang='lat' dir='ltr'><strong>fuisse</strong></span> <span class='ocrx_word' id='word_1_47' title='bbox 369 761 473 818; x_wconf 88' lang='lat' dir='ltr'><strong>domus</strong></span> <span class='ocrx_word' id='word_1_48' title='bbox 488 763 568 818; x_wconf 84' lang='lat' dir='ltr'><strong>illius</strong></span> <span class='ocrx_word' id='word_1_49' title='bbox 584 762 708 839; x_wconf 77' lang='lat' dir='ltr'><strong>gloriam</strong></span> <span class='ocrx_word' id='word_1_50' title='bbox 721 762 909 831; x_wconf 76' lang='lat' dir='ltr'><strong>diminutam,</strong></span> <span class='ocrx_word' id='word_1_51' title='bbox 936 759 1062 818; x_wconf 89' lang='lat' dir='ltr'><strong>deinde</strong></span> <span class='ocrx_word' id='word_1_52' title='bbox 1053 767 1148 838; x_wconf 81' lang='lat' dir='ltr'><strong>ipsius</strong></span> <span class='ocrx_word' id='word_1_53' title='bbox 1162 785 1233 842; x_wconf 83' lang='lat' dir='ltr'><strong>gen-</strong></span> 
     </span>
     <span class='ocr_line' id='line_1_8' title="bbox 195 843 1233 919; baseline 0.002 -17"><span class='ocrx_word' id='word_1_54' title='bbox 195 847 234 902; x_wconf 89' lang='lat' dir='ltr'><strong>tis</strong></span> <span class='ocrx_word' id='word_1_55' title='bbox 249 845 377 902; x_wconf 91' lang='lat' dir='ltr'><strong>cladibus</strong></span> <span class='ocrx_word' id='word_1_56' title='bbox 394 847 482 900; x_wconf 86' lang='lat' dir='ltr'><strong>tantis</strong></span> <span class='ocrx_word' id='word_1_57' title='bbox 496 862 589 919; x_wconf 88' lang='lat' dir='ltr'><strong>usque</strong></span> <span class='ocrx_word' id='word_1_58' title='bbox 603 843 640 899; x_wconf 89' lang='lat' dir='ltr'><strong>ad</strong></span> <span class='ocrx_word' id='word_1_59' title='bbox 652 845 786 900; x_wconf 90' lang='lat' dir='ltr'><strong>ultimum</strong></span> <span class='ocrx_word' id='word_1_60' title='bbox 798 843 954 913; x_wconf 84' lang='lat' dir='ltr'><strong>excidium,</strong></span> <span class='ocrx_word' id='word_1_61' title='bbox 974 845 1051 919; x_wconf 89' lang='lat' dir='ltr'><strong>qued</strong></span> <span class='ocrx_word' id='word_1_62' title='bbox 1065 846 1178 903; x_wconf 84' lang='lat' dir='ltr'><strong>foetum</strong></span> <span class='ocrx_word' id='word_1_63' title='bbox 1191 859 1233 904; x_wconf 84' lang='lat' dir='ltr'><strong>est</strong></span> 
     </span>
     <span class='ocr_line' id='line_1_9' title="bbox 196 927 1230 1002; baseline 0.001 -18"><span class='ocrx_word' id='word_1_64' title='bbox 196 927 382 996; x_wconf 80' lang='lat' dir='ltr'><strong>allemania,</strong></span> <span class='ocrx_word' id='word_1_65' title='bbox 408 928 485 982; x_wconf 90' lang='lat' dir='ltr'><strong>sicut</strong></span> <span class='ocrx_word' id='word_1_66' title='bbox 505 945 539 982; x_wconf 89' lang='lat' dir='ltr'><strong>ea</strong></span> <span class='ocrx_word' id='word_1_67' title='bbox 561 944 636 1002; x_wconf 83' lang='lat' dir='ltr'><strong>quae</strong></span> <span class='ocrx_word' id='word_1_68' title='bbox 657 943 744 1002; x_wconf 88' lang='lat' dir='ltr'><strong>supra</strong></span> <span class='ocrx_word' id='word_1_69' title='bbox 756 935 827 982; x_wconf 91' lang='lat' dir='ltr'><strong>sunt</strong></span> <span class='ocrx_word' id='word_1_70' title='bbox 840 936 1063 982; x_wconf 85' lang='lat' dir='ltr'><strong>commemorata</strong></span> <span class='ocrx_word' id='word_1_71' title='bbox 1077 938 1230 985; x_wconf 89' lang='lat' dir='ltr'><strong>testantur.</strong></span> 
     </span>
     <span class='ocr_line' id='line_1_10' title="bbox 194 1007 1228 1084; baseline 0.002 -19"><span class='ocrx_word' id='word_1_72' title='bbox 194 1009 275 1065; x_wconf 88' lang='lat' dir='ltr'><strong>Haec</strong></span> <span class='ocrx_word' id='word_1_73' title='bbox 294 1018 393 1064; x_wconf 90' lang='lat' dir='ltr'><strong>autem</strong></span> <span class='ocrx_word' id='word_1_74' title='bbox 413 1008 516 1066; x_wconf 90' lang='lat' dir='ltr'><strong>domus</strong></span> <span class='ocrx_word' id='word_1_75' title='bbox 536 1009 573 1065; x_wconf 90' lang='lat' dir='ltr'><strong>ad</strong></span> <span class='ocrx_word' id='word_1_76' title='bbox 591 1026 701 1066; x_wconf 89' lang='lat' dir='ltr'><strong>novum</strong></span> <span class='ocrx_word' id='word_1_77' title='bbox 724 1011 876 1084; x_wconf 88' lang='lat' dir='ltr'><strong>pertinens</strong></span> <span class='ocrx_word' id='word_1_78' title='bbox 887 1007 1125 1083; x_wconf 86' lang='lat' dir='ltr'><strong>Testamentum,</strong></span> <span class='ocrx_word' id='word_1_79' title='bbox 1148 1021 1228 1068; x_wconf 86' lang='lat' dir='ltr'><strong>tanto</strong></span> 
     </span>
     <span class='ocr_line' id='line_1_11' title="bbox 194 1092 1230 1170; baseline 0.002 -24"><span class='ocrx_word' id='word_1_80' title='bbox 194 1092 295 1165; x_wconf 87' lang='lat' dir='ltr'><strong>utique</strong></span> <span class='ocrx_word' id='word_1_81' title='bbox 308 1092 427 1147; x_wconf 85' lang='lat' dir='ltr'><strong>maioris</strong></span> <span class='ocrx_word' id='word_1_82' title='bbox 441 1101 487 1148; x_wconf 91' lang='lat' dir='ltr'><strong>est</strong></span> <span class='ocrx_word' id='word_1_83' title='bbox 501 1093 632 1170; x_wconf 85' lang='lat' dir='ltr'><strong>gloriae,</strong></span> <span class='ocrx_word' id='word_1_84' title='bbox 658 1101 768 1166; x_wconf 86' lang='lat' dir='ltr'><strong>quanto</strong></span> <span class='ocrx_word' id='word_1_85' title='bbox 787 1093 923 1148; x_wconf 87' lang='lat' dir='ltr'><strong>meliores</strong></span> <span class='ocrx_word' id='word_1_86' title='bbox 943 1100 1012 1148; x_wconf 86' lang='lat' dir='ltr'><strong>sunt</strong></span> <span class='ocrx_word' id='word_1_87' title='bbox 1030 1093 1142 1166; x_wconf 91' lang='lat' dir='ltr'><strong>lapides</strong></span> <span class='ocrx_word' id='word_1_88' title='bbox 1159 1095 1230 1164; x_wconf 80' lang='lat' dir='ltr'><strong>riri,</strong></span> 
     </span>
     <span class='ocr_line' id='line_1_12' title="bbox 198 1172 1230 1250; baseline 0.005 -22"><span class='ocrx_word' id='word_1_89' title='bbox 198 1173 304 1249; x_wconf 86' lang='lat' dir='ltr'><strong>quibus</strong></span> <span class='ocrx_word' id='word_1_90' title='bbox 318 1173 505 1230; x_wconf 86' lang='lat' dir='ltr'><strong>credentibus</strong></span> <span class='ocrx_word' id='word_1_91' title='bbox 519 1176 727 1248; x_wconf 75' lang='lat' dir='ltr'><strong>renovatisque</strong></span> <span class='ocrx_word' id='word_1_92' title='bbox 739 1176 928 1232; x_wconf 79' lang='lat' dir='ltr'><strong>construitur.</strong></span> <span class='ocrx_word' id='word_1_93' title='bbox 964 1172 1024 1230; x_wconf 83' lang='lat' dir='ltr'><strong>Sed</strong></span> <span class='ocrx_word' id='word_1_94' title='bbox 1039 1175 1106 1231; x_wconf 90' lang='lat' dir='ltr'><strong>ideo</strong></span> <span class='ocrx_word' id='word_1_95' title='bbox 1117 1195 1173 1250; x_wconf 85' lang='lat' dir='ltr'><strong>per</strong></span> <span class='ocrx_word' id='word_1_96' title='bbox 1184 1179 1230 1233; x_wconf 91' lang='lat' dir='ltr'><strong>in-</strong></span> 
     </span>
     <span class='ocr_line' id='line_1_13' title="bbox 195 1255 1232 1334; baseline 0.004 -22"><span class='ocrx_word' id='word_1_97' title='bbox 195 1257 406 1312; x_wconf 85' lang='lat' dir='ltr'><strong>staurationem</strong></span> <span class='ocrx_word' id='word_1_98' title='bbox 414 1259 514 1332; x_wconf 91' lang='lat' dir='ltr'><strong>templi</strong></span> <span class='ocrx_word' id='word_1_99' title='bbox 527 1259 606 1313; x_wconf 90' lang='lat' dir='ltr'><strong>illius</strong></span> <span class='ocrx_word' id='word_1_100' title='bbox 620 1255 787 1334; x_wconf 80' lang='lat' dir='ltr'><strong>significata</strong></span> <span class='ocrx_word' id='word_1_101' title='bbox 801 1265 854 1327; x_wconf 86' lang='lat' dir='ltr'><strong>est,</strong></span> <span class='ocrx_word' id='word_1_102' title='bbox 870 1257 939 1331; x_wconf 89' lang='lat' dir='ltr'><strong>quia</strong></span> <span class='ocrx_word' id='word_1_103' title='bbox 952 1257 1015 1328; x_wconf 85' lang='lat' dir='ltr'><strong>ipsa</strong></span> <span class='ocrx_word' id='word_1_104' title='bbox 1028 1262 1183 1316; x_wconf 82' lang='lat' dir='ltr'><strong>renovatio</strong></span> <span class='ocrx_word' id='word_1_105' title='bbox 1197 1262 1232 1315; x_wconf 92' lang='lat' dir='ltr'><strong>il-</strong></span> 
     </span>
     <span class='ocr_line' id='line_1_14' title="bbox 193 1337 1231 1418; baseline 0.004 -24"><span class='ocrx_word' id='word_1_106' title='bbox 193 1340 250 1396; x_wconf 89' lang='lat' dir='ltr'><strong>lius</strong></span> <span class='ocrx_word' id='word_1_107' title='bbox 265 1339 392 1396; x_wconf 83' lang='lat' dir='ltr'><strong>aedificii</strong></span> <span class='ocrx_word' id='word_1_108' title='bbox 409 1339 558 1418; x_wconf 80' lang='lat' dir='ltr'><strong>significat</strong></span> <span class='ocrx_word' id='word_1_109' title='bbox 581 1341 697 1414; x_wconf 84' lang='lat' dir='ltr'><strong>eloquio</strong></span> <span class='ocrx_word' id='word_1_110' title='bbox 720 1337 890 1412; x_wconf 86' lang='lat' dir='ltr'><strong>prophetico</strong></span> <span class='ocrx_word' id='word_1_111' title='bbox 913 1341 1037 1394; x_wconf 88' lang='lat' dir='ltr'><strong>alterum</strong></span> <span class='ocrx_word' id='word_1_112' title='bbox 1055 1339 1231 1398; x_wconf 84' lang='lat' dir='ltr'><strong>Testamen-</strong></span> 
     </span>
     <span class='ocr_line' id='line_1_15' title="bbox 193 1419 1234 1498; baseline 0.002 -20"><span class='ocrx_word' id='word_1_113' title='bbox 193 1432 267 1494; x_wconf 89' lang='lat' dir='ltr'><strong>tum,</strong></span> <span class='ocrx_word' id='word_1_114' title='bbox 282 1421 360 1496; x_wconf 90' lang='lat' dir='ltr'><strong>quod</strong></span> <span class='ocrx_word' id='word_1_115' title='bbox 372 1425 534 1496; x_wconf 86' lang='lat' dir='ltr'><strong>appellatur</strong></span> <span class='ocrx_word' id='word_1_116' title='bbox 548 1440 665 1478; x_wconf 79' lang='lat' dir='ltr'><strong>nevum.</strong></span> <span class='ocrx_word' id='word_1_117' title='bbox 693 1421 778 1488; x_wconf 77' lang='lat' dir='ltr'><strong>Quod</strong></span> <span class='ocrx_word' id='word_1_118' title='bbox 792 1439 864 1498; x_wconf 79' lang='lat' dir='ltr'><strong>ergo</strong></span> <span class='ocrx_word' id='word_1_119' title='bbox 879 1419 959 1476; x_wconf 90' lang='lat' dir='ltr'><strong>Deus</strong></span> <span class='ocrx_word' id='word_1_120' title='bbox 973 1419 1047 1478; x_wconf 84' lang='lat' dir='ltr'><strong>dixit</strong></span> <span class='ocrx_word' id='word_1_121' title='bbox 1058 1441 1111 1496; x_wconf 92' lang='lat' dir='ltr'><strong>per</strong></span> <span class='ocrx_word' id='word_1_122' title='bbox 1122 1442 1234 1480; x_wconf 88' lang='lat' dir='ltr'><strong>memo-</strong></span> 
     </span>
     <span class='ocr_line' id='line_1_16' title="bbox 193 1503 1232 1582; baseline 0.002 -22"><span class='ocrx_word' id='word_1_123' title='bbox 193 1514 289 1560; x_wconf 89' lang='lat' dir='ltr'><strong>ratum</strong></span> <span class='ocrx_word' id='word_1_124' title='bbox 302 1503 491 1577; x_wconf 88' lang='lat' dir='ltr'><strong>Prophetam,</strong></span> <span class='ocrx_word' id='word_1_125' title='bbox 517 1503 559 1562; x_wconf 83' lang='lat' dir='ltr'><strong>Et</strong></span> <span class='ocrx_word' id='word_1_126' title='bbox 575 1504 649 1562; x_wconf 80' lang='lat' dir='ltr'><strong>dabo</strong></span> <span class='ocrx_word' id='word_1_127' title='bbox 656 1521 764 1580; x_wconf 82' lang='lat' dir='ltr'><strong>pacem</strong></span> <span class='ocrx_word' id='word_1_128' title='bbox 778 1505 808 1560; x_wconf 78' lang='lat' dir='ltr'><strong>in</strong></span> <span class='ocrx_word' id='word_1_129' title='bbox 822 1503 883 1560; x_wconf 87' lang='lat' dir='ltr'><strong>loco</strong></span> <span class='ocrx_word' id='word_1_130' title='bbox 897 1505 971 1559; x_wconf 76' lang='lat' dir='ltr'><strong>isto:</strong></span> <span class='ocrx_word' id='word_1_131' title='bbox 997 1522 1049 1577; x_wconf 88' lang='lat' dir='ltr'><strong>per</strong></span> <span class='ocrx_word' id='word_1_132' title='bbox 1060 1506 1232 1582; x_wconf 83' lang='lat' dir='ltr'><strong>significau-</strong></span> 
     </span>
     <span class='ocr_line' id='line_1_17' title="bbox 194 1584 1229 1663; baseline 0.002 -21"><span class='ocrx_word' id='word_1_133' title='bbox 194 1597 253 1642; x_wconf 84' lang='lat' dir='ltr'><strong>tem</strong></span> <span class='ocrx_word' id='word_1_134' title='bbox 266 1588 371 1655; x_wconf 87' lang='lat' dir='ltr'><strong>locum,</strong></span> <span class='ocrx_word' id='word_1_135' title='bbox 385 1587 435 1640; x_wconf 91' lang='lat' dir='ltr'><strong>ille</strong></span> <span class='ocrx_word' id='word_1_136' title='bbox 448 1587 498 1660; x_wconf 84' lang='lat' dir='ltr'><strong>qui</strong></span> <span class='ocrx_word' id='word_1_137' title='bbox 512 1604 546 1640; x_wconf 91' lang='lat' dir='ltr'><strong>eo</strong></span> <span class='ocrx_word' id='word_1_138' title='bbox 563 1585 757 1661; x_wconf 82' lang='lat' dir='ltr'><strong>significatur,</strong></span> <span class='ocrx_word' id='word_1_139' title='bbox 771 1584 978 1663; x_wconf 83' lang='lat' dir='ltr'><strong>intelligendus</strong></span> <span class='ocrx_word' id='word_1_140' title='bbox 992 1595 1049 1643; x_wconf 88' lang='lat' dir='ltr'><strong>est:</strong></span> <span class='ocrx_word' id='word_1_141' title='bbox 1066 1596 1104 1643; x_wconf 89' lang='lat' dir='ltr'><strong>ut</strong></span> <span class='ocrx_word' id='word_1_142' title='bbox 1114 1591 1186 1662; x_wconf 84' lang='lat' dir='ltr'><strong>quie</strong></span> <span class='ocrx_word' id='word_1_143' title='bbox 1197 1591 1229 1644; x_wconf 92' lang='lat' dir='ltr'><strong>il-</strong></span> 
     </span>
     <span class='ocr_line' id='line_1_18' title="bbox 193 1667 1232 1744; baseline 0.003 -20"><span class='ocrx_word' id='word_1_144' title='bbox 193 1669 222 1726; x_wconf 88' lang='lat' dir='ltr'><strong>lo</strong></span> <span class='ocrx_word' id='word_1_145' title='bbox 240 1673 307 1722; x_wconf 91' lang='lat' dir='ltr'><strong>loeo</strong></span> <span class='ocrx_word' id='word_1_146' title='bbox 325 1669 490 1723; x_wconf 89' lang='lat' dir='ltr'><strong>instaurato</strong></span> <span class='ocrx_word' id='word_1_147' title='bbox 511 1667 679 1744; x_wconf 84' lang='lat' dir='ltr'><strong>significata</strong></span> <span class='ocrx_word' id='word_1_148' title='bbox 698 1677 742 1723; x_wconf 89' lang='lat' dir='ltr'><strong>est</strong></span> <span class='ocrx_word' id='word_1_149' title='bbox 754 1667 903 1738; x_wconf 79' lang='lat' dir='ltr'><strong>Ecclesia,</strong></span> <span class='ocrx_word' id='word_1_150' title='bbox 928 1685 1003 1744; x_wconf 83' lang='lat' dir='ltr'><strong>quae</strong></span> <span class='ocrx_word' id='word_1_151' title='bbox 1020 1669 1119 1725; x_wconf 86' lang='lat' dir='ltr'><strong>fuerat</strong></span> <span class='ocrx_word' id='word_1_152' title='bbox 1133 1671 1232 1727; x_wconf 86' lang='lat' dir='ltr'><strong>aedifi-</strong></span> 
     </span>
     <span class='ocr_line' id='line_1_19' title="bbox 194 1747 1230 1825; baseline 0.003 -19"><span class='ocrx_word' id='word_1_153' title='bbox 194 1747 287 1806; x_wconf 84' lang='lat' dir='ltr'><strong>canda</strong></span> <span class='ocrx_word' id='word_1_154' title='bbox 300 1766 353 1821; x_wconf 90' lang='lat' dir='ltr'><strong>per</strong></span> <span class='ocrx_word' id='word_1_155' title='bbox 367 1747 527 1819; x_wconf 86' lang='lat' dir='ltr'><strong>Christum,</strong></span> <span class='ocrx_word' id='word_1_156' title='bbox 554 1748 629 1806; x_wconf 91' lang='lat' dir='ltr'><strong>nihil</strong></span> <span class='ocrx_word' id='word_1_157' title='bbox 648 1750 727 1805; x_wconf 92' lang='lat' dir='ltr'><strong>aliud</strong></span> <span class='ocrx_word' id='word_1_158' title='bbox 750 1752 922 1824; x_wconf 83' lang='lat' dir='ltr'><strong>accipiatur,</strong></span> <span class='ocrx_word' id='word_1_159' title='bbox 943 1750 1019 1825; x_wconf 87' lang='lat' dir='ltr'><strong>quod</strong></span> <span class='ocrx_word' id='word_1_160' title='bbox 1041 1751 1155 1810; x_wconf 88' lang='lat' dir='ltr'><strong>dietum</strong></span> <span class='ocrx_word' id='word_1_161' title='bbox 1178 1765 1230 1824; x_wconf 85' lang='lat' dir='ltr'><strong>est,</strong></span> 
     </span>
     <span class='ocr_line' id='line_1_20' title="bbox 193 1829 1228 1913; baseline 0.004 -25"><span class='ocrx_word' id='word_1_162' title='bbox 193 1829 280 1888; x_wconf 83' lang='lat' dir='ltr'><strong>Dabo</strong></span> <span class='ocrx_word' id='word_1_163' title='bbox 287 1848 396 1906; x_wconf 82' lang='lat' dir='ltr'><strong>pacem</strong></span> <span class='ocrx_word' id='word_1_164' title='bbox 408 1833 440 1887; x_wconf 79' lang='lat' dir='ltr'><strong>in</strong></span> <span class='ocrx_word' id='word_1_165' title='bbox 453 1831 515 1888; x_wconf 78' lang='lat' dir='ltr'><strong>loco</strong></span> <span class='ocrx_word' id='word_1_166' title='bbox 529 1833 599 1902; x_wconf 77' lang='lat' dir='ltr'><strong>isto,</strong></span> <span class='ocrx_word' id='word_1_167' title='bbox 613 1833 673 1906; x_wconf 84' lang='lat' dir='ltr'><strong>nisi</strong></span> <span class='ocrx_word' id='word_1_168' title='bbox 685 1831 759 1888; x_wconf 90' lang='lat' dir='ltr'><strong>daho</strong></span> <span class='ocrx_word' id='word_1_169' title='bbox 772 1851 873 1906; x_wconf 88' lang='lat' dir='ltr'><strong>paoem</strong></span> <span class='ocrx_word' id='word_1_170' title='bbox 885 1834 917 1890; x_wconf 93' lang='lat' dir='ltr'><strong>in</strong></span> <span class='ocrx_word' id='word_1_171' title='bbox 928 1835 1005 1904; x_wconf 90' lang='lat' dir='ltr'><strong>loco,</strong></span> <span class='ocrx_word' id='word_1_172' title='bbox 1018 1852 1105 1908; x_wconf 84' lang='lat' dir='ltr'><strong>quem</strong></span> <span class='ocrx_word' id='word_1_173' title='bbox 1114 1836 1228 1913; x_wconf 82' lang='lat' dir='ltr'><strong>signifi-</strong></span> 
     </span>
     <span class='ocr_line' id='line_1_21' title="bbox 193 1914 1229 1992; baseline 0.006 -24"><span class='ocrx_word' id='word_1_174' title='bbox 193 1922 240 1970; x_wconf 91' lang='lat' dir='ltr'><strong>cat</strong></span> <span class='ocrx_word' id='word_1_175' title='bbox 253 1914 336 1968; x_wconf 90' lang='lat' dir='ltr'><strong>locus</strong></span> <span class='ocrx_word' id='word_1_176' title='bbox 350 1914 416 1968; x_wconf 89' lang='lat' dir='ltr'><strong>iste.</strong></span> <span class='ocrx_word' id='word_1_177' title='bbox 453 1915 598 1979; x_wconf 80' lang='lat' dir='ltr'><strong>Quoniam</strong></span> <span class='ocrx_word' id='word_1_178' title='bbox 617 1915 715 1970; x_wconf 88' lang='lat' dir='ltr'><strong>omnia</strong></span> <span class='ocrx_word' id='word_1_179' title='bbox 733 1916 932 1992; x_wconf 83' lang='lat' dir='ltr'><strong>significantia</strong></span> <span class='ocrx_word' id='word_1_180' title='bbox 950 1914 1090 1973; x_wconf 84' lang='lat' dir='ltr'><strong>videntur</strong></span> <span class='ocrx_word' id='word_1_181' title='bbox 1108 1918 1229 1992; x_wconf 88' lang='lat' dir='ltr'><strong>quodam</strong></span> 
     </span>
     <span class='ocr_line' id='line_1_22' title="bbox 193 1994 1230 2074; baseline 0.003 -21"><span class='ocrx_word' id='word_1_182' title='bbox 193 1994 279 2053; x_wconf 90' lang='lat' dir='ltr'><strong>modo</strong></span> <span class='ocrx_word' id='word_1_183' title='bbox 295 2013 395 2052; x_wconf 87' lang='lat' dir='ltr'><strong>earum</strong></span> <span class='ocrx_word' id='word_1_184' title='bbox 408 2014 517 2068; x_wconf 89' lang='lat' dir='ltr'><strong>rerum,</strong></span> <span class='ocrx_word' id='word_1_185' title='bbox 532 2015 602 2071; x_wconf 86' lang='lat' dir='ltr'><strong>quas</strong></span> <span class='ocrx_word' id='word_1_186' title='bbox 618 1996 798 2074; x_wconf 84' lang='lat' dir='ltr'><strong>significant,</strong></span> <span class='ocrx_word' id='word_1_187' title='bbox 812 2001 957 2054; x_wconf 88' lang='lat' dir='ltr'><strong>sustinere</strong></span> <span class='ocrx_word' id='word_1_188' title='bbox 968 2017 1127 2074; x_wconf 82' lang='lat' dir='ltr'><strong>personas:</strong></span> <span class='ocrx_word' id='word_1_189' title='bbox 1155 2003 1230 2057; x_wconf 87' lang='lat' dir='ltr'><strong>sieut</strong></span> 
     </span>
     <span class='ocr_line' id='line_1_23' title="bbox 193 2077 1228 2156; baseline 0.006 -22"><span class='ocrx_word' id='word_1_190' title='bbox 193 2077 363 2135; x_wconf 87' lang='lat' dir='ltr'><strong>dictumest</strong></span> <span class='ocrx_word' id='word_1_191' title='bbox 376 2079 411 2135; x_wconf 91' lang='lat' dir='ltr'><strong>ab</strong></span> <span class='ocrx_word' id='word_1_192' title='bbox 424 2080 582 2154; x_wconf 85' lang='lat' dir='ltr'><strong>Apostolo,</strong></span> <span class='ocrx_word' id='word_1_193' title='bbox 606 2077 701 2136; x_wconf 77' lang='lat' dir='ltr'><strong>Petra</strong></span> <span class='ocrx_word' id='word_1_194' title='bbox 720 2090 789 2136; x_wconf 82' lang='lat' dir='ltr'><strong>erat</strong></span> <span class='ocrx_word' id='word_1_195' title='bbox 809 2079 964 2155; x_wconf 50' lang='lat' dir='ltr'><strong>Christum</strong></span> <span class='ocrx_word' id='word_1_196' title='bbox 990 2083 1129 2156; x_wconf 88' lang='lat' dir='ltr'><strong>quoniam</strong></span> <span class='ocrx_word' id='word_1_197' title='bbox 1148 2093 1228 2156; x_wconf 84' lang='lat' dir='ltr'><strong>petra</strong></span> 
     </span>
     <span class='ocr_line' id='line_1_24' title="bbox 192 2160 1228 2240; baseline 0.004 -22"><span class='ocrx_word' id='word_1_198' title='bbox 192 2163 253 2234; x_wconf 87' lang='lat' dir='ltr'><strong>illa,</strong></span> <span class='ocrx_word' id='word_1_199' title='bbox 268 2161 303 2216; x_wconf 91' lang='lat' dir='ltr'><strong>de</strong></span> <span class='ocrx_word' id='word_1_200' title='bbox 316 2180 374 2236; x_wconf 85' lang='lat' dir='ltr'><strong>qua</strong></span> <span class='ocrx_word' id='word_1_201' title='bbox 387 2160 443 2218; x_wconf 92' lang='lat' dir='ltr'><strong>hoc</strong></span> <span class='ocrx_word' id='word_1_202' title='bbox 458 2162 569 2219; x_wconf 88' lang='lat' dir='ltr'><strong>dictum</strong></span> <span class='ocrx_word' id='word_1_203' title='bbox 583 2172 642 2234; x_wconf 89' lang='lat' dir='ltr'><strong>est,</strong></span> <span class='ocrx_word' id='word_1_204' title='bbox 663 2161 850 2240; x_wconf 85' lang='lat' dir='ltr'><strong>significabat</strong></span> <span class='ocrx_word' id='word_1_205' title='bbox 861 2165 962 2238; x_wconf 88' lang='lat' dir='ltr'><strong>utique</strong></span> <span class='ocrx_word' id='word_1_206' title='bbox 975 2162 1134 2220; x_wconf 82' lang='lat' dir='ltr'><strong>Christum.</strong></span> <span class='ocrx_word' id='word_1_207' title='bbox 1168 2165 1228 2223; x_wconf 80' lang='lat' dir='ltr'><strong>Ma·</strong></span> 
     </span>
    </p>
   </div>
   <div class='ocr_carea' id='block_1_3' title="bbox 182 2243 1264 2488">
    <p class='ocr_par' dir='ltr' id='par_1_3' title="bbox 182 2243 1264 2488">
     <span class='ocr_line' id='line_1_25' title="bbox 182 2243 1264 2322; baseline 0.006 -22"><span class='ocrx_word' id='word_1_208' title='bbox 182 2245 238 2300; x_wconf 86' lang='lat' dir='ltr'><strong>¹ior</strong></span> <span class='ocrx_word' id='word_1_209' title='bbox 253 2253 298 2300; x_wconf 90' lang='lat' dir='ltr'><strong>est</strong></span> <span class='ocrx_word' id='word_1_210' title='bbox 317 2246 415 2320; x_wconf 86' lang='lat' dir='ltr'><strong>itaque</strong></span> <span class='ocrx_word' id='word_1_211' title='bbox 435 2247 531 2322; x_wconf 84' lang='lat' dir='ltr'><strong>gloria</strong></span> <span class='ocrx_word' id='word_1_212' title='bbox 549 2245 650 2301; x_wconf 88' lang='lat' dir='ltr'><strong>domus</strong></span> <span class='ocrx_word' id='word_1_213' title='bbox 668 2243 756 2302; x_wconf 89' lang='lat' dir='ltr'><strong>huius</strong></span> <span class='ocrx_word' id='word_1_214' title='bbox 770 2247 842 2302; x_wconf 88' lang='lat' dir='ltr'><strong>novi</strong></span> <span class='ocrx_word' id='word_1_215' title='bbox 854 2243 1050 2316; x_wconf 86' lang='lat' dir='ltr'><strong>Testamenti,</strong></span> <span class='ocrx_word' id='word_1_216' title='bbox 1078 2265 1167 2322; x_wconf 83' lang='lat' dir='ltr'><strong>quam</strong></span> <span class='ocrx_word' id='word_1_217' title='bbox 1179 2248 1228 2303; x_wconf 93' lang='lat' dir='ltr'><strong>do-</strong></span> <span class='ocrx_word' id='word_1_218' title='bbox 1263 2281 1264 2308; x_wconf 65' lang='lat' dir='ltr'><strong>l</strong></span> 
     </span>
     <span class='ocr_line' id='line_1_26' title="bbox 192 2324 1264 2401; baseline 0.005 -19"><span class='ocrx_word' id='word_1_219' title='bbox 192 2343 256 2382; x_wconf 91' lang='lat' dir='ltr'><strong>mus</strong></span> <span class='ocrx_word' id='word_1_220' title='bbox 270 2327 378 2397; x_wconf 91' lang='lat' dir='ltr'><strong>prioris</strong></span> <span class='ocrx_word' id='word_1_221' title='bbox 391 2328 499 2382; x_wconf 83' lang='lat' dir='ltr'><strong>veteris</strong></span> <span class='ocrx_word' id='word_1_222' title='bbox 514 2324 711 2382; x_wconf 87' lang='lat' dir='ltr'><strong>Testamenti:</strong></span> <span class='ocrx_word' id='word_1_223' title='bbox 740 2336 852 2382; x_wconf 89' lang='lat' dir='ltr'><strong>ettunc</strong></span> <span class='ocrx_word' id='word_1_224' title='bbox 865 2329 1014 2401; x_wconf 83' lang='lat' dir='ltr'><strong>apparebit</strong></span> <span class='ocrx_word' id='word_1_225' title='bbox 1027 2330 1136 2400; x_wconf 89' lang='lat' dir='ltr'><strong>maior,</strong></span> <span class='ocrx_word' id='word_1_226' title='bbox 1165 2349 1227 2386; x_wconf 90' lang='lat' dir='ltr'><strong>eum</strong></span> <span class='ocrx_word' id='word_1_227' title='bbox 1263 2327 1264 2400; x_wconf 55' lang='grc' dir='ltr'>ᾗ</span> 
     </span>
     <span class='ocr_line' id='line_1_27' title="bbox 191 2406 1264 2488; baseline 0.008 -26"><span class='ocrx_word' id='word_1_228' title='bbox 191 2407 380 2463; x_wconf 86' lang='lat' dir='ltr'><strong>dedicabitur.</strong></span> <span class='ocrx_word' id='word_1_229' title='bbox 416 2406 501 2465; x_wconf 86' lang='lat' dir='ltr'><strong>Tunc</strong></span> <span class='ocrx_word' id='word_1_230' title='bbox 525 2410 603 2464; x_wconf 91' lang='lat' dir='ltr'><strong>enim</strong></span> <span class='ocrx_word' id='word_1_231' title='bbox 624 2409 722 2466; x_wconf 80' lang='lat' dir='ltr'><strong>veniet</strong></span> <span class='ocrx_word' id='word_1_232' title='bbox 739 2410 928 2468; x_wconf 81' lang='lat' dir='ltr'><strong>desideratus</strong></span> <span class='ocrx_word' id='word_1_233' title='bbox 948 2413 1061 2468; x_wconf 72' lang='lat' dir='ltr'><strong>curretis</strong></span> <span class='ocrx_word' id='word_1_234' title='bbox 1078 2413 1228 2488; x_wconf 77' lang='lat' dir='ltr'><strong>gentibue,</strong></span> <span class='ocrx_word' id='word_1_235' title='bbox 1263 2453 1264 2462; x_wconf 36' lang='grc' dir='ltr'>ι</span> 
     </span>
    </p>
   </div>
   <div class='ocr_carea' id='block_1_4' title="bbox 188 2489 1264 3304">
    <p class='ocr_par' dir='ltr' id='par_1_4' title="bbox 188 2489 1230 3304">
     <span class='ocr_line' id='line_1_28' title="bbox 190 2489 1230 2568; baseline 0.004 -22"><span class='ocrx_word' id='word_1_236' title='bbox 190 2491 265 2546; x_wconf 89' lang='lat' dir='ltr'><strong>sieut</strong></span> <span class='ocrx_word' id='word_1_237' title='bbox 277 2491 407 2568; x_wconf 80' lang='lat' dir='ltr'><strong>legitur</strong></span> <span class='ocrx_word' id='word_1_238' title='bbox 398 2510 430 2548; x_wconf 87' lang='grc' dir='ltr'><strong>ιιι</strong></span> <span class='ocrx_word' id='word_1_239' title='bbox 443 2489 586 2548; x_wconf 88' lang='lat' dir='ltr'><strong>Hebraeo.</strong></span> <span class='ocrx_word' id='word_1_240' title='bbox 606 2490 681 2548; x_wconf 88' lang='lat' dir='ltr'><strong>Nom</strong></span> <span class='ocrx_word' id='word_1_241' title='bbox 693 2493 774 2565; x_wconf 89' lang='lat' dir='ltr'><strong>prius</strong></span> <span class='ocrx_word' id='word_1_242' title='bbox 789 2493 852 2548; x_wconf 87' lang='lat' dir='ltr'><strong>eius</strong></span> <span class='ocrx_word' id='word_1_243' title='bbox 866 2493 1008 2550; x_wconf 86' lang='lat' dir='ltr'><strong>adventus</strong></span> <span class='ocrx_word' id='word_1_244' title='bbox 1021 2492 1154 2550; x_wconf 87' lang='lat' dir='ltr'><strong>nondum</strong></span> <span class='ocrx_word' id='word_1_245' title='bbox 1167 2505 1230 2552; x_wconf 88' lang='lat' dir='ltr'><strong>erat</strong></span> 
     </span>
     <span class='ocr_line' id='line_1_29' title="bbox 191 2571 1214 2651; baseline 0.004 -23"><span class='ocrx_word' id='word_1_246' title='bbox 191 2571 373 2630; x_wconf 86' lang='lat' dir='ltr'><strong>desideratus</strong></span> <span class='ocrx_word' id='word_1_247' title='bbox 388 2575 522 2630; x_wconf 91' lang='lat' dir='ltr'><strong>omnibus</strong></span> <span class='ocrx_word' id='word_1_248' title='bbox 535 2575 682 2651; x_wconf 85' lang='lat' dir='ltr'><strong>gentihus.</strong></span> <span class='ocrx_word' id='word_1_249' title='bbox 726 2572 794 2630; x_wconf 89' lang='lat' dir='ltr'><strong>Non</strong></span> <span class='ocrx_word' id='word_1_250' title='bbox 808 2575 887 2630; x_wconf 89' lang='lat' dir='ltr'><strong>enim</strong></span> <span class='ocrx_word' id='word_1_251' title='bbox 900 2593 985 2646; x_wconf 84' lang='lat' dir='ltr'><strong>quern</strong></span> <span class='ocrx_word' id='word_1_252' title='bbox 998 2575 1139 2632; x_wconf 85' lang='lat' dir='ltr'><strong>deberent</strong></span> <span class='ocrx_word' id='word_1_253' title='bbox 1151 2578 1214 2633; x_wconf 84' lang='lat' dir='ltr'><strong>desi</strong></span> 
     </span>
     <span class='ocr_line' id='line_1_30' title="bbox 190 2653 1230 2729; baseline 0.007 -19"><span class='ocrx_word' id='word_1_254' title='bbox 190 2654 307 2726; x_wconf 84' lang='lat' dir='ltr'><strong>derare,</strong></span> <span class='ocrx_word' id='word_1_255' title='bbox 321 2656 484 2726; x_wconf 88' lang='lat' dir='ltr'><strong>sciebant,</strong></span> <span class='ocrx_word' id='word_1_256' title='bbox 476 2675 507 2711; x_wconf 90' lang='lat' dir='ltr'><strong>m</strong></span> <span class='ocrx_word' id='word_1_257' title='bbox 523 2673 609 2729; x_wconf 89' lang='lat' dir='ltr'><strong>quem</strong></span> <span class='ocrx_word' id='word_1_258' title='bbox 620 2673 681 2711; x_wconf 90' lang='grc' dir='ltr'>ιιοιι</span> <span class='ocrx_word' id='word_1_259' title='bbox 698 2653 891 2710; x_wconf 87' lang='lat' dir='ltr'><strong>crediderant.</strong></span> <span class='ocrx_word' id='word_1_260' title='bbox 921 2654 1005 2713; x_wconf 84' lang='lat' dir='ltr'><strong>Tunc</strong></span> <span class='ocrx_word' id='word_1_261' title='bbox 1018 2659 1108 2712; x_wconf 86' lang='lat' dir='ltr'><strong>etiam</strong></span> <span class='ocrx_word' id='word_1_262' title='bbox 1119 2676 1230 2716; x_wconf 89' lang='lat' dir='ltr'><strong>seeun-</strong></span> 
     </span>
     <span class='ocr_line' id='line_1_31' title="bbox 191 2729 1228 2835; baseline 0.004 -41"><span class='ocrx_word' id='word_1_263' title='bbox 191 2737 259 2800; x_wconf 92' lang='lat' dir='ltr'><strong>dum</strong></span> <span class='ocrx_word' id='word_1_264' title='bbox 272 2737 492 2835; x_wconf 82' lang='lat' dir='ltr'><strong>Septuaginta</strong></span> <span class='ocrx_word' id='word_1_265' title='bbox 483 2747 678 2811; x_wconf 78' lang='lat' dir='ltr'><strong>interpretes,</strong></span> <span class='ocrx_word' id='word_1_266' title='bbox 707 2729 792 2816; x_wconf 87' lang='lat' dir='ltr'><strong>(quia</strong></span> <span class='ocrx_word' id='word_1_267' title='bbox 806 2737 858 2792; x_wconf 91' lang='lat' dir='ltr'><strong>et</strong></span> <span class='ocrx_word' id='word_1_268' title='bbox 849 2753 912 2810; x_wconf 79' lang='lat' dir='ltr'><strong>rpse</strong></span> <span class='ocrx_word' id='word_1_269' title='bbox 924 2737 1109 2813; x_wconf 85' lang='lat' dir='ltr'><strong>propheticus</strong></span> <span class='ocrx_word' id='word_1_270' title='bbox 1123 2758 1228 2798; x_wconf 86' lang='lat' dir='ltr'><strong>sensus</strong></span> 
     </span>
     <span class='ocr_line' id='line_1_32' title="bbox 191 2816 1264 2928; baseline 0.008 -54"><span class='ocrx_word' id='word_1_271' title='bbox 191 2816 263 2896; x_wconf 87' lang='lat' dir='ltr'><strong>est,)</strong></span> <span class='ocrx_word' id='word_1_272' title='bbox 287 2822 406 2876; x_wconf 82' lang='lat' dir='ltr'><strong>venient</strong></span> <span class='ocrx_word' id='word_1_273' title='bbox 431 2837 506 2894; x_wconf 80' lang='lat' dir='ltr'><strong>qaue</strong></span> <span class='ocrx_word' id='word_1_274' title='bbox 531 2819 625 2876; x_wconf 80' lang='lat' dir='ltr'><strong>electu</strong></span> <span class='ocrx_word' id='word_1_275' title='bbox 646 2829 717 2878; x_wconf 81' lang='lat' dir='ltr'><strong>sunt</strong></span> <span class='ocrx_word' id='word_1_276' title='bbox 739 2818 861 2876; x_wconf 79' lang='lat' dir='ltr'><strong>Domini</strong></span> <span class='ocrx_word' id='word_1_277' title='bbox 887 2819 923 2878; x_wconf 82' lang='lat' dir='ltr'><strong>de</strong></span> <span class='ocrx_word' id='word_1_278' title='bbox 943 2823 1058 2878; x_wconf 81' lang='lat' dir='ltr'><strong>cunetis</strong></span> <span class='ocrx_word' id='word_1_279' title='bbox 1078 2825 1264 2928; x_wconf 72' lang='lat' dir='ltr'><strong>gestabat.</strong></span> 
     </span>
     <span class='ocr_line' id='line_1_33' title="bbox 191 2879 1264 2981; baseline 0.005 -25"><span class='ocrx_word' id='word_1_280' title='bbox 191 2899 276 2956; x_wconf 89' lang='lat' dir='ltr'><strong>Tunc</strong></span> <span class='ocrx_word' id='word_1_281' title='bbox 291 2901 370 2955; x_wconf 87' lang='lat' dir='ltr'><strong>enirn</strong></span> <span class='ocrx_word' id='word_1_282' title='bbox 382 2918 453 2955; x_wconf 88' lang='lat' dir='ltr'><strong>vere</strong></span> <span class='ocrx_word' id='word_1_283' title='bbox 466 2919 527 2956; x_wconf 88' lang='lat' dir='ltr'><strong>nou</strong></span> <span class='ocrx_word' id='word_1_284' title='bbox 539 2903 660 2957; x_wconf 87' lang='lat' dir='ltr'><strong>venient</strong></span> <span class='ocrx_word' id='word_1_285' title='bbox 682 2903 741 2958; x_wconf 90' lang='lat' dir='ltr'><strong>nisi</strong></span> <span class='ocrx_word' id='word_1_286' title='bbox 756 2902 862 2971; x_wconf 89' lang='lat' dir='ltr'><strong>electa,</strong></span> <span class='ocrx_word' id='word_1_287' title='bbox 889 2902 925 2958; x_wconf 91' lang='lat' dir='ltr'><strong>de</strong></span> <span class='ocrx_word' id='word_1_288' title='bbox 946 2903 1049 2977; x_wconf 89' lang='lat' dir='ltr'><strong>quibus</strong></span> <span class='ocrx_word' id='word_1_289' title='bbox 1064 2902 1139 2960; x_wconf 88' lang='lat' dir='ltr'><strong>dicit</strong></span> <span class='ocrx_word' id='word_1_290' title='bbox 1151 2879 1264 2981; x_wconf 79' lang='lat' dir='ltr'><strong>Apo-</strong></span> 
     </span>
     <span class='ocr_line' id='line_1_34' title="bbox 191 2979 1226 3062; baseline 0.006 -24"><span class='ocrx_word' id='word_1_291' title='bbox 191 2984 297 3038; x_wconf 86' lang='lat' dir='ltr'><strong>stolus:</strong></span> <span class='ocrx_word' id='word_1_292' title='bbox 312 2979 398 3037; x_wconf 77' lang='lat' dir='ltr'><strong>Sicut</strong></span> <span class='ocrx_word' id='word_1_293' title='bbox 412 2981 503 3056; x_wconf 83' lang='lat' dir='ltr'><strong>elegit</strong></span> <span class='ocrx_word' id='word_1_294' title='bbox 515 2999 568 3039; x_wconf 80' lang='lat' dir='ltr'><strong>nos</strong></span> <span class='ocrx_word' id='word_1_295' title='bbox 581 2985 612 3038; x_wconf 76' lang='lat' dir='ltr'><strong>in</strong></span> <span class='ocrx_word' id='word_1_296' title='bbox 626 2985 690 3059; x_wconf 70' lang='lat' dir='ltr'><strong>ipso</strong></span> <span class='ocrx_word' id='word_1_297' title='bbox 704 2995 776 3042; x_wconf 84' lang='lat' dir='ltr'><strong>ante</strong></span> <span class='ocrx_word' id='word_1_298' title='bbox 788 2985 889 3041; x_wconf 82' lang='lat' dir='ltr'><strong>mundi</strong></span> <span class='ocrx_word' id='word_1_299' title='bbox 900 2987 1150 3044; x_wconf 74' lang='lat' dir='ltr'><strong>constitutionem.</strong></span> <span class='ocrx_word' id='word_1_300' title='bbox 1164 2988 1226 3062; x_wconf 79' lang='lat' dir='ltr'><strong>lpse</strong></span> 
     </span>
     <span class='ocr_line' id='line_1_35' title="bbox 190 3060 1226 3144; baseline 0.011 -26"><span class='ocrx_word' id='word_1_301' title='bbox 190 3064 297 3138; x_wconf 79' lang='lat' dir='ltr'><strong>quippe</strong></span> <span class='ocrx_word' id='word_1_302' title='bbox 310 3060 502 3136; x_wconf 87' lang='lat' dir='ltr'><strong>architectus,</strong></span> <span class='ocrx_word' id='word_1_303' title='bbox 517 3083 567 3139; x_wconf 87' lang='lat' dir='ltr'><strong>qur</strong></span> <span class='ocrx_word' id='word_1_304' title='bbox 558 3065 670 3136; x_wconf 83' lang='lat' dir='ltr'><strong>dixit,</strong></span> <span class='ocrx_word' id='word_1_305' title='bbox 696 3063 789 3122; x_wconf 75' lang='lat' dir='ltr'><strong>Multi</strong></span> <span class='ocrx_word' id='word_1_306' title='bbox 800 3077 870 3122; x_wconf 84' lang='lat' dir='ltr'><strong>sunt</strong></span> <span class='ocrx_word' id='word_1_307' title='bbox 884 3068 999 3136; x_wconf 77' lang='lat' dir='ltr'><strong>vocali,</strong></span> <span class='ocrx_word' id='word_1_308' title='bbox 1017 3069 1226 3144; x_wconf 67' lang='lat' dir='ltr'><strong>punctuates·</strong></span> 
     </span>
     <span class='ocr_line' id='line_1_36' title="bbox 189 3143 1224 3223; baseline 0.005 -19"><span class='ocrx_word' id='word_1_309' title='bbox 189 3144 285 3216; x_wconf 79' lang='lat' dir='ltr'><strong>electi,</strong></span> <span class='ocrx_word' id='word_1_310' title='bbox 298 3164 358 3202; x_wconf 87' lang='lat' dir='ltr'><strong>non</strong></span> <span class='ocrx_word' id='word_1_311' title='bbox 371 3145 407 3202; x_wconf 92' lang='lat' dir='ltr'><strong>de</strong></span> <span class='ocrx_word' id='word_1_312' title='bbox 419 3145 464 3202; x_wconf 90' lang='lat' dir='ltr'><strong>his</strong></span> <span class='ocrx_word' id='word_1_313' title='bbox 480 3143 580 3223; x_wconf 84' lang='lat' dir='ltr'><strong>[dixit]</strong></span> <span class='ocrx_word' id='word_1_314' title='bbox 595 3147 645 3220; x_wconf 91' lang='lat' dir='ltr'><strong>qui</strong></span> <span class='ocrx_word' id='word_1_315' title='bbox 659 3149 756 3204; x_wconf 86' lang='lat' dir='ltr'><strong>vocati</strong></span> <span class='ocrx_word' id='word_1_316' title='bbox 769 3149 811 3202; x_wconf 90' lang='lat' dir='ltr'><strong>sic</strong></span> <span class='ocrx_word' id='word_1_317' title='bbox 823 3157 979 3219; x_wconf 82' lang='lat' dir='ltr'><strong>venerunt,</strong></span> <span class='ocrx_word' id='word_1_318' title='bbox 993 3157 1026 3204; x_wconf 87' lang='lat' dir='ltr'><strong>ut</strong></span> <span class='ocrx_word' id='word_1_319' title='bbox 1039 3149 1075 3206; x_wconf 92' lang='lat' dir='ltr'><strong>de</strong></span> <span class='ocrx_word' id='word_1_320' title='bbox 1089 3155 1224 3210; x_wconf 79' lang='lat' dir='ltr'><strong>convivio</strong></span> 
     </span>
     <span class='ocr_line' id='line_1_37' title="bbox 188 3227 1225 3304; baseline 0.007 -20"><span class='ocrx_word' id='word_1_321' title='bbox 188 3229 413 3304; x_wconf 87' lang='lat' dir='ltr'><strong>proiieerentur,</strong></span> <span class='ocrx_word' id='word_1_322' title='bbox 427 3227 479 3284; x_wconf 88' lang='lat' dir='ltr'><strong>sed</strong></span> <span class='ocrx_word' id='word_1_323' title='bbox 491 3228 526 3284; x_wconf 93' lang='lat' dir='ltr'><strong>de</strong></span> <span class='ocrx_word' id='word_1_324' title='bbox 540 3230 641 3286; x_wconf 84' lang='lat' dir='ltr'><strong>electis</strong></span> <span class='ocrx_word' id='word_1_325' title='bbox 655 3230 906 3286; x_wconf 85' lang='lat' dir='ltr'><strong>demonstraturus</strong></span> <span class='ocrx_word' id='word_1_326' title='bbox 920 3240 964 3286; x_wconf 89' lang='lat' dir='ltr'><strong>est</strong></span> <span class='ocrx_word' id='word_1_327' title='bbox 977 3231 1163 3290; x_wconf 85' lang='lat' dir='ltr'><strong>aedificatam</strong></span> <span class='ocrx_word' id='word_1_328' title='bbox 1176 3234 1225 3290; x_wconf 90' lang='lat' dir='ltr'><strong>do-</strong></span> 
     </span>
    </p>
   </div>
   <div class='ocr_carea' id='block_1_5' title="bbox 188 3310 1225 3388">
    <p class='ocr_par' dir='ltr' id='par_1_5' title="bbox 188 3305 1264 3408">
     <span class='ocr_line' id='line_1_38' title="bbox 188 3310 1225 3388; baseline 0.007 -20"><span class='ocrx_word' id='word_1_329' title='bbox 188 3329 282 3382; x_wconf 83' lang='lat' dir='ltr'><strong>mum,</strong></span> <span class='ocrx_word' id='word_1_330' title='bbox 308 3330 383 3386; x_wconf 85' lang='lat' dir='ltr'><strong>quae</strong></span> <span class='ocrx_word' id='word_1_331' title='bbox 397 3312 507 3366; x_wconf 90' lang='lat' dir='ltr'><strong>nullam</strong></span> <span class='ocrx_word' id='word_1_332' title='bbox 526 3310 662 3385; x_wconf 86' lang='lat' dir='ltr'><strong>deinceps</strong></span> <span class='ocrx_word' id='word_1_333' title='bbox 676 3312 979 3372; x_wconf 88' lang='lat' dir='ltr'><strong>formidabitrninam.</strong></span> <span class='ocrx_word' id='word_1_334' title='bbox 1015 3312 1105 3372; x_wconf 88' lang='lat' dir='ltr'><strong>Nune</strong></span> <span class='ocrx_word' id='word_1_335' title='bbox 1119 3327 1225 3388; x_wconf 84' lang='lat' dir='ltr'><strong>autem,</strong></span> 
     </span>
    </p>
   </div>
   <div class='ocr_carea' id='block_1_6' title="bbox 188 3391 1226 3634">
    <p class='ocr_par' dir='ltr' id='par_1_6' title="bbox 188 3391 1226 3634">
     <span class='ocr_line' id='line_1_39' title="bbox 189 3391 1225 3469; baseline 0.007 -20"><span class='ocrx_word' id='word_1_336' title='bbox 189 3392 305 3469; x_wconf 87' lang='lat' dir='ltr'><strong>quando</strong></span> <span class='ocrx_word' id='word_1_337' title='bbox 319 3391 392 3449; x_wconf 91' lang='lat' dir='ltr'><strong>ethi</strong></span> <span class='ocrx_word' id='word_1_338' title='bbox 404 3393 521 3466; x_wconf 88' lang='lat' dir='ltr'><strong>replent</strong></span> <span class='ocrx_word' id='word_1_339' title='bbox 534 3395 682 3465; x_wconf 84' lang='lat' dir='ltr'><strong>eeclesias,</strong></span> <span class='ocrx_word' id='word_1_340' title='bbox 705 3413 778 3469; x_wconf 88' lang='lat' dir='ltr'><strong>quos</strong></span> <span class='ocrx_word' id='word_1_341' title='bbox 791 3403 931 3469; x_wconf 88' lang='lat' dir='ltr'><strong>tanquam</strong></span> <span class='ocrx_word' id='word_1_342' title='bbox 941 3397 973 3452; x_wconf 88' lang='lat' dir='ltr'><strong>in</strong></span> <span class='ocrx_word' id='word_1_343' title='bbox 986 3412 1059 3452; x_wconf 87' lang='lat' dir='ltr'><strong>area</strong></span> <span class='ocrx_word' id='word_1_344' title='bbox 1070 3401 1225 3456; x_wconf 80' lang='lat' dir='ltr'><strong>ventilatio</strong></span> 
     </span>
     <span class='ocr_line' id='line_1_40' title="bbox 188 3475 1226 3553; baseline 0.005 -22"><span class='ocrx_word' id='word_1_345' title='bbox 188 3475 351 3550; x_wconf 86' lang='lat' dir='ltr'><strong>separabit,</strong></span> <span class='ocrx_word' id='word_1_346' title='bbox 377 3493 437 3530; x_wconf 90' lang='lat' dir='ltr'><strong>non</strong></span> <span class='ocrx_word' id='word_1_347' title='bbox 450 3486 569 3550; x_wconf 87' lang='lat' dir='ltr'><strong>apparet</strong></span> <span class='ocrx_word' id='word_1_348' title='bbox 582 3486 665 3536; x_wconf 84' lang='lat' dir='ltr'><strong>tauta</strong></span> <span class='ocrx_word' id='word_1_349' title='bbox 677 3478 773 3553; x_wconf 81' lang='lat' dir='ltr'><strong>gloria</strong></span> <span class='ocrx_word' id='word_1_350' title='bbox 786 3476 887 3533; x_wconf 88' lang='lat' dir='ltr'><strong>domus</strong></span> <span class='ocrx_word' id='word_1_351' title='bbox 900 3475 1005 3547; x_wconf 88' lang='lat' dir='ltr'><strong>huius,</strong></span> <span class='ocrx_word' id='word_1_352' title='bbox 1029 3491 1146 3553; x_wconf 81' lang='lat' dir='ltr'><strong>quanta</strong></span> <span class='ocrx_word' id='word_1_353' title='bbox 1159 3491 1226 3538; x_wconf 86' lang='lat' dir='ltr'><strong>tuoe</strong></span> 
     </span>
     <span class='ocr_line' id='line_1_41' title="bbox 189 3556 972 3634; baseline 0 -20"><span class='ocrx_word' id='word_1_354' title='bbox 189 3556 349 3633; x_wconf 83' lang='lat' dir='ltr'><strong>apparebit,</strong></span> <span class='ocrx_word' id='word_1_355' title='bbox 364 3556 479 3632; x_wconf 88' lang='lat' dir='ltr'><strong>quando</strong></span> <span class='ocrx_word' id='word_1_356' title='bbox 494 3559 628 3634; x_wconf 86' lang='lat' dir='ltr'><strong>quisquis</strong></span> <span class='ocrx_word' id='word_1_357' title='bbox 642 3558 683 3626; x_wconf 89' lang='lat' dir='ltr'><strong>ibi</strong></span> <span class='ocrx_word' id='word_1_358' title='bbox 697 3561 764 3630; x_wconf 90' lang='lat' dir='ltr'><strong>erit,</strong></span> <span class='ocrx_word' id='word_1_359' title='bbox 778 3575 892 3631; x_wconf 85' lang='lat' dir='ltr'><strong>semper</strong></span> <span class='ocrx_word' id='word_1_360' title='bbox 907 3561 972 3616; x_wconf 85' lang='lat' dir='ltr'><strong>erit.</strong></span> 
     </span>
    </p>
   </div>
   <div class='ocr_carea' id='block_1_7' title="bbox 0 0 1274 4392">
    <p class='ocr_par' dir='ltr' id='par_1_7' title="bbox 0 0 1274 4392">
     <span class='ocr_line' id='line_1_42' title="bbox 0 0 1274 4392; baseline 0 3"><span class='ocrx_word' id='word_1_361' title='bbox 0 0 1274 4392; x_wconf 95' lang='lat' dir='ltr'><strong> </strong></span> 
     </span>
    </p>
   </div>
  </div>
 </body>
</html>
