2538 4392
194 217 254 277 DE
275 216 500 280 *civius‘ra
522 221 598 280 DEl
631 221 710 280 [ΑΒ.
732 219 863 284 Xl'lll.
988 227 1045 286 lat

25 371 168 433 turritotis
181 373 300 448 aceepit.
338 371 383 430 nl
395 369 497 432 Medos
506 376 614 452 quippe
625 376 801 434 mensutam
811 385 938 452 estnon
951 371 1045 436 annos

23 459 115 518 ferme
126 457 198 512 mille
209 463 359 514 trecentos
373 459 519 536 quinque,
542 467 577 514 ut
590 461 679 516 etiam
697 458 777 532 Bali,
804 463 854 536 qui
867 459 978 520 Ninum
991 481 1044 542 gt·

23 545 99 614 nuit,
114 547 141 596 et
152 539 209 595 illie
221 557 312 614 parvo
327 549 484 600 contentus
497 543 619 619 imperio
632 544 742 618 primus
754 559 809 600 rex
822 541 893 616 trit,
913 554 1045 618 tempora

21 631 226 700 computentur.
259 623 368 682 Proees
394 633 490 682 autem
515 628 653 705 regnavit
677 635 746 683 ante
770 627 925 684 Amulium.
956 625 1048 685 Porro

18 709 149 767 Amulius
161 705 258 763 fratris
272 709 319 764 sui
329 709 494 766 Numitoris
503 708 594 768 filiam
602 705 713 768 Rheem
726 712 857 784 nomine,
871 729 946 786 quae
960 713 1048 767 etiam

19 794 77 850 llia
97 790 263 863 vocabum,
289 789 407 848 Romuli
428 801 566 865 matrem,
592 791 739 853 Vestalem
761 795 908 873 virginem
928 794 1048 866 leserat,

19 883 108 953 quam
120 876 218 930 voluat
231 873 266 930 (le
278 873 375 932 Marte
391 877 524 955 geminos
538 879 722 954 concepisse,
745 876 901 935 istomodo
915 887 1059 954 stuprum.

19 963 84 1016 eius
96 957 287 1030 honorantes,
312 961 361 1015 vel
375 969 567 1032 excusantes,
596 969 626 1017 et
639 959 811 1018 adhibentes
830 972 1047 1040 argumentum,

18 1042 97 1119 quod
118 1039 239 1096 infantes
258 1044 407 1117 expositos
426 1045 493 1118 lupa
512 1045 677 1101 nutriverit.
711 1041 777 1101 Hoe
796 1046 874 1101 euim
887 1063 983 1123 genus
996 1046 1048 1102 be-

17 1129 93 1183 stiae
114 1123 147 1180 ad
164 1122 286 1181 Martem
305 1127 478 1184 existimant
494 1129 660 1202 portinere,
686 1136 719 1184 ut
736 1128 875 1184 videlieet
894 1128 960 1184 ideo
980 1129 1049 1204 lupa

17 1209 150 1268 credatur
162 1205 325 1264 admovisse
338 1209 429 1266 ubera
442 1212 588 1283 parvulis,
615 1212 684 1286 quia
693 1210 769 1268 filios
784 1211 894 1270 domini
907 1213 953 1268 sui
968 1211 1047 1269 Man-

18 1297 56 1349 tis
71 1291 203 1370 egnavit:
228 1293 360 1366 quamvis
374 1311 434 1351 nou
447 1291 545 1360 desint
557 1295 607 1369 qui
619 1293 734 1366 (licant,
754 1313 844 1369 quum
857 1295 984 1368 expositi
997 1311 1049 1350 va-

15 1379 132 1455 gientes
144 1375 288 1444 isteront,
312 1376 443 1432 aueseio
461 1393 519 1450 que
537 1378 664 1450 primum
677 1377 835 1434 meretrice
854 1376 946 1434 sulm
959 1378 1048 1434 eolla-

14 1468 93 1530 etos,
108 1465 137 1512 et
147 1457 254 1531 primas
268 1459 331 1513 eius
344 1459 461 1514 suxisse
473 1460 633 1531 mamillas,
658 1457 841 1536 <moenium
855 1469 954 1516 autem
966 1462 1048 1535 lupas

12 1539 259 1609 voenlrautsuude
273 1542 360 1598 etiarn
374 1559 453 1598 nune
465 1543 561 1617 turpia
575 1543 640 1598 loos
658 1557 757 1598 sarum
770 1543 922 1618 lupanaria
936 1561 1048 1600 nuneu·

10 1621 145 1704 pentur,)
159 1633 188 1680 et
200 1641 250 1680 eos
263 1633 364 1700 postea
377 1625 415 1682 ad
427 1625 596 1684 Faustulum
608 1627 779 1700 pervenisse
791 1636 949 1700 pastorem,
963 1635 1049 1701 atqua

10 1713 47 1768 ab
63 1709 128 1766 eius
141 1707 216 1764 sees
228 1727 322 1764 uxore
334 1711 472 1766 nutritos.
487 1710 660 1784 Quanquam
673 1711 699 1766 si
712 1709 749 1767 ad
762 1708 944 1788 arguendum
955 1707 1048 1766 homi-

10 1813 81 1852 nem
93 1811 210 1870 regem,
237 1794 353 1868 qui‘eos
371 1794 522 1868 inaquam
540 1793 646 1868 proiiei
666 1791 825 1852 erudelitas
842 1795 985 1864 iusserat,
1008 1793 1049 1848 eia

10 1875 176 1936 infantibus
188 1891 328 1953 perquer
342 1885 425 1934 tanta
438 1877 543 1934 civitas
558 1875 709 1934 condendo
722 1877 835 1949 firmat,
861 1876 897 1932 de
915 1895 991 1952 aqua
1003 1875 1049 1932 ‹li-

10 1963 126 2021 vinitus
139 1959 286 2031 liberatis,
311 1977 365 2035 per
382 1963 541 2018 laetantem
559 1961 652 2018 lerarn
665 1959 748 2016 Deus
767 1961 862 2016 voluit
880 1959 1048 2029 subvenire,

10 2045 81 2123 quid
101 2045 209 2100 mirum
228 2039 430 2100 esttnmuue
455 2044 600 2102 suecessit
621 2044 653 2098 in
675 2061 801 2121 regnum
823 2041 937 2098 Latiale
959 2043 1051 2098 irater

10 2133 72 2187 rius
86 2128 238 2198 Numitor,
262 2145 335 2184 arus
347 2125 481 2196 Romuli,
506 2127 591 2182 euius
604 2124 766 2181 Numitoris
779 2126 874 2198 primo
888 2141 966 2180 anuo
980 2141 1051 2178 eou-

10 2215 70 2269 lita
84 2219 132 2268 est
144 2209 252 2282 Roma3
278 2229 313 2266 ae
331 2227 384 2283 per
397 2206 453 2266 hoe
471 2225 536 2265 eum
555 2223 608 2264 ιιιο
626 2206 781 2284 deinceps,
804 2205 834 2262 id
853 2215 899 2262 est
911 2203 1052 2276 Romulo,

10 2305 118 2372 nepote
130 2295 276 2374 regnarit.
313 2329 315 2338 ι
346 2325 349 2330 ·

375 2387 497 2450 CAP.
540 2388 680 2448 XXll.

10 2477 88 2543 lund
96 2491 130 2527 eo
140 2481 260 2544 ternpore
270 2471 358 2524 Roma
368 2471 405 2524 tit
420 2473 542 2534 condita,
564 2488 615 2539 quo
630 2487 744 2543 regnum
754 2469 927 2542 Assyriorum
940 2469 1052 2523 interei-

204 2543 253 2607 ιιιι,
261 2559 313 2612 quo
324 2540 456 2596 Ezechiae
465 2541 594 2611 regnavit
603 2540 632 2592 in
642 2540 711 2592 ludo
723 2539 857 2606 [Iudaeo]

66 2633 119 2692 Ne
132 2634 234 2694 multis
248 2649 356 2704 morer,
370 2631 489 2688 condita
503 2637 549 2685 est
562 2630 667 2686 eis-itas
675 2628 780 2700 Roma,
795 2630 876 2685 velut
888 2629 981 2684 altera
994 2625 1051 2684 Ba-

10 2723 115 2797 ylen,
144 2725 176 2773 et
192 2719 276 2774 velut
293 2715 401 2790 prioris
413 2713 476 2770 filio
487 2711 665 2789 Babylonis,
690 2729 848 2789 perquam
862 2709 927 2769 Deo
940 2711 1051 2787 plaouit

10 2804 106 2859 rbem
127 2799 275 2856 debellare
292 2807 457 2870 terrarum,
485 2805 515 2852 et
532 2797 564 2852 in
582 2813 672 2852 unam
688 2797 859 2854 societatem
872 2793 1051 2870 reipublicae

10 2901 167 2964 egumque
179 2883 348 2958 perductum
363 2883 452 2960 longo
465 2881 584 2956 lateque
595 2897 709 2956 paeane.
726 2877 822 2936 Erant
835 2879 913 2935 enim
926 2880 985 2936 ium
997 2897 1051 2954 po-

10 2971 64 3026 uli
78 2966 221 3025 solidiet
235 2965 336 3038 fortes,
351 2973 381 3021 et
392 2966 482 3022 armis
495 2973 600 3044 gentes
616 2965 812 3034 exercitatae,
839 2981 913 3039 quae
933 2981 994 3019 uon
1007 2962 1052 3018 la-

10 3057 54 3110 ile
70 3051 235 3122 oederent,
259 3059 289 3106 et
306 3067 379 3126 quas
393 3063 464 3126 opus
478 3055 556 3106 esset
569 3047 741 3128 ingentibus
755 3047 895 3123 perieulis
910 3055 941 3104 et
952 3055 1051 3104 vaste-

12 3155 83 3194 ona
98 3136 248 3209 utrinque
260 3151 321 3190 uon
334 3143 526 3209 porra-atque
540 3130 687 3188 horrendo
701 3131 803 3188 labore
817 3132 959 3206 superari.
977 3128 1053 3186 Nam

10 3218 122 3276 nando
138 3229 269 3296 reguum
283 3217 473 3293 Assyriorum
486 3223 578 3271 totam
590 3233 665 3288 pene
679 3215 778 3270 Asiam
792 3213 970 3290 subiugavit,
984 3212 1054 3265 lieet

10 3301 142 3359 silendo
166 3303 208 3357 sit
226 3301 350 3371 faetrmr,
379 3317 437 3356 non
457 3308 555 3354 tamen
572 3299 695 3354 multum
715 3297 827 3370 asperis
840 3303 872 3350 et
890 3291 1054 3348 difficilibus

10 3387 83 3442 ellis
98 3385 174 3442 fieri
186 3387 295 3460 potuit,
311 3382 379 3460 quia
387 3381 474 3438 rudes
482 3379 575 3438 adhue
586 3381 623 3437 orl
632 3378 828 3436 resistendum
840 3385 946 3454 gentes
958 3383 1053 3441 erant,

10 3490 48 3526 ιο
67 3479 137 3526 tarn
151 3469 282 3540 multae,
306 3469 354 3524 vel
375 3473 434 3522 taur
447 3460 591 3542 maguae(
615 3461 650 3520 Sl
664 3461 782 3538 quidem
794 3468 862 3536 post
874 3455 947 3513 illul
959 3457 1054 3512 maxi-

10 3573 75 3610 um
98 3561 198 3628 atque
209 3541 383 3614 ,universale
402 3548 561 3620 diluvium,
584 3564 674 3624 quum
693 3547 725 3600 in
744 3561 812 3600 area
830 3538 895 3598 Noe
915 3549 984 3596 oeto
1000 3539 1056 3595 soli

10 3639 139 3694 omines
158 3644 331 3706 eraserunt,
344 3635 415 3691 anni
426 3651 486 3690 non
499 3633 590 3688 multo
602 3628 724 3704 ansplius
739 3645 826 3704 quam
834 3625 917 3680 mille
929 3623 1055 3680 nausie-

10 3730 73 3793 nt,
101 3719 231 3797 quenda
252 3719 347 3776 Ninus
372 3717 466 3774 Asiam
488 3723 592 3787 totam,
618 3721 741 3785 exeepto
760 3709 856 3780 ludis,
880 3705 1047 3786 subiugavit

10 3823 92 3863 rma
110 3823 195 3861 vero
209 3812 254 3860 tot
272 3811 378 3881 gentes
393 3811 423 3857 et
435 3800 570 3857 Orientis
583 3806 619 3854 'et
633 3795 828 3866 Occidentis,
843 3810 915 3869 quas
933 3789 1056 3866 imperio

10 3907 141 3943 »mono
159 3885 295 3943 subditos
307 3887 473 3956 ¹cernimus,
493 3901 556 3940 non
571 3900 606 3938 ea
619 3880 770 3937 eeleritate
786 3897 821 3936 ae
834 3875 975 3935 facilitate
987 3889 1052 3949 per·
