2590 4396
230 194 290 252 156
456 184 558 244 DlVl
579 179 767 241 AVRELll
789 177 1039 239 AVGVSTlNl

229 361 268 400 aa
282 341 388 420 gloria,
409 341 458 414 qui
473 356 537 394 eam
549 345 686 411 tanquam
700 323 862 389 mercedem
875 331 977 388 talium
990 331 1135 388 virtutum
1149 334 1275 408 accipe.

228 445 262 482 re
276 431 462 480 meruerunt:
490 430 520 476 ct
537 422 634 476 valeat
653 417 736 472 nobis
757 417 844 472 etiam
862 410 916 477 hoc
929 413 966 470 ad
980 414 1200 489 opprimendam
1214 435 1275 474 su.

228 509 372 585 perbiam3
398 513 431 560 ut
444 522 509 560 cum
522 503 572 558 illa
589 499 710 570 Civitas,
724 500 755 554 in
769 516 826 574 qua
840 496 924 554 nobis
944 515 1071 575 regnare
1089 499 1275 572 promissum

230 601 286 662 est,
299 597 414 646 tantum
426 586 461 642 ab
474 583 529 641 lmc
542 583 639 654 distet,
653 590 797 657 quantum
810 579 899 636 distat
909 581 1023 637 coelum
1033 598 1051 636 ι
1062 589 1151 653 terra,
1162 599 1179 638 ο
1189 590 1274 640 tem-

229 674 325 750 porali
338 671 451 726 laetitia
462 668 524 724 vita
537 675 673 736 aeterna,
700 664 734 721 ab
748 663 885 720 inanibus
903 661 1037 723 laudibus
1052 664 1145 720 solida
1157 666 1274 741 gloria,

230 775 247 812 a
261 757 403 812 societate
417 751 582 806 mortalium
596 748 719 804 sancieta
732 747 923 825 Angelorum,
937 747 1079 802 alumine
1092 748 1160 802 solis
1174 755 1204 802 et
1217 749 1272 804 lu-

230 857 287 896 nae
300 839 399 892 lumen
413 834 477 890 eiua
492 833 543 908 qui
562 832 635 888 fecit
652 831 743 886 solem
766 837 797 886 et
817 831 932 899 lunam,
950 827 1024 884 nillil
1046 830 1102 886 sibi
1125 847 1276 907 magnum

231 921 339 976 fecisse
352 915 509 974 videantur
522 923 622 971 tantae
634 914 748 987 patriae
763 915 858 983 cives,
886 915 912 968 si
933 929 986 986 pro
1005 912 1055 967 illa
1076 911 1275 986 adipiscenda

231 1002 357 1059 iecerint
368 1000 439 1056 boni
452 999 549 1072 operia
564 995 685 1072 aliquid,
702 999 751 1053 vel
764 997 839 1052 mala
852 996 949 1072 aliqua
961 995 1171 1066 sustinuerint3
1198 1014 1275 1052 cum

230 1087 274 1140 illi
287 1102 339 1158 pro
357 1080 411 1137 hae
428 1089 547 1136 terrena
568 1081 627 1135 iam
650 1078 753 1154 adepta
772 1087 855 1134 tanta
873 1077 1008 1148 fecerint,
1034 1085 1117 1134 tanta
1133 1081 1275 1153 perpessi

231 1169 299 1223 sint.
325 1163 502 1222 Praesertim
516 1163 585 1237 quia
598 1162 733 1218 remissio
751 1169 950 1236 peccatorum,
980 1177 1055 1234 quac
1073 1161 1150 1216 cives
1164 1160 1201 1216 ad
1214 1180 1275 1217 ae-

229 1259 345 1305 ternam
358 1247 471 1324 colligit
482 1246 622 1320 patriam,
647 1243 735 1301 habet
753 1242 880 1318 aliquid,
904 1244 951 1299 cui
961 1261 1013 1317 por
1026 1242 1157 1299 umbram
1171 1261 1275 1318 quan·

230 1332 297 1387 dam
311 1330 406 1386 sirnile
420 1327 477 1383 fuit
489 1329 603 1403 asylum
617 1326 689 1381 illud
700 1325 883 1397 Romuleum,
897 1343 955 1400 quo
968 1325 1195 1400 multitudinem,
1209 1345 1276 1403 qua

230 1417 280 1470 illa
294 1415 398 1470 civitas
413 1409 599 1492 conderetur,
613 1409 808 1484 quorumlibet
821 1408 995 1464 delictorum
1007 1410 1200 1486 congregavit
1210 1411 1275 1466 im-

229 1498 355 1570 punitas.
860 1487 896 1565 (l
911 1487 994 1550 CAP.
1010 1487 1111 1548 XVII.
1126 1493 1155 1548 in
1169 1491 1275 1570 Mas.)

587 1609 609 1668 C
631 1611 656 1668 Α
678 1608 710 1666 Ρ.
753 1606 786 1666 Χ
800 1607 912 1666 Vlll.

231 1690 318 1756 Quam
329 1690 413 1744 alieni
431 1707 449 1742 a
468 1689 604 1742 iactantia
614 1705 670 1742 esee
680 1687 793 1742 deleam
807 1687 972 1752 Christiani,
992 1689 1016 1740 si
1029 1688 1135 1757 aliquid
1143 1687 1277 1760 fecerunt

261 1776 314 1828 pro
324 1758 465 1813 dilectione
475 1769 602 1812 aeternae
608 1758 731 1827 patriae,
751 1775 811 1810 cum
821 1767 901 1812 tanta
912 1755 1029 1812 Romani
1035 1757 1171 1828 gesserint
1180 1775 1236 1824 pro

492 1826 611 1881 damaim
617 1827 711 1898 gloria
720 1837 748 1880 et
758 1827 869 1882 civitate
880 1837 997 1880 terrena.

294 1917 371 1984 Quid
384 1935 456 1996 ergo
470 1935 608 1995 magnum
622 1927 668 1973 est
679 1935 732 1991 pro
745 1918 797 1972 illa
818 1927 939 1973 aeterna
962 1918 1139 1991 coelestique
1158 1920 1276 1992 patria,

230 2008 336 2057 cuncta
349 2001 459 2057 saeculi
472 1997 557 2056 huius
572 2000 730 2076 quamlibet
743 1998 870 2055 iucunda
883 1997 1080 2055 blandimenta
1094 2008 1277 2058 contemne-

229 2101 273 2154 re,
287 2084 314 2138 si
326 2101 379 2158 pro
393 2082 447 2139 hac
460 2084 614 2158 temporali
627 2091 714 2158 atque
725 2091 844 2138 terrene
854 2081 932 2137 filios
943 2079 1051 2138 Brutus
1062 2083 1157 2156 potuit
1170 2091 1202 2138 et
1215 2102 1277 2142 oc-

229 2166 338 2235 cidere,
352 2165 429 2241 quod
442 2168 493 2222 illa
504 2165 602 2222 facere
616 2165 764 2220 neminem
777 2159 877 2242 cogiti
892 2162 951 2222 Sed
965 2173 1046 2220 certe
1059 2163 1207 2222 difficilius
1223 2179 1279 2226 est

228 2247 307 2302 filios
321 2250 503 2319 interimere,
517 2266 603 2322 quam
616 2246 692 2322 qnod
704 2264 758 2320 pro
772 2247 830 2302 ista
844 2245 1010 2304 faciendum
1023 2256 1079 2319 est,
1094 2264 1218 2322 eaquae
1236 2251 1278 2308 fi-

228 2330 276 2384 liis
292 2330 500 2407 congreganda
512 2329 687 2388 ridebantur
700 2337 786 2404 atque
800 2329 955 2401 servande,
973 2332 1023 2386 rel
1036 2330 1144 2387 donare
1155 2348 1279 2408 paupe-

228 2411 321 2483 rihus,
334 2413 383 2468 vel
396 2413 422 2468 si
435 2414 560 2468 exsistat
571 2412 696 2468 tentatio
710 2429 783 2486 quae
797 2411 827 2467 id
839 2431 892 2488 pro
905 2413 963 2470 fide
976 2422 1062 2490 atque
1075 2412 1188 2470 iustitia
1202 2414 1280 2474 lieri

230 2495 393 2568 compellat,
406 2497 549 2552 emittere.
563 2494 677 2552 Felices
692 2496 770 2550 enim
782 2497 830 2553 vel
842 2514 896 2552 nos
909 2497 958 2554 vel
972 2495 1047 2553 lilios
1061 2503 1191 2567 nostros,
1207 2517 1280 2560 non

228 2576 348 2634 divitiae
361 2587 497 2636 terrenae
510 2578 632 2648 faciunt,
658 2586 709 2634 aut
721 2578 805 2635 nobis
819 2579 987 2636 viventibus
999 2578 1189 2650 amittendae,
1218 2596 1281 2642 aut

228 2660 313 2716 nobis
326 2663 448 2718 mortuis
462 2681 479 2720 e
491 2662 594 2738 quibus
607 2662 770 2733 nescimus,
795 2663 844 2719 vel
864 2661 941 2719 forte
963 2680 980 2718 a
996 2662 1098 2737 quibus
1118 2663 1280 2740 nolumus,

226 2743 435 2818 possidendae:
462 2743 514 2800 sed
527 2743 609 2801 Deus
623 2745 725 2799 felices
739 2744 821 2815 lacit,
835 2746 885 2820 qui
898 2753 945 2801 est
954 2747 1096 2800 mentium
1108 2762 1180 2802 vera
1196 2765 1279 2821 opu-

227 2826 328 2880 lentia.
343 2823 435 2882 Bruto
449 2836 556 2897 autem,
570 2827 638 2902 quia
651 2825 728 2882 filios
742 2825 859 2899 occidit,
874 2828 1057 2886 infelicitatis
1071 2825 1209 2903 perhibet
1222 2840 1279 2888 te-

228 2907 397 2964 stimonium
411 2911 498 2964 etiam
510 2917 596 2982 poeta
609 2908 751 2965 laudator.
775 2909 825 2966 Ait
838 2913 931 2968 enim:

393 3021 435 3030 -
448 2989 598 3066 Notosque
610 2999 695 3066 pater
708 3010 784 3050 nora
795 2993 871 3051 bella
883 3003 1046 3066 moventes,

310 3071 355 3127 Ad
367 3090 491 3146 poenam
503 3072 624 3148 pulchra
635 3092 688 3150 pro
702 3075 838 3133 libertate
851 3077 967 3134 vocabit

310 3151 428 3226 Infelix,
442 3164 589 3232 utcunque
603 3157 700 3214 ferent
713 3177 748 3214 ea
761 3159 840 3216 facta
853 3161 983 3216 minores

225 3234 285 3292 Sed
298 3255 387 3293 versu
401 3241 534 3314 aequanti
547 3243 714 3298 consolatus
729 3251 775 3297 cst
786 3242 950 3299 infelicem:

309 3317 412 3376 Vincit
424 3340 506 3378 amor
519 3325 644 3397 patriae,
658 3322 834 3399 laudumque
848 3323 991 3384 immensa
1008 3327 1120 3402 cupido.

224 3400 306 3458 Haec
319 3413 389 3459 sunt
401 3404 456 3461 duo
470 3407 520 3462 illa
532 3407 651 3462 libertas
666 3415 696 3461 et
707 3407 849 3480 cupiditas
858 3407 959 3465 laudis
973 3408 1127 3480 hemmae,
1140 3427 1221 3486 quae
1238 3417 1284 3473 ad

223 3485 303 3542 lacte
316 3489 479 3561 compulere
493 3489 625 3544 miranda
638 3486 797 3544 Romanos.
824 3488 858 3546 Si
872 3508 943 3567 crgo
957 3511 1010 3567 pro
1024 3493 1161 3549 libertate
1174 3501 1283 3554 mori-

220 3576 354 3624 tororum
368 3578 397 3624 ct
414 3571 573 3644 cupiditate
595 3569 727 3640 laudum,
753 3588 826 3644 quae
844 3590 861 3626 a
879 3576 1051 3631 mortalibus
1076 3585 1285 3652 expetuntur,

222 3651 317 3706 occidi
328 3650 383 3707 filii
397 3661 508 3727 epatre
521 3660 695 3727 potuerunt3
720 3653 789 3727 quid
802 3673 941 3732 magnum
955 3667 1015 3728 est,
1036 3659 1063 3714 si
1075 3676 1128 3732 pro
1142 3677 1220 3716 vera
1237 3663 1284 3718 li-

220 3731 346 3803 bertate,
361 3751 434 3808 quae
449 3753 502 3790 nos
517 3735 552 3790 ab
567 3736 729 3809 iniquitatis
744 3744 774 3790 et
787 3738 889 3796 mortis
902 3748 932 3795 et
942 3738 1051 3798 diaboli
1064 3738 1221 3798 dominatu
1236 3745 1282 3800 li-

220 3811 307 3868 beros
321 3813 402 3885 facit,
419 3835 475 3872 nec
488 3816 645 3890 cupiditate
658 3815 850 3876 humanarum
862 3822 998 3896 laudum,
1025 3822 1077 3880 sed
1089 3825 1221 3908 ⁴caritate
1236 3827 1282 3885 li-
