2510 4404
189 158 248 214 344
414 151 510 210 blvl
530 148 719 209 nvnnnrl
746 145 998 206 nvdvsnrrtl

567 301 588 360 C
610 303 633 360 A
655 301 687 358 Ρ.
723 298 807 358 ΧΙἸ
820 299 842 357 1.

192 403 293 458 Contra
303 401 452 472 opinionem
467 417 570 464 eorum,
589 397 636 469 qui
647 405 758 466 potunt,
766 427 768 432 ·
777 397 925 451 criminosis
934 397 1074 466 supplicia
1082 409 1151 467 post
1162 417 1219 452 mor·

465 479 518 524 tem
528 486 610 524 corso
616 467 791 538 purgationis
802 465 930 520 adbiberi.

254 561 398 618 Platonici
411 559 543 636 quidem,
570 559 700 634 quamvis
719 559 860 631 impunita
872 559 951 614 nulla
964 560 1064 616 velint
1078 577 1149 615 esse
1161 580 1220 636 pce-

188 655 264 718 cata,
276 654 373 701 tamen
387 662 487 700 omnes
499 660 607 718 poenas
622 641 815 698 emendationi
828 640 956 698 adhiberi
969 652 1098 717 putant,
1112 646 1164 700 vel
1176 644 1221 700 hu·

189 731 282 788 manis
295 726 421 785 inflictas
435 727 563 805 legibus,
587 727 634 782 vel
648 726 770 796 divinis,
792 727 897 782 sivein
910 723 964 782 hac
978 727 1058 798 vita,
1084 729 1152 784 sire
1165 739 1223 803 post

190 823 328 884 mortem,
350 813 377 867 si
389 819 441 867 aut
453 819 588 886 pareatur
600 807 647 866 hic
661 810 778 884 cuique,
802 817 852 865 aut
868 810 909 865 ita
929 811 1104 883 plectatur,
1129 823 1165 868 ut
1182 811 1222 868 bic

190 916 251 956 non
265 897 436 973 corrigatur,
473 892 551 950 Hinc
566 902 610 948 est
623 892 751 949 Maronis
766 893 817 948 illa
829 895 987 965 sententia,
1007 893 1064 949 ubi
1079 913 1171 970 quum
1185 896 1222 951 di·

189 983 283 1036 xiseet
304 980 338 1036 de
360 979 484 1035 terrenis
510 975 676 1052 corporibus
700 975 934 1051 moribundisque
957 977 1125 1050 membris,
1151 977 1224 1054 quod

189 1065 302 1120 annuae
388 1057 389 1064 '
616 1119 617 1124 χ
715 1059 717 1066 ’

273 1145 352 1204 Hinc
365 1137 496 1206 metuunt
510 1147 695 1221 cupiuntque,
708 1143 806 1201 dolent
818 1144 1016 1222 gaudentque,
1035 1165 1097 1202 nec
1112 1164 1195 1203 auras

273 1229 454 1305 Suspiciunt,
468 1232 581 1287 clausae
593 1229 721 1286 tenebris
736 1239 765 1284 et
779 1247 893 1290 carcere
906 1246 1011 1284 coeco:

191 1324 308 1372 secutus
321 1314 467 1386 adiunxit,
481 1323 567 1389 atque
579 1315 631 1386 ait,
827 1385 831 1390 ἱ

274 1400 351 1466 Quin
364 1409 394 1456 et
408 1415 540 1474 supremo
553 1415 619 1452 cum
631 1399 739 1454 lumine
752 1397 813 1453 vita
825 1396 957 1471 reliquit:

190 1483 221 1538 id
235 1492 289 1554 est,
304 1502 369 1540 cum
382 1481 428 1538 dic
441 1481 600 1539 novissimo
614 1482 733 1556 reliquit
745 1499 793 1536 eas
806 1481 863 1536 ista
875 1481 944 1536 vita.

232 1565 299 1624 Non
308 1577 405 1624 tamen
420 1561 536 1642 (inquit)
551 1583 635 1620 omne
645 1566 752 1622 malum
762 1565 887 1635 miscris,
901 1564 1108 1632 necfirnditus
1119 1588 1221 1627 omnes.

232 1649 393 1726 Corporeae
407 1648 551 1704 excedunt
561 1658 669 1723 pestes,
683 1649 857 1724 penitusque
871 1666 991 1704 necesse
1006 1661 1057 1730 est

231 1732 324 1790 Multa
338 1731 387 1788 diu
401 1741 536 1788 concreta
548 1731 640 1787 modis
653 1733 814 1788 inolescere
826 1733 916 1788 miris.

231 1815 312 1894 Ergo
326 1824 501 1871 exercentur
513 1816 625 1890 poenis,
639 1823 828 1892 veterumque
841 1817 983 1872 malorum

233 1898 380 1974 Supplicia
394 1897 577 1976 expendunt:
593 1899 666 1956 aliae
679 1899 848 1975 panduntur
860 1900 962 1956 inanes

233 1981 397 2058 Suspensac
409 1983 445 2040 ad
458 1991 572 2053 ventos,
586 1983 650 2039 aliis
664 1981 716 2040 sub
730 1983 847 2062 gurgite
858 1992 940 2040 vasto

232 2065 374 2124 Infectum
389 2068 495 2124 eluitur
508 2069 614 2140 scelus,
628 2076 678 2124 aut
691 2068 824 2124 exuritur
836 2069 907 2146 igni.

191 2153 249 2221 Qui
261 2149 315 2208 hoc
330 2153 500 2228 opinantur,
522 2153 615 2207 nullas
633 2169 741 2226 poenas
760 2151 818 2208 nisi
835 2153 1022 2230 purgatorias
1037 2155 1153 2212 volunt
1165 2173 1220 2210 esse

190 2245 402 2313 postmortem,
420 2244 453 2291 ut
464 2236 600 2311 quoniam
612 2237 702 2291 terris
716 2235 866 2310 superiora
879 2245 947 2292 sunt
960 2237 1127 2310 elementa,
1145 2257 1222 2314 aqua,

191 2327 252 2392 aer,
272 2319 361 2396 ignis,
384 2321 530 2394 exaliqua
543 2321 665 2375 istorum
677 2318 833 2375 mundetur
845 2337 896 2394 per
909 2321 1091 2394 expiatorias
1106 2340 1222 2397 poenas,

192 2401 269 2480 quod
282 2411 400 2458 terrena
412 2403 587 2482 contagione
600 2411 782 2459 contractum
795 2411 848 2458 est.
882 2402 940 2460 Aer
957 2405 1068 2479 quippe
1083 2407 1222 2482 accipitur

191 2489 223 2544 in
238 2505 271 2544 eo
286 2483 361 2562 quod
374 2487 425 2558 ait,
439 2484 605 2562 Suspensae
618 2485 654 2543 ad
667 2495 779 2543 ventos.
811 2485 892 2562 Aqua
905 2488 936 2543 in
951 2505 984 2543 eo
999 2487 1083 2562 quod
1097 2491 1156 2560 ait,
1170 2487 1222 2546 Sub

191 2571 309 2650 gurgite
321 2579 413 2627 vasto.
449 2569 530 2648 Ignis
544 2580 639 2628 autem
653 2588 705 2626 suo
719 2571 837 2626 nominc
851 2587 1004 2645 expressus
1019 2579 1080 2642 est,
1101 2591 1174 2630 cum
1185 2571 1223 2627 di-

191 2663 251 2727 xit,
276 2653 335 2710 Aut
348 2655 483 2710 exuritur
496 2655 568 2732 igni.
604 2653 664 2712 Nos
678 2672 748 2710 vero
762 2655 849 2710 etiam
861 2656 893 2710 in
906 2653 959 2710 hac
971 2653 1094 2729 quidem
1108 2657 1222 2712 mortali

191 2741 253 2796 vita
266 2757 330 2794 esse
343 2737 480 2814 quasdam
496 2756 606 2812 poenas
624 2739 809 2816 purgatorias
829 2738 1016 2809 confitemur,
1040 2757 1107 2796 non
1123 2740 1222 2816 quibus

192 2822 374 2903 affliguntur,
388 2839 510 2896 quorum
522 2824 583 2878 vita
594 2813 642 2879 rel
656 2840 715 2878 non
729 2821 797 2878 inde
809 2821 843 2878 fit
854 2823 967 2893 melior,
980 2823 1027 2878 vel
1040 2825 1147 2897 potius
1161 2823 1222 2879 inde

192 2907 226 2964 fit
237 2907 333 2980 peicr;
348 2903 399 2959 sed
411 2905 469 2959 illis
483 2914 551 2960 sunt
562 2907 758 2984 purgatoriae,
773 2907 823 2982 qui
834 2908 876 2964 cis
889 2905 1009 2964 coerciti
1022 2907 1221 2985 corriguntur.

193 2988 332 3046 Caeterac
351 3004 450 3042 omncs
468 3005 588 3062 poenae,
615 2991 677 3046 sive
700 2992 900 3064 temporariae,
927 2991 989 3046 sire
1013 2991 1221 3063 sempiternae,

165 3075 177 3098 ‘
193 3073 269 3128 sicut
283 3071 484 3144 unusquisque
502 3068 602 3128 divina
618 3073 801 3146 providentia
820 3073 988 3132 tractandus
1003 3081 1063 3144 cst,
1086 3075 1221 3131 inserun-

194 3165 254 3225 tur,
269 3154 316 3211 vel
328 3171 380 3228 pro
393 3155 518 3228 peccatis
532 3156 595 3212 sive
607 3158 783 3232 praetoritis,
804 3159 865 3214 sire
878 3159 909 3214 in
922 3156 1025 3234 quibus
1038 3154 1141 3214 adhuc
1154 3158 1222 3215 viril

192 3239 243 3295 ille
257 3238 306 3314 qui
319 3239 468 3313 plectitur,
492 3241 540 3296 vel
551 3258 603 3315 pro
618 3239 788 3296 exercendis
801 3240 1038 3316 declarandisque
1051 3241 1220 3310 virtutibus,

171 3339 172 3344 ¹
191 3341 243 3400 per
255 3320 387 3379 homines
401 3331 431 3378 et
443 3324 580 3402 angelos,
594 3341 645 3380 scu
659 3323 751 3380 bonos
772 3343 823 3382 seu
835 3327 934 3382 malos.
967 3323 1042 3402 Nam
1056 3333 1087 3380 et
1100 3325 1131 3381 si
1144 3326 1218 3402 quis-

192 3425 279 3483 quam
291 3407 360 3462 mali
373 3406 481 3481 aliquid
493 3408 614 3465 alterius
628 3406 811 3482 improbitate
824 3409 872 3465 vel
885 3427 983 3464 errore
995 3408 1138 3484 patiatur,
1156 3428 1217 3485 pce·

191 3501 239 3548 cat
247 3493 364 3570 quidem
374 3488 469 3561 homo,
483 3491 532 3566 qui
541 3493 588 3548 vel
600 3492 778 3570 ignorantia,
791 3494 839 3550 vcl
849 3493 991 3548 iniustitia
1002 3493 1145 3567 cuiquam
1157 3491 1216 3547 mali

192 3577 302 3650 aliquid
315 3577 398 3632 facit:
422 3572 544 3630 sednon
557 3585 657 3648 peccat
671 3573 763 3647 Deus,
779 3577 828 3652 qui
840 3577 928 3646 iusto,
949 3576 1081 3650 quamvis
1094 3577 1213 3640 occulto,

192 3657 300 3715 indicio
313 3659 378 3715 fieri
391 3659 470 3714 sinit.
506 3656 566 3715 Sed
579 3659 768 3735 temporarias
785 3678 893 3735 poenas
908 3659 959 3716 alii
971 3660 1003 3714 in
1014 3655 1070 3715 hac
1082 3660 1148 3716 rita
1160 3668 1214 3714 tan·

194 3750 272 3809 tum‚
299 3743 349 3796 alii
362 3749 577 3816 postmortem,
603 3744 654 3799 alii
667 3752 696 3799 et
709 3762 787 3800 nune
802 3752 831 3798 et
844 3753 926 3814 tunc,
939 3751 1142 3800 verumtamen
1155 3751 1213 3798 aute

194 3821 333 3879 iudicium
351 3823 423 3880 illud
445 3827 658 3884 severissimum
679 3828 927 3904 novissimumque
951 3828 1109 3904 patiuntur.
1155 3824 1211 3882 Nou
