2592 4396
230 241 292 308 ass
456 231 552 290 u1vs
578 223 764 288 uvustu
785 181 1040 286 nvntfsssut

231 391 276 463 di,
290 389 340 446 scd
353 387 434 462 quasi
446 383 483 440 ad
495 381 606 455 huram,
617 383 696 438 sicut
707 379 841 437 veniebat
853 379 885 434 in
898 385 1034 452 mentem,
1048 377 1171 436 fortuita
1185 399 1253 457 quu-

231 474 296 530 dsm
308 470 503 528 inconstantia
516 466 650 524 videatur
666 465 772 521 fecisse
786 479 860 538 quae
873 461 955 518 fecit,
994 463 1085 520 Porro
1099 466 1126 518 si
1140 466 1185 520 illi
1198 467 1252 520 cir·

233 557 355 614 nunnitus
370 554 574 622 admittentur,
587 551 736 626 inquiunt,
750 547 852 623 quibus
864 548 914 602 vel
925 557 1061 604 manente
1075 547 1192 622 mundo,
1206 551 1253 604 vel

232 643 295 716 ipso
308 657 422 714 quoque
434 635 611 702 revolubiles
624 642 703 690 ortus
716 647 784 688 suos
796 640 826 686 et
837 646 960 687 occasus
973 627 1080 688 eisdem
1094 633 1253 688 circumiti-

231 725 285 780 bus
310 725 475 790 inserente,
502 717 602 774 eadem
623 717 795 790 temporalia
818 725 1005 792 repetuntur,
1035 735 1091 772 uec
1117 717 1252 794 ignavum

233 809 335 877 otium,
348 803 520 880 praesertim
532 811 591 858 tem
603 803 709 878 longae
722 801 786 856 sine
800 798 885 856 initio
896 797 1110 871 diuturnitatis,
1125 799 1190 856 Deo
1202 801 1254 855 tri·

232 893 347 959 buitur,
374 905 428 943 nec
440 885 600 961 improvide
613 885 760 941 temeritas
773 898 893 958 operum
905 895 1030 939 suorum.
1074 885 1219 951 Quoniam
1231 885 1254 938 si

234 991 294 1030 non
309 971 408 1027 eadem
420 979 604 1045 repetantur,
624 981 684 1024 non
696 975 820 1043 possunt
833 967 947 1022 induite
958 967 1133 1024 diversitate
1145 970 1254 1024 variata

233 1059 294 1113 ulln
307 1058 368 1111 crus
382 1047 505 1110 scientia
516 1055 563 1110 vel
574 1053 768 1129 praescientia
778 1044 988 1125 cumprehendi.

296 1139 357 1196 Has
371 1138 638 1216 argumentationes
649 1133 754 1212 quibus
772 1136 852 1209 impii
870 1144 1001 1190 nostrum
1018 1135 1180 1210 simplicem
1195 1135 1255 1209 pie-

233 1233 339 1295 tatem,
365 1232 398 1278 ut
412 1241 476 1278 cum
488 1223 547 1280 illis
561 1222 592 1277 iu
606 1222 758 1276 circumitu
772 1218 964 1290 ambulemus,
990 1217 1025 1274 de
1043 1221 1092 1276 via
1109 1227 1189 1274 recta
1208 1236 1255 1274 co-

235 1317 343 1364 nantur
356 1316 503 1377 evertere,
517 1307 543 1360 si
555 1306 632 1362 ratio
645 1303 773 1360 refutare
786 1321 846 1358 nou
858 1311 970 1378 posset,
984 1303 1055 1358 tides
1068 1301 1192 1358 irridere
1205 1299 1255 1356 de-

233 1393 323 1448 beret.
365 1388 433 1446 Huc
451 1388 578 1462 accedit,
604 1388 679 1465 quo‘d
691 1390 723 1444 in
736 1386 882 1456 adiutorio
895 1385 1013 1443 Domini
1027 1385 1085 1444 Dei
1098 1387 1194 1442 nostri
1203 1383 1256 1440 hos

233 1476 375 1532 volubiles
390 1475 529 1543 circulos,
549 1491 621 1548 quos
636 1473 734 1547 opinio
748 1469 906 1548 contingit,
929 1471 1005 1526 ratio
1019 1469 1177 1527 manifeste
1190 1487 1255 1525 cou-

233 1560 347 1635 fringit.
390 1555 468 1611 Hinc
482 1557 560 1611 euim
572 1558 697 1612 maxime
710 1557 760 1610 isti
773 1563 886 1625 errant,
912 1564 947 1610 ut
962 1555 995 1610 in
1014 1556 1174 1611 circumitu
1187 1553 1255 1608 ialso

235 1642 397 1710 ambulare,
410 1657 494 1713 quam
509 1657 580 1695 vero
594 1647 625 1694 et
636 1648 717 1694 recto
731 1639 836 1694 itinere
847 1639 964 1709 malint,
982 1638 1060 1712 quod
1071 1646 1204 1696 mentem
1216 1637 1256 1691 di-

162 1729 165 1740 '
233 1727 333 1781 vinam
351 1723 469 1778 omnino
488 1718 695 1779 immutabilem
713 1717 867 1778 cuiuslibet
880 1721 1035 1778 infinitatis
1054 1741 1208 1798 capacem,
1231 1731 1257 1774 et

236 1801 387 1864 innumera
400 1805 497 1860 omnia
510 1808 574 1862 sine
588 1806 774 1884 cogitationis
787 1807 981 1862 alternatione
993 1815 1214 1874 numerantem,
1226 1804 1257 1858 dc

231 1909 287 1946 sun
298 1887 439 1959 humana,
451 1889 599 1961 mutabili,
612 1898 793 1968 angustaque
806 1890 976 1946 metiuntur.
1011 1889 1050 1946 Et
1061 1889 1096 1945 fit
1108 1891 1173 1946 illis
1188 1887 1257 1964 quod

235 1977 277 2031 ait
288 1973 458 2048 Apostolus:
487 1969 702 2051 Compuretstes
716 1973 794 2029 enim
809 1974 982 2051 semetipsos
995 1971 1192 2051 sibimetipsis
1205 1970 1258 2048 [se-

224 2053 386 2136 metipsos]
401 2074 458 2112 non
468 2055 646 2134 intelligunt.
674 2055 748 2113 Nasu
763 2058 829 2132 quie
842 2057 901 2112 illis
914 2053 1051 2132 quicquid
1063 2057 1137 2112 novi
1150 2058 1258 2114 facien·

236 2141 304 2198 dum
316 2141 442 2197 venitin
455 2151 598 2214 memeru,
612 2151 688 2198 nevo
699 2143 825 2198 consilio
838 2139 962 2212 iaciunt,
977 2141 1145 2211 (mutabiles
1160 2144 1259 2219 quippe
1282 2145 1283 2189 t

234 2234 347 2283 mentes
360 2227 497 2301 gerunt3)
521 2225 654 2300 proiecto
667 2244 733 2282 non·
742 2224 853 2296 Deum,
872 2243 958 2300 quem
973 2227 1105 2304 cogitare
1116 2243 1184 2283 non
1198 2243 1257 2300 pos·

235 2317 319 2378 sunt3
344 2306 397 2362 sed
420 2309 588 2384 semetipsos
609 2327 661 2382 pro
684 2309 735 2366 illo
758 2309 937 2385 cogitantes,
963 2327 1022 2366 uun
1041 2309 1140 2380 illum,
1170 2311 1259 2366 sedse

236 2393 329 2466 ipsos,
355 2409 410 2446 nec
428 2391 489 2461 illi,
516 2389 567 2447 sed
584 2391 640 2448 sihi
651 2401 828 2468 corupsraut.
871 2391 1128 2450 Nobisautemias
1143 2401 1262 2452 nonest

234 2474 369 2545 credere,
395 2475 480 2530 aliter
502 2473 597 2530 Deum
620 2473 696 2531 affici
718 2492 784 2532 cum
805 2487 905 2548 vscat,
931 2478 1093 2533 sliter'eum
1105 2490 1261 2550 operatur:

235 2560 305 2635 quis
316 2577 371 2615 neo
383 2557 458 2614 affici
468 2557 607 2615 dicendus
621 2568 680 2630 est,
694 2568 830 2635 tanquam
841 2561 873 2616 iu
885 2562 947 2616 eius
957 2571 1063 2618 natura
1075 2559 1129 2616 fist
1143 2560 1262 2639 aliquid,
1280 2609 1281 2647 p

235 2643 313 2718 quod
326 2661 387 2699 nou
399 2651 467 2699 ante
479 2641 578 2700 luerit.
621 2641 734 2700 Patitur
747 2645 850 2718 quippo
860 2646 913 2720 qui
924 2643 1065 2714 adiicitur,
1079 2652 1109 2700 et
1120 2648 1263 2703 mutabile

235 2736 281 2783 est
290 2745 375 2783 omne
388 2727 465 2802 quod
477 2725 588 2801 aliquid
603 2728 722 2802 patitur.
765 2726 831 2784 Non
853 2729 953 2804 itaque
975 2729 1007 2784 in
1025 2730 1087 2784 eius
1105 2734 1280 2798 vacatione

234 2813 380 2887 cogitetur
391 2810 525 2886 Quouis,
539 2809 665 2882 desidie,
687 2812 810 2883 inertis,
836 2813 912 2868 sicut
924 2831 978 2868 uec
989 2814 1022 2869 in
1034 2813 1097 2868 eius
1113 2829 1211 2889 opere
1223 2818 1262 2870 ls-
1279 2833 1280 2875 t

178 2900 181 2906 '
232 2893 301 2963 bor,
316 2901 453 2961 conatus,
465 2890 620 2950 industrie.
642 2893 734 2951 Novit
746 2896 899 2971 quiescens
913 2912 1012 2974 egere,
1024 2905 1057 2952 et
1068 2915 1167 2976 agens
1182 2900 1262 2975 quie-
1278 2931 1279 2938 ι

235 2993 326 3030 scere.
368 2973 469 3030 Potest
479 2974 518 3030 ed
530 2993 601 3050 opus
614 2995 738 3050 novum,
765 2996 825 3036 uon
837 2997 961 3052 nuum,
983 2979 1037 3036 sed
1050 2980 1263 3055 sempiternum

232 3055 370 3129 adhibere
379 3059 546 3131 consilium
564 3077 619 3116 nec
630 3061 807 3136 poenitendo
817 3065 889 3139 quia
898 3065 982 3137 piiss
996 3075 1182 3138 cessaverat,
1197 3085 1261 3122 coe·

231 3143 275 3218 pit
287 3141 383 3198 iacere
395 3141 471 3217 quod
484 3161 545 3200 non
555 3141 676 3201 decant.
718 3144 778 3204 Sed
788 3149 857 3204 etsi
867 3148 950 3222 prius
960 3149 1099 3219 cessavit,
1112 3158 1148 3206 ct
1162 3160 1260 3225 poste·
1277 3191 1278 3198 ι

231 3226 293 3280 rius
305 3235 442 3300 speratus
457 3236 511 3298 cst,
525 3223 614 3303 (quot
625 3231 725 3288 nescio
735 3230 977 3306 quemadmodum
989 3232 1024 3288 ab
1034 3230 1159 3290 homine
1173 3233 1262 3311 possit

232 3307 372 3389 intelligi)
385 3309 440 3366 bec
451 3310 654 3386 proculdubie
669 3314 746 3391 qued
754 3314 882 3387 dicitur,
901 3317 985 3392 psius
997 3325 1029 3372 et
1039 3319 1211 3391 posterius,
1232 3318 1261 3372 in

231 3392 318 3450 rebus
330 3397 410 3470 prius
423 3413 485 3451 non
493 3397 722 3470 exsistentibus,
747 3408 777 3455 et
797 3401 943 3476 posterius
965 3401 1182 3460 exsistentibus
1201 3403 1259 3458 fuit

208 3475 266 3532 ‘ln
278 3479 329 3535 iilo
343 3489 513 3536 autemnon
524 3481 647 3536 alterum
660 3482 880 3555 praecedentem
894 3484 985 3540 altera
999 3482 1188 3559 subsequens
1202 3503 1260 3541 mu·

232 3563 307 3618 tavit
315 3573 370 3619 aaut
384 3564 503 3620 abstulit
514 3566 708 3638 voluntatem,
735 3567 786 3623 sed
799 3585 859 3624 una
871 3567 1026 3644 sedemque
1039 3569 1225 3643 sempiterna
1237 3575 1262 3622 ct

234 3644 407 3702 immutabili
418 3648 568 3704 uoluunte
580 3665 627 3702 res
641 3649 870 3722 quassantium,
896 3660 927 3707 et
943 3659 976 3707 ut
990 3652 1073 3726 prius
1086 3669 1153 3709 non
1168 3659 1263 3710 esseut

236 3727 314 3800 ogit,
328 3728 462 3802 quamdiu
474 3743 534 3787 non
548 3730 683 3804 inerunt,
696 3743 727 3790 et
741 3743 772 3790 ut
780 3736 929 3809 posterius
939 3743 1050 3806 essent,
1063 3738 1191 3810 quanto
1203 3751 1265 3793 csse

235 3820 408 3880 coeperunt:
422 3810 491 3869 irinc
504 3815 611 3888 eisqui
624 3817 694 3872 talis
706 3817 805 3874 videre
816 3827 955 3894 possunt,
967 3813 1143 3875 mirabiliter
1157 3820 1264 3878 iom-

198 3933 205 3941 .
236 3889 276 3943 sis
289 3892 463 3965 ostendens,
482 3914 567 3970 quam
579 3915 638 3954 uon
651 3901 692 3956 eis
706 3900 879 3980 indiguerit,
905 3890 1016 3960 sedeas
1028 3903 1164 3982 gratuita
1179 3904 1264 3962 boui-
