2592 4396
212 219 274 277 ata
441 208 540 268 ιιιιι
560 205 750 264 svaran
771 201 1028 261 nvovsrmr
1071 185 1074 192 '

215 369 266 428 sed
280 370 315 424 d'o
328 363 502 424 voluntariis
521 376 630 434 poenas
649 357 714 412 luit.
757 355 831 412 Nam
851 357 941 411 etiam
960 353 1036 430 quod
1054 354 1161 412 vitium
1181 377 1251 425 eona,

214 451 370 510 suetudine
383 447 513 502 nimiove
525 457 685 519 progressu
697 441 865 496 roboratum
878 440 960 495 velut
970 439 1146 495 naturaliter
1158 442 1254 497 inole-

129 555 139 562 ·
213 539 268 607 rit,
282 553 300 590 a
312 533 464 590 voluntate
477 529 581 584 sumsit
593 524 754 580 exordium.
797 522 843 579 De
854 523 936 579 vitiis
949 523 1056 597 quippe
1066 539 1146 578 nune
1158 525 1254 598 loqui-

214 637 279 675 mur
294 618 355 672 eius
370 623 507 682 naturae,
534 611 581 666 cui
593 625 676 664 mens
689 609 768 664 inest
781 624 872 682 capax
885 605 1083 682 intelligibilis
1096 607 1183 678 lueis,
1196 625 1255 681 qua

215 701 392 758 discernitur
409 699 518 752 iustum
530 693 565 750 ab
580 693 696 749 iniusto·
849 717 854 744 t

624 841 746 899 CAP.
790 839 851 897 lV.

216 947 260 998 De
269 953 371 998 natura
381 941 598 1001 irrationalium,
618 936 911 1000 autoitacarentium‚
931 935 1258 1005 quacinsuogenereat-

374 1028 423 1078 quc
434 1011 525 1062 ordine
536 1009 569 1062 ab
582 1007 769 1060 universitatis
779 1008 870 1060 decore
880 1023 933 1060 ιιοιι
943 1004 1088 1072 discrepat.

276 1117 430 1174 Caeterum
443 1117 517 1171 vitia
529 1131 667 1188 peoorrun
681 1122 711 1168 et
723 1113 870 1183 arborum,
885 1111 1065 1185 aliarumque
1078 1128 1177 1167 rerum
1191 1130 1257 1166 mu-

216 1201 350 1259 tabilium
367 1208 454 1273 atquc
472 1199 656 1266 mortalium,
684 1197 732 1252 vel
745 1195 914 1263 intellectu,
940 1196 1105 1264 velsenau,
1131 1197 1258 1250 veluita

218 1286 337 1344 omniuo
351 1283 530 1350 carentium,
546 1280 651 1354 quibus
666 1297 767 1336 eorum
781 1277 958 1334 dissolubilis
973 1285 1078 1333 natum
1092 1279 1257 1351 eorrumpi-

217 1379 278 1438 tur‚
292 1365 467 1425 damnabilia
479 1372 599 1439 putare,
613 1362 769 1419 ridiculum
783 1369 841 1416 est:
855 1379 922 1415 curn
935 1362 1009 1415 istoc
1023 1369 1174 1415 creaturae
1190 1379 1259 1415 cum

216 1449 334 1510 modum
353 1457 427 1508 nutu
448 1446 595 1504 Creatoris
616 1446 798 1519 acceperint,
826 1452 859 1498 ut
874 1442 1002 1498 cedendo
1016 1463 1051 1499 ac
1071 1442 1258 1498 succedendo

216 1540 361 1608 peragant
374 1529 504 1587 intimam
513 1526 758 1602 pulchritudinem
768 1536 931 1601 temporum
941 1527 972 1581 in
983 1543 1092 1602 genere
1105 1543 1159 1580 auo
1169 1527 1258 1580 istius

217 1613 318 1674 muudi
331 1611 462 1686 pertibus
475 1620 696 1688 congruentem.
739 1609 843 1685 Neque
857 1611 936 1664 enim
949 1609 1123 1665 coelestibus
1137 1606 1260 1664 fueraut

217 1707 337 1755 terrena
348 1693 544 1769 coaequanda,
559 1703 609 1750 aut
619 1693 685 1750 ideo
697 1695 883 1749 universitati
893 1693 994 1748 deesse
1007 1695 1065 1748 isto
1078 1691 1259 1760 debuerunt,

219 1780 357 1855 quonium
370 1786 439 1836 suat
451 1779 503 1836 illa
515 1778 644 1834 meliora.
668 1775 740 1833 Cum
754 1796 826 1854 ergo
839 1777 870 1831 iu
883 1774 928 1831 hia
943 1778 1026 1846 locis,
1040 1776 1090 1830 ubi
1105 1776 1178 1830 talia
1193 1795 1259 1830 esse

221 1861 412 1936 competebat,
427 1861 484 1918 alia
497 1861 562 1916 aliia
577 1860 777 1918 deficientibus
792 1861 938 1928 oriuntur,
954 1868 983 1914 et
996 1857 1190 1914 succumbunt
1202 1859 1258 1912 mi-

218 1962 292 2001 nora
299 1943 468 2013 maioribus,
482 1952 568 2018 atque
579 1945 611 2000 in
621 1945 776 2018 qualitates
784 1943 983 2016 operantium
990 1949 1125 2015 superata
1132 1950 1259 1996 vertun-

217 2037 283 2097 tur,
296 2045 395 2086 rerum
409 2035 453 2081 est
467 2027 778 2084 ordotranaeuntium.
805 2025 894 2082 Cuius
909 2025 1021 2080 ordinis
1035 2023 1122 2079 decus
1135 2033 1260 2097 propte-

217 2128 270 2166 rea
282 2127 338 2167 nos
350 2128 410 2170 nou
422 2109 563 2180 delectat,
578 2111 716 2184 quoniam
728 2109 805 2184 parti
815 2109 878 2163 eius
888 2127 941 2182 pro
954 2107 1122 2163 conditione
1135 2115 1260 2160 nestrae

217 2193 405 2250 mortalitatis
422 2192 547 2260 lntexti,
565 2193 752 2261 uniuersum,
772 2192 820 2246 cui
832 2192 992 2263 particulae
1006 2207 1079 2263 quae
1092 2205 1148 2242 nos
1163 2185 1261 2243 offen-

218 2273 302 2342 dunt,
316 2274 388 2332 setis
403 2279 471 2342 apte
485 2273 679 2345 decenterque
692 2274 885 2342 conveniunt,
899 2274 1009 2327 sentire
1019 2289 1081 2327 non
1090 2287 1261 2343 possumus.

217 2354 302 2414 Vnde
325 2353 428 2422 nobis,
454 2353 485 2408 in
504 2351 691 2426 quibuscum
710 2355 903 2426 contemplari
920 2357 1016 2410 minus
1030 2353 1129 2409 idonei
1142 2371 1262 2424 sumus,

218 2437 383 2504 rectissime
398 2433 542 2492 credenda
554 2435 735 2509 praeripitur
744 2436 929 2510 prouidentia
937 2436 1114 2506 conditoris,
1127 2454 1167 2491 ne
1182 2440 1263 2493 tanti

218 2518 342 2577 artificis
355 2537 427 2592 opus
441 2519 473 2576 iu
488 2519 585 2592 aliquo
597 2516 811 2592 reprehendere
823 2521 955 2576 vanitate
973 2518 1115 2576 humanae
1133 2523 1263 2574 temeri-

218 2603 287 2658 tatis
301 2600 465 2660 audeamus.
509 2601 680 2676 Quanquam
694 2611 724 2658 et
734 2604 807 2660 vitia
819 2617 917 2659 rerum
930 2613 1114 2659 terrenarum
1127 2620 1190 2657 non
1204 2621 1263 2658 vo-

218 2687 364 2754 luntaria,
377 2698 473 2758 neque
486 2686 638 2758 poenalia,
653 2695 774 2744 naturas
789 2687 884 2759 ipsas,
906 2704 1028 2761 quarum
1041 2687 1120 2740 nulla
1134 2687 1265 2756 omnino

219 2775 282 2838 est,
299 2769 381 2827 ouius
396 2783 456 2828 aaa
470 2767 509 2824 stt
522 2775 626 2826 auctor
639 2776 669 2822 et
683 2767 932 2838 conditorum,
947 2770 972 2824 si
984 2768 1145 2842 prudenter
1158 2776 1264 2824 atten-

219 2850 339 2918 damus,
364 2847 464 2908 eadeta
488 2849 603 2906 rationo
625 2851 843 2908 commendant:
871 2853 940 2925 quia
954 2861 983 2906 et
996 2853 1029 2907 in
1043 2852 1086 2906 eis
1099 2848 1155 2905 hoc
1169 2851 1264 2905 nobis

218 2949 270 3005 per
282 2931 390 2988 vitium
402 2930 465 2986 tolli
478 2929 627 3002 displicet,
654 2931 731 3006 quod
744 2935 775 2988 in
790 2943 894 2990 natura
908 2935 1017 3007 placet:
1045 2935 1105 2988 nisi
1117 2933 1187 3006 quia
1204 2930 1263 2989 ho-

218 3013 346 3069 minibus
359 3013 447 3068 etiam
460 3013 541 3084 ipsae
554 3021 676 3072 naturae
687 3016 858 3089 plerumque
867 3016 1031 3092 displicent,
1045 3017 1165 3072 cumeis
1180 3013 1265 3071 fiunt

218 3096 337 3163 noxiae,
352 3113 412 3150 nou
427 3109 474 3150 eas
490 3094 756 3169 considerantibus,
771 3099 823 3154 sed
836 3101 993 3156 utilitatem
1007 3113 1102 3168 suam3
1116 3099 1196 3153 sieut
1208 3100 1263 3154 illa

219 3177 372 3246 annualia,
398 3193 521 3250 quorum
534 3179 713 3238 abundantia
725 3183 936 3258 Aegyptiorum
949 3181 1082 3256 superbia
1094 3181 1263 3253 vapulavit.

174 3315 177 3323 Δ
218 3258 279 3316 Sed
291 3260 349 3314 isto
362 3259 447 3320 modo
466 3270 590 3334 possunt
607 3271 636 3318 ιι
656 3266 745 3322 solem
762 3267 948 3337 vituperare3
973 3265 1111 3338 quoniam
1136 3262 1262 3336 quidam

217 3350 390 3417 peccantes,
402 3345 450 3402 vel
462 3343 559 3400 debita
572 3363 632 3402 non
645 3347 816 3418 reddentes,
838 3349 911 3422 poni
924 3366 942 3405 a
955 3347 1098 3404 iudicibus
1113 3345 1263 3402 iubentur

218 3425 255 3482 ad
268 3427 367 3482 solem.
410 3425 478 3484 Non
492 3429 591 3502 itaque
605 3447 643 3486 ex
656 3429 806 3488 commode
818 3432 865 3488 vel
878 3429 1060 3488 incommodo
1075 3437 1192 3498 nostro,
1208 3430 1263 3484 sed

217 3528 269 3583 per
291 3528 323 3568 ιι
341 3510 435 3584 ipsam
453 3511 639 3572 considerata
658 3522 763 3570 natura
776 3513 826 3570 dat
839 3514 947 3570 artifici
960 3531 1013 3570 suo
1026 3513 1162 3589 gloriam.
1209 3511 1263 3568 Sic

218 3601 263 3648 est
290 3601 319 3647 et
344 3602 450 3648 natura
471 3595 552 3670 ignis
574 3597 690 3652 aeterni
716 3599 781 3654 sine
802 3599 861 3654 ulla
886 3597 1066 3654 dubitatione
1088 3595 1262 3664 laudabilis,

218 3675 351 3746 quamvis
365 3674 510 3733 damnatis
522 3678 618 3750 impiis
633 3677 731 3735 futura
744 3681 884 3753 poenalis.
928 3679 1005 3746 Quid
1027 3679 1105 3734 enim
1123 3686 1171 3732 est
1188 3679 1263 3754 igne

217 3753 396 3827 flammante,
409 3758 540 3833 vigente,
555 3768 642 3832 atque
653 3762 770 3820 lucente
783 3759 952 3834 pulchrius?
971 3755 1040 3836 quid
1053 3760 1263 3827 calefaciente,

217 3846 356 3907 curante,
383 3849 526 3914 coquente
542 3841 664 3898 utilius‘i
688 3847 818 3919 quamvis
839 3864 875 3901 eo
894 3845 967 3902 nihil
990 3846 1029 3901 sit
1041 3853 1148 3901 urente
1167 3844 1263 3900 malm
