2530 4392
186 223 247 282 DE
271 223 497 286 ClVl'l'A'l'E
520 227 599 286 DEl
621 229 700 288 LlB.
723 229 827 304 XX&
963 238 1025 298 335

44 399 62 435 n
76 387 158 452 atque
167 377 341 434 mirabiliter
354 377 429 435 idem
450 380 515 454 ipse
530 380 665 440 accendit
682 383 868 444 exstinctum.
901 385 984 446 llaec
997 400 1026 448 et

42 461 132 536 lapide
145 461 271 532 asbesto,
286 462 415 536 quicum
429 465 531 541 ignem
544 466 658 522 nullum
670 463 776 524 habeat
787 473 953 546 proprium,
976 492 1024 531 oc-

41 556 75 602 to
90 555 181 602 temen
195 545 237 600 sic
251 543 334 601 ardet
347 547 456 620 alieno,
469 556 504 604 ut
517 567 577 604 non
589 551 684 623 possit
698 553 859 630 exstingui.
891 553 974 613 llaec
988 556 1024 614 de

44 631 110 686 teris
124 646 196 704 quoe
208 629 291 706 piget
304 639 453 702 retexere,
465 631 569 706 quibus
582 633 653 689 lieet
664 636 708 691 vis
722 637 840 694 insolita
854 649 957 696 eontra
971 658 1023 696 na-

41 733 83 770 am
102 715 196 768 inesse
213 711 363 786 videatur,
390 715 448 772 alia
467 725 565 772 tamen
580 715 615 772 de
628 717 686 774 illis
705 738 766 776 non
786 721 918 780 redditur
937 723 1024 796 retia,

41 799 49 852 i
62 806 94 852 ot
107 796 228 867 dicator,
242 795 318 852 hanc
332 816 432 854 eorum
447 817 511 856 esse
525 810 670 857 naturam
707 801 812 860 Brevis
825 823 897 863 sone
909 808 967 864 iste
980 815 1025 863 est

41 883 80 953 io;
93 879 193 951 fateor,
207 879 412 957 sufficiensque
425 885 587 958 responsio.
620 881 681 941 Sed
693 905 759 943 enm
773 886 855 945 Deus
869 900 973 948 suetsr
986 891 1026 946 sit

41 983 156 1020 ¹ortuum
171 965 311 1035 omnium,
336 983 390 1021 eur
403 967 509 1023 nolunt
522 965 655 1045 [volunt]
667 967 821 1028 fortiorem
836 991 890 1029 nos
902 971 1025 1030 reddere

41 1051 140 1124 ionem,
153 1046 270 1122 quando
284 1047 396 1124 aliquid
407 1051 491 1107 velut
504 1051 683 1126 impossibile
698 1055 805 1112 nolunt
819 1055 1026 1130 eredere,·eis-

41 1130 248 1188 ercdditicoem
266 1133 391 1190 rationis
410 1134 598 1207 poscentibus
616 1137 840 1212 respondemus,
867 1138 944 1199 haue
963 1157 1027 1198 esse

41 1223 166 1272 untateso
179 1216 391 1291 omnipotentis
404 1215 478 1288 nem
505 1219 555 1294 qui
573 1229 653 1276 certe
672 1240 731 1277 non
752 1222 787 1280 ob
805 1222 886 1280 aliud
905 1232 1028 1283 vocatus·

41 1301 181 1374 oipotens,
193 1299 253 1354 nisi
266 1301 402 1374 quoniam
417 1301 556 1378 quicquid
568 1305 632 1360 vult
642 1313 755 1380 potest;
769 1306 821 1382 qui
833 1308 933 1382 potuit
944 1323 1028 1366 eres·

41 1403 90 1439 :am
102 1383 203 1453 multa,
217 1400 293 1456 quoe
305 1384 364 1439 nisi
378 1385 620 1456 ostenderentur,
631 1397 682 1444 sut
692 1406 709 1444 a
719 1387 873 1446 credendis
882 1387 1027 1468 hodieque

41 1467 107 1522 ibus
119 1465 297 1538 dicerentur,
310 1467 442 1542 prolecto
452 1469 644 1545 impossibilis
655 1481 844 1547 putarentur,
856 1491 918 1534 non
931 1474 1027 1532 sclam

44 1570 60 1606 c
73 1551 258 1628 ignotissima
271 1549 347 1626 epod
361 1570 432 1624 nos,
457 1573 561 1610 rerum
575 1556 664 1611 etism
678 1573 754 1632 quse
765 1557 922 1616 notissima
932 1558 1027 1634 posui.

51 1636 130 1688 enirn
143 1651 218 1708 quae
232 1634 307 1709 apud
320 1653 375 1691 nos
388 1647 505 1710 praeter
521 1656 586 1708 eos,
600 1656 725 1712 quorum
737 1639 774 1698 de
787 1638 835 1698 his
845 1639 939 1700 libres
951 1641 1028 1720 legi·

41 1739 58 1789 r,
75 1736 132 1773 noo
146 1714 255 1773 habent
268 1727 385 1791 testem,
400 1727 431 1776 et
444 1720 478 1776 ab
494 1722 537 1776 eis
551 1723 719 1798 conscripta
732 1733 804 1782 sunt
816 1726 867 1801 qui
880 1743 943 1782 non
957 1733 1028 1781 sont

41 1803 129 1858 initus
143 1799 220 1857 docti
234 1811 321 1878 atque
333 1800 502 1860 humanitus
514 1804 579 1861 fslli
593 1807 671 1863 forte
682 1816 856 1884 potuerunt,
880 1809 950 1865 lieet
962 1809 1027 1866 sni·

52 1887 212 1956 sine-recta
225 1884 456 1960 reprehensione
471 1907 531 1945 non
547 1891 677 1947 credere.

45 1967 122 2025 Nam
134 1987 189 2026 nec
203 1987 260 2048 ego
271 1971 339 2028 volo
354 1979 464 2030 temere
478 1971 560 2030 credi
573 1983 680 2032 cuncte
693 1993 769 2050 quse
780 1977 878 2050 posui,
890 1975 959 2050 qote
971 1993 1027 2032 nec

42 2073 58 2108 e
73 2053 138 2125 ipso
153 2053 195 2110 ita
209 2051 370 2112 ereduntur
384 2063 523 2128 tanquam
538 2057 621 2112 nulle
636 2055 671 2112 de
692 2059 752 2114 illis
767 2059 851 2114 sitin
866 2075 931 2114 mea
944 2059 1026 2135 cogi·

41 2155 96 2192 one
110 2136 268 2208 dubitatio,
293 2137 421 2210 exceptis
435 2134 481 2192 his
494 2155 568 2212 quae
581 2140 627 2195 rel
645 2139 711 2212 ipse
727 2158 792 2196 sum
811 2147 969 2214 expertus,
998 2149 1026 2196 et

41 2222 77 2275 ris
91 2219 178 2276 facile
191 2229 237 2277 est
250 2221 397 2296 experiri3
424 2221 502 2278 sicut
516 2217 552 2276 de
566 2223 663 2292 ealce,
686 2220 764 2296 quod
783 2221 879 2280 fervet
892 2223 923 2280 in
939 2240 1025 2297 equs,

43 2307 91 2360 leo
106 2304 215 2382 frigida
228 2314 288 2376 est3
315 2303 351 2360 de
363 2311 502 2382 magnete
517 2303 629 2380 lapide,
654 2305 731 2379 quod
745 2306 846 2362 nescio
861 2323 919 2381 qua
932 2305 1025 2362 sorli-

43 2408 60 2444 e
75 2388 242 2446 insensibili
256 2389 392 2463 stipulam
406 2406 466 2446 non
479 2397 608 2459 moreat,
623 2397 653 2445 et
665 2387 775 2446 ferrum
788 2391 899 2463 rupiat;
914 2388 950 2446 de
960 2408 1025 2446 car-

42 2491 90 2528 ron
104 2481 297 2546 putrescente
310 2474 446 2546 perenis,
466 2491 532 2530 cum
545 2474 694 2546 putruerit
707 2482 738 2530 ct
750 2472 897 2544 Platonis3
924 2472 960 2528 de
973 2491 1025 2547 ps·

42 2557 81 2612 sie
95 2555 226 2634 frigente
239 2566 272 2612 ut
284 2554 428 2613 fluescere
441 2557 542 2614 niveos
551 2573 611 2612 non
623 2557 718 2627 sinat3
732 2558 777 2612 sic
790 2557 907 2612 calente
918 2564 951 2612 ut
963 2574 1024 2612 ma·

42 2659 129 2696 scere
156 2657 242 2712 poma
265 2641 436 2712 compellot5
462 2636 498 2696 de
520 2640 593 2717 igne
615 2638 740 2718 fulgido,
763 2639 841 2715 quod
864 2638 1025 2696 seeundum

42 2745 61 2781 n
75 2723 225 2800 fulgorem
237 2719 514 2797 lapidesscoquendc
530 2721 704 2794 candificet,
728 2733 758 2780 et
776 2732 882 2780 eontra
901 2721 1026 2780 eundem

42 2829 58 2864 n
73 2805 223 2882 fulgorem
240 2804 353 2861 urendo
374 2806 500 2880 plurima
517 2805 661 2864 obfuscet.
698 2805 772 2864 Tele
786 2805 922 2883 estquod
937 2815 967 2862 et
980 2807 1025 2862 ni-

57 2889 195 2946 mseulae
208 2885 400 2946 offunduntur
413 2907 451 2946 ex
464 2891 529 2948 oleo
542 2889 706 2964 splendido,
720 2892 854 2948 similiter
868 2891 972 2970 nigrae
988 2891 1023 2945 li·

42 3001 44 3028 ι
61 2973 100 3029 de
119 2970 245 3030 candido
263 2973 471 3048 imprimuntur
490 2984 626 3053 argento.
662 2974 903 3034 Decurionibus
924 2977 1023 3044 etiam,

42 3060 49 3115 l
66 3055 253 3114 accendente
268 3053 452 3134 [secedente]
476 3060 546 3136 igne
561 3060 605 3116 sic
619 3069 773 3118 venentur
786 3062 817 3117 in
831 3061 1022 3130 contrarium,

42 3163 53 3198 c
69 3141 164 3219 lignis
177 3140 382 3216 pulcherrimis
395 3143 477 3213 tetri,
491 3143 615 3221 fragiles
628 3145 664 3201 de
675 3143 768 3217 duris,
782 3143 976 3220 imputribiles
988 3141 1023 3198 de

43 3226 163 3282 ibilibus
185 3224 268 3282 fiant.
304 3223 387 3282 Haec
405 3229 468 3299 ipse
486 3225 629 3299 quaedam
649 3246 716 3284 cum
735 3229 854 3298 multis,
879 3224 1020 3300 quaedam

50 3309 194 3366 omuibus
209 3310 298 3380 novi,
324 3318 354 3364 et
367 3310 425 3365 elie
443 3309 586 3382 plurima,
611 3327 685 3383 quae
705 3307 774 3366 huic
794 3307 870 3365 libro
890 3310 1022 3363 inserere

43 3413 92 3449 nm
106 3393 177 3449 fuit.
212 3391 259 3449 De
271 3390 317 3447 his
331 3399 431 3448 autem
445 3408 520 3466 quae
533 3393 619 3466 posui
633 3410 693 3447 non
708 3400 846 3466 experta,
871 3387 923 3446 sed
935 3383 1023 3459 lecta,

43 3488 89 3534 ter
112 3477 150 3532 de
170 3475 253 3531 fonte
273 3477 340 3545 illo,
367 3473 418 3530 uli
435 3473 515 3530 faces
531 3475 765 3551 exstinguuntur
778 3472 915 3530 ardentes
930 3480 960 3526 et
973 3488 1022 3525 ee·

45 3569 141 3616 untur
152 3560 331 3628 exstinctae,
347 3556 421 3613 etde
431 3559 525 3632 pomis
538 3568 636 3614 terrae
647 3555 843 3614 Sodomorum
857 3555 1023 3612 forinsecus

43 3647 54 3700 i
68 3643 212 3713 rrsatsrris,
224 3643 405 3699 intrinsecos
419 3640 542 3713 fumeis,
569 3660 626 3697 nec
639 3650 731 3696 testes
744 3641 857 3715 sliquos
871 3638 992 3694 idoneos
1006 3655 1023 3692 e

43 3746 76 3783 us
92 3735 197 3781 utrum
210 3743 280 3781 vera
291 3734 391 3782 essent
403 3723 643 3802 audirem,potui
653 3725 792 3798 reperire.
814 3721 854 3780 Et
864 3723 945 3778 illum
956 3723 1021 3797 qui-

43 3810 164 3866 fcntem
177 3826 236 3864 non
250 3809 362 3880 inveni,
375 3809 425 3882 qui
439 3810 470 3864 in
481 3807 572 3884 Epiro
585 3807 696 3866 vidisse
709 3826 740 3864 se
754 3806 895 3878 dicerent,
910 3804 961 3862 sed
972 3807 1021 3880 qui

43 3895 111 3952 illia
123 3893 251 3948 similem
265 3901 388 3950 nossent
401 3910 461 3950 uon
475 3893 564 3972 longe
578 3910 595 3948 a
608 3891 812 3969 Gratianopoli
828 3893 955 3950 civitate.
976 3887 1022 3946 De
