2530 4392
195 215 256 272 336
397 224 417 255 ·
434 203 745 267 nlvsuvnssnn
766 204 1022 264 Avcvsrlnl

195 362 337 424 fructibus
344 371 441 420 antem
447 358 664 420 Sodomitarum
671 357 818 432 arborum,
829 377 891 415 non
896 367 1010 415 tannim
1017 361 1129 419 literae
1134 362 1237 423 fidedi·

194 467 272 528 gnae
284 447 428 518 indicant,
441 463 543 503 verum
554 446 642 500 etiam
652 452 712 499 tam
724 444 809 499 multi
823 461 855 498 se
867 444 1029 518 loquuntur
1044 456 1203 520 expertos,
1214 461 1240 504 ut

194 528 263 589 b'ine
273 529 406 587 dubitare
420 547 482 586 non
494 529 612 602 possim.
627 524 990 597 Caeteraserosicbabeo,
1001 539 1037 584 ut
1051 547 1156 605 neque
1170 531 1238 588 affir-

194 616 311 686 manda,
333 615 433 690 neque*
443 610 580 690 neganda
592 609 789 684 decreverim3
816 608 867 666 scd
881 609 945 666 ideo
960 612 1054 668 ctiam
1068 614 1138 688 ipsa
1150 617 1237 690 posui,

194 699 333 776 quoniam
345 696 420 772 apud
434 715 552 767 corum,
576 703 679 751 contra
692 713 765 770 quos
780 695 909 774 agimus,
930 691 1097 752 historicos
1112 698 1191 776 lagi:
1214 709 1239 753 ri

195 781 382 839 ostenderem
394 781 493 856 qualia
506 780 607 850 multa,
620 779 763 853 multique
775 779 903 850 iilorum,
922 778 1005 832 nulla
1018 778 1145 836 reddita
1157 783 1238 837 ratic

195 885 243 937 nc,
255 867 288 923 in
302 883 422 922 suorum
435 859 619 919 literatorum
632 862 742 935 scripta
754 861 847 917 literis
859 859 995 932 credant,
1010 863 1066 936 qui
1080 863 1171 921 nobis
1185 884 1239 920 cre·

195 949 274 1022 dere,
288 946 405 1024 quando
419 946 449 1002 id
463 946 541 1021 quod
554 945 880 1018 corumexpcrientiam
895 961 1080 1021 sensumque
1094 955 1241 1026 nansgrc·

195 1031 285 1102 ditur,
305 1033 536 1106 omnipotentem
549 1029 645 1087 Deum
658 1027 781 1085 dicimus
796 1045 861 1084 csse
873 1027 1036 1100 facturum,
1060 1049 1124 1086 nec
1138 1031 1242 1108 reddita

197 1121 312 1172 ratione
325 1114 498 1193 dignantur.
534 1113 611 1171 Nam
624 1131 699 1188 quae
712 1113 815 1168 melior
828 1119 859 1168 ct
870 1110 997 1168 validior
1009 1113 1097 1170 ratio
1113 1114 1241 1172 derebus

196 1198 301 1256 talibus
313 1197 457 1269 redditur,
471 1216 557 1272 quam
570 1215 635 1253 cum
647 1197 832 1270 omnipotens
845 1213 976 1269 esposse
988 1194 1098 1253 facere
1111 1198 1240 1274 perbibe-

196 1293 255 1355 tur,
270 1292 301 1340 et
313 1281 444 1339 facturus
458 1281 576 1354 dicitur,
592 1299 668 1356 quae
679 1280 905 1355 praenuntiasse
918 1278 960 1336 ibi
972 1280 1111 1357 iegitur,
1131 1283 1182 1340 ubi
1194 1283 1240 1338 aiis

195 1368 289 1424 multa
301 1365 536 1442 praenuntiavit,
557 1382 631 1440 quoe
643 1363 750 1420 fecisse
762 1358 961 1420 monstraturi
992 1363 1065 1436 lpse
1081 1368 1191 1442 quippe
1205 1365 1239 1421 is·

196 1451 265 1523 ciet,
290 1451 360 1526 quia
372 1468 404 1506 se
416 1448 562 1505 facturum
574 1465 639 1505 csse
653 1447 810 1522 praedixit,
838 1465 912 1523 quac
925 1447 1130 1526 impossibilia
1144 1460 1236 1526 puteo·

196 1543 259 1605 tur,
286 1535 338 1608 qui
350 1533 485 1608 promisit
497 1541 528 1588 et
539 1531 611 1590 iecit
623 1541 657 1588 ut
670 1530 705 1588 ab
719 1531 878 1588 incredulis
891 1529 1033 1610 gentibus
1059 1532 1238 1590 incredibilia

196 1616 396 1674 crederentur.

577 1665 700 1756 can.
746 1695 859 1755 v111.

197 1776 226 1830 N
226 1795 259 1832 oo
269 1793 325 1832 csse
335 1786 430 1832 contra
441 1786 578 1841 naturam,
589 1794 648 1830 cum
658 1777 688 1830 ia
698 1777 792 1846 aliqua
802 1795 842 1843 re,
852 1776 929 1831 euius
938 1785 1047 1831 actara
1058 1780 1192 1846 innotuit,
1201 1781 1239 1832 cii

353 1846 420 1917 quid
428 1847 462 1899 cb
473 1863 503 1898 eo
513 1848 655 1916 quoderat
665 1855 758 1900 notum
768 1847 867 1918 incipit
875 1863 929 1902 csse
940 1848 1091 1902 diuersum.

260 1951 294 2010 Si
308 1961 404 2010 sutem
418 1963 575 2030 propterea
588 1955 779 2030 respondent,
793 1973 825 2011 sc
836 1974 897 2012 non
911 1953 1033 2012 credere
1049 1975 1133 2032 quae
1146 1957 1181 2014 dc
1192 1956 1238 2014 bu·

195 2039 291 2095 manis
305 2055 420 2114 semper
433 2039 543 2094 arsuris
558 2057 753 2114 necunquam
763 2040 909 2096 meritoria
921 2041 1103 2114 corporibus
1117 2041 1239 2110 dicimus,

197 2123 264 2198 quia
277 2119 472 2178 humanorum
485 2139 642 2198 corporum
655 2131 791 2180 naturam
804 2124 938 2180 norimus
951 2125 1047 2202 longe
1059 2126 1155 2182 eiitcr
1167 2127 1238 2182 inati-

196 2214 304 2278 tutam3
327 2203 405 2262 unde
418 2225 473 2263 nec
486 2207 538 2262 illa
551 2207 628 2263 ratio
642 2203 712 2262 hinc
727 2205 810 2262 reddi
821 2216 928 2281 potest,
942 2223 1019 2282 quae
1035 2207 1074 2263 de
1089 2210 1152 2265 iliis
1166 2221 1238 2266 natu·

195 2289 238 2344 ris
253 2287 435 2345 mirabilibus
449 2289 636 2361 reddebatur,
650 2299 685 2346 ut
698 2289 756 2346 dici
766 2291 873 2365 possit,
890 2289 942 2346 Vis
955 2291 1014 2346 ista
1028 2295 1181 2349 naturalis
1195 2303 1239 2353 est,

195 2372 240 2426 rci
261 2369 349 2427 huius
373 2373 429 2428 iata
453 2383 561 2430 natura
586 2382 644 2446 est3
671 2375 810 2448 quoniam
832 2375 951 2445 scimus,
974 2371 1129 2432 humanae
1152 2379 1239 2432 carnis

196 2456 282 2510 istam
297 2473 357 2510 non
372 2473 436 2512 esse
450 2466 601 2514 naturarut
627 2455 765 2514 habemus
781 2456 897 2532 quidem
914 2456 993 2533 quod
1010 2461 1239 2533 respondeamus

196 2537 232 2594 dc
244 2539 339 2594 literis
354 2541 456 2612 sacris,
469 2539 545 2597 banc
559 2542 653 2615 ipsam
666 2542 781 2596 scilicet
792 2539 948 2597 humanam
962 2559 1086 2598 carnem
1099 2546 1189 2600 aliter
1201 2545 1239 2598 io·

195 2623 328 2678 stitutum
342 2621 435 2679 fuisse
448 2633 517 2680 ante
530 2634 700 2697 peccatum,
722 2621 753 2680 id
767 2633 828 2697 est,
852 2633 887 2680 ut
898 2633 998 2700 posset
1010 2643 1167 2701 nunquam
1180 2645 1238 2700 pcr-

195 2706 256 2781 peti
268 2715 407 2778 mortem,
422 2708 508 2764 aliter
518 2717 616 2764 autem
625 2716 692 2783 post
702 2716 865 2782 peecatum,
879 2709 973 2782 qualis
986 2709 1019 2764 in
1033 2726 1179 2766 aerumna
1193 2709 1237 2765 bu·

196 2790 241 2844 ius
254 2791 441 2846 mortalitatis
456 2792 604 2862 innotuit,
628 2800 663 2846 ut
680 2799 828 2866 perpetem
842 2793 932 2848 vitam
945 2801 1048 2848 tenere
1063 2810 1128 2848 non
1143 2795 1236 2867 possit

195 2869 246 2927 Sic
260 2889 330 2948 ergo
344 2873 431 2928 aliter
442 2891 529 2947 quam
539 2873 625 2931 nobis
639 2883 710 2930 nota
723 2883 778 2946 cat,
791 2875 964 2931 instituetur
977 2877 1009 2930 in
1023 2879 1237 2933 resurrectione

194 2962 384 3010 mortuorum.
411 2953 624 3032 sedquoniam
638 2959 702 3014 istis
718 2975 778 3014 non
792 2957 916 3014 credunt
933 2959 1041 3030 literis,
1067 2959 1120 3015 ubi
1133 2961 1238 3038 legitur

195 3036 289 3110 qualis
303 3037 333 3091 in
347 3037 482 3109 paradiso
496 3039 606 3096 vixerit
617 3039 717 3112 homo,
731 3051 931 3117 quantumque
944 3040 1034 3097 fucrit
1047 3060 1066 3098 a
1079 3045 1236 3098 necessita-

195 3128 224 3174 te
237 3119 341 3174 mortis
355 3120 482 3190 alienus,
497 3123 602 3198 quibua
621 3126 724 3200 utique
739 3126 765 3181 si
777 3125 948 3196 crederent,
970 3144 1032 3182 non
1049 3145 1119 3182 cum
1133 3128 1192 3182 illis
1206 3125 1236 3179 de

194 3219 289 3276 poena
303 3201 517 3277 damnatorum,
532 3224 606 3282 quac
620 3207 719 3266 futura
729 3218 785 3279 est,
801 3210 954 3282 operosius
967 3225 1142 3286 ageremus3
1156 3209 1191 3264 dc
1204 3211 1234 3264 ii·

195 3287 268 3342 teris
282 3305 395 3359 eorum,
410 3289 461 3363 qui
474 3288 637 3347 doctissimi
649 3291 725 3365 apud
736 3293 802 3348 ilios
814 3291 946 3362 fuerunt,
961 3291 1075 3368 aliquid
1085 3293 1234 3365 proferen-

196 3369 263 3426 duna
278 3379 339 3441 est,
364 3389 422 3446 quo
436 3383 575 3448 appareat
586 3393 674 3449 posse
686 3374 769 3447 fieri,
793 3385 826 3432 ut
838 3377 924 3432 aliter
937 3393 969 3430 se
983 3373 1092 3432 babeat
1110 3393 1233 3452 quaeque

194 3471 260 3524 res,
282 3472 368 3530 quem
388 3457 471 3530 priua
493 3458 525 3514 in
546 3458 634 3514 rebus
653 3460 826 3516 innotuerat
839 3477 910 3516 suae
924 3457 1173 3516 determinatione
1187 3476 1230 3514 ns·

196 3547 288 3593 turae.
792 3585 796 3590 .
829 3581 833 3588 .

259 3620 314 3678 Est
337 3625 369 3680 in
393 3623 485 3680 Marci
507 3622 649 3682 Varronis
673 3627 768 3698 libris,
794 3645 917 3703 quorum
930 3626 1089 3699 inscriptio
1107 3635 1162 3683 eat.
1193 3623 1228 3680 ne

198 3712 288 3779 gente
301 3707 400 3780 popuii
414 3706 550 3779 Romani,
565 3709 643 3784 quod
657 3709 765 3767 eisdem
778 3709 887 3780 verbis,
902 3711 1008 3785 quibus
1023 3709 1066 3764 ibi
1079 3711 1195 3787 legitur,
1208 3719 1230 3760 et

198 3783 245 3840 hie
258 3803 381 3858 ponam:
404 3789 459 3858 „in
475 3793 568 3863 coelo,
582 3793 690 3868 inquit,
703 3795 837 3850 mirabile
850 3795 964 3850 exstitit
975 3802 1162 3868 portentum:
1175 3809 1231 3848 usn

198 3867 255 3936 „in
274 3870 359 3924 stella
380 3869 503 3928 Veneris
525 3875 725 3949 nobilissima,
752 3895 837 3954 quam
856 3875 976 3932 Plautus
999 3874 1231 3954 vesperuginem,
