<?xml version="1.0" encoding="UTF-8"?>
<!DOCTYPE html PUBLIC "-//W3C//DTD XHTML 1.0 Transitional//EN"
    "http://www.w3.org/TR/xhtml1/DTD/xhtml1-transitional.dtd">
<html xmlns="http://www.w3.org/1999/xhtml" xml:lang="en" lang="en">
 <head>
  <title>
</title>
<meta http-equiv="Content-Type" content="text/html;charset=utf-8" />
  <meta name='ocr-system' content='tesseract 3.04.00' />
  <meta name='ocr-capabilities' content='ocr_page ocr_carea ocr_par ocr_line ocrx_word'/>
</head>
<body>
  <div class='ocr_page' id='page_1' title='image "./saureliiaugusti02augugoog_0518.png"; bbox 0 0 2586 4396; ppageno 0'>
   <div class='ocr_carea' id='block_1_1' title="bbox 271 211 1071 278">
    <p class='ocr_par' dir='ltr' id='par_1_1' title="bbox 271 211 1071 278">
     <span class='ocr_line' id='line_1_1' title="bbox 271 211 1071 278; baseline 0.01 -8"><span class='ocrx_word' id='word_1_1' title='bbox 271 211 330 271; x_wconf 88' lang='lat' dir='ltr'>DE</span> <span class='ocrx_word' id='word_1_2' title='bbox 354 211 564 272; x_wconf 83' lang='lat' dir='ltr'>ClVlTATE</span> <span class='ocrx_word' id='word_1_3' title='bbox 585 213 661 272; x_wconf 84' lang='lat' dir='ltr'>DEl</span> <span class='ocrx_word' id='word_1_4' title='bbox 681 215 759 272; x_wconf 89' lang='lat' dir='ltr'>LlB.</span> <span class='ocrx_word' id='word_1_5' title='bbox 781 217 867 274; x_wconf 78' lang='lat' dir='ltr'>xvi.</span> <span class='ocrx_word' id='word_1_6' title='bbox 1032 223 1071 278; x_wconf 80' lang='grc'>89</span> 
     </span>
    </p>
   </div>
   <div class='ocr_carea' id='block_1_2' title="bbox 1 366 1082 3778">
    <p class='ocr_par' dir='ltr' id='par_1_2' title="bbox 39 366 1075 2104">
     <span class='ocr_line' id='line_1_2' title="bbox 42 366 1071 449; baseline 0.003 -25"><span class='ocrx_word' id='word_1_7' title='bbox 42 371 152 438; x_wconf 87' lang='lat' dir='ltr'>rilem,</span> <span class='ocrx_word' id='word_1_8' title='bbox 171 367 319 421; x_wconf 82' lang='lat' dir='ltr'>sinistram</span> <span class='ocrx_word' id='word_1_9' title='bbox 332 366 512 437; x_wconf 79' lang='lat' dir='ltr'>muliebrem,</span> <span class='ocrx_word' id='word_1_10' title='bbox 532 366 698 442; x_wconf 81' lang='lat' dir='ltr'>vicibusque</span> <span class='ocrx_word' id='word_1_11' title='bbox 712 369 829 424; x_wconf 87' lang='lat' dir='ltr'>alternis</span> <span class='ocrx_word' id='word_1_12' title='bbox 843 369 968 426; x_wconf 77' lang='lat' dir='ltr'>co&#39;euudo</span> <span class='ocrx_word' id='word_1_13' title='bbox 985 379 1015 427; x_wconf 86' lang='lat' dir='ltr'>et</span> <span class='ocrx_word' id='word_1_14' title='bbox 1026 373 1071 449; x_wconf 86' lang='lat' dir='ltr'>gi·</span> 
     </span>
     <span class='ocr_line' id='line_1_3' title="bbox 41 451 1069 532; baseline 0.005 -27"><span class='ocrx_word' id='word_1_15' title='bbox 41 467 143 532; x_wconf 84' lang='lat' dir='ltr'>gnere</span> <span class='ocrx_word' id='word_1_16' title='bbox 158 457 188 504; x_wconf 92' lang='lat' dir='ltr'>et</span> <span class='ocrx_word' id='word_1_17' title='bbox 201 465 316 522; x_wconf 86' lang='lat' dir='ltr'>parere:</span> <span class='ocrx_word' id='word_1_18' title='bbox 343 451 408 504; x_wconf 89' lang='lat' dir='ltr'>aliis</span> <span class='ocrx_word' id='word_1_19' title='bbox 421 467 472 504; x_wconf 81' lang='lat' dir='ltr'>ors</span> <span class='ocrx_word' id='word_1_20' title='bbox 484 467 542 505; x_wconf 89' lang='lat' dir='ltr'>nou</span> <span class='ocrx_word' id='word_1_21' title='bbox 557 467 620 505; x_wconf 86' lang='lat' dir='ltr'>esse</span> <span class='ocrx_word' id='word_1_22' title='bbox 629 486 645 521; x_wconf 87' lang='lat'>,·</span> <span class='ocrx_word' id='word_1_23' title='bbox 664 469 768 526; x_wconf 83' lang='lat' dir='ltr'>eosque</span> <span class='ocrx_word' id='word_1_24' title='bbox 780 469 833 526; x_wconf 88' lang='lat' dir='ltr'>per</span> <span class='ocrx_word' id='word_1_25' title='bbox 844 469 928 508; x_wconf 86' lang='lat' dir='ltr'>nares</span> <span class='ocrx_word' id='word_1_26' title='bbox 945 462 1069 510; x_wconf 87' lang='lat' dir='ltr'>tautum-</span> 
     </span>
     <span class='ocr_line' id='line_1_4' title="bbox 39 528 1070 607; baseline 0 -17"><span class='ocrx_word' id='word_1_27' title='bbox 39 532 136 590; x_wconf 84' lang='lat' dir='ltr'><strong>modo</strong></span> <span class='ocrx_word' id='word_1_28' title='bbox 152 529 302 607; x_wconf 89' lang='lat' dir='ltr'>[suscepto</span> <span class='ocrx_word' id='word_1_29' title='bbox 316 543 345 588; x_wconf 90' lang='lat' dir='ltr'>et</span> <span class='ocrx_word' id='word_1_30' title='bbox 358 528 475 606; x_wconf 86' lang='lat' dir='ltr'>erniso]</span> <span class='ocrx_word' id='word_1_31' title='bbox 481 529 570 588; x_wconf 89' lang='lat' dir='ltr'>halitu</span> <span class='ocrx_word' id='word_1_32' title='bbox 582 533 695 589; x_wconf 79' lang='lat' dir='ltr'>vivere:</span> <span class='ocrx_word' id='word_1_33' title='bbox 714 535 785 590; x_wconf 84' lang='lat' dir='ltr'>alios</span> <span class='ocrx_word' id='word_1_34' title='bbox 796 544 904 591; x_wconf 90' lang='lat' dir='ltr'>statura</span> <span class='ocrx_word' id='word_1_35' title='bbox 918 553 980 590; x_wconf 90' lang='lat' dir='ltr'>esse</span> <span class='ocrx_word' id='word_1_36' title='bbox 992 535 1070 592; x_wconf 87' lang='lat' dir='ltr'>cubi-</span> 
     </span>
     <span class='ocr_line' id='line_1_5' title="bbox 39 613 1070 693; baseline 0.001 -20"><span class='ocrx_word' id='word_1_37' title='bbox 39 618 137 686; x_wconf 81' lang='lat' dir='ltr'>tales,</span> <span class='ocrx_word' id='word_1_38' title='bbox 150 613 418 690; x_wconf 84' lang='lat' dir='ltr'>quosPygmaeosa</span> <span class='ocrx_word' id='word_1_39' title='bbox 434 614 530 671; x_wconf 91' lang='lat' dir='ltr'>cubito</span> <span class='ocrx_word' id='word_1_40' title='bbox 539 613 643 672; x_wconf 83' lang='lat' dir='ltr'>Graeci</span> <span class='ocrx_word' id='word_1_41' title='bbox 656 626 774 672; x_wconf 85' lang='lat' dir='ltr'>vocant:</span> <span class='ocrx_word' id='word_1_42' title='bbox 788 615 857 672; x_wconf 84' lang='lat' dir='ltr'>elibi</span> <span class='ocrx_word' id='word_1_43' title='bbox 871 619 1070 693; x_wconf 86' lang='lat' dir='ltr'>quinquennes</span> 
     </span>
     <span class='ocr_line' id='line_1_6' title="bbox 41 696 1072 774; baseline -0.001 -16"><span class='ocrx_word' id='word_1_44' title='bbox 41 700 208 774; x_wconf 74' lang='lat' dir='ltr'><strong>concipere</strong></span> <span class='ocrx_word' id='word_1_45' title='bbox 221 697 352 766; x_wconf 80' lang='lat' dir='ltr'>feminas,</span> <span class='ocrx_word' id='word_1_46' title='bbox 366 708 395 754; x_wconf 92' lang='lat' dir='ltr'>et</span> <span class='ocrx_word' id='word_1_47' title='bbox 407 706 539 754; x_wconf 81' lang='lat' dir='ltr'>octavum</span> <span class='ocrx_word' id='word_1_48' title='bbox 552 699 629 755; x_wconf 82' lang='lat' dir='ltr'>vitae</span> <span class='ocrx_word' id='word_1_49' title='bbox 642 717 749 756; x_wconf 87' lang='lat' dir='ltr'>anuum</span> <span class='ocrx_word' id='word_1_50' title='bbox 763 717 821 756; x_wconf 89' lang='lat' dir='ltr'>non</span> <span class='ocrx_word' id='word_1_51' title='bbox 835 699 982 756; x_wconf 74' lang='lat' dir='ltr'>excedere.</span> <span class='ocrx_word' id='word_1_52' title='bbox 1000 696 1072 757; x_wconf 86' lang='lat' dir='ltr'>ltem</span> 
     </span>
     <span class='ocr_line' id='line_1_7' title="bbox 42 780 1072 860; baseline 0 -20"><span class='ocrx_word' id='word_1_53' title='bbox 42 785 156 840; x_wconf 85' lang='lat' dir='ltr'>ferunt</span> <span class='ocrx_word' id='word_1_54' title='bbox 167 797 230 837; x_wconf 86' lang='lat' dir='ltr'>esse</span> <span class='ocrx_word' id='word_1_55' title='bbox 246 789 378 859; x_wconf 81' lang='lat' dir='ltr'>gentem,</span> <span class='ocrx_word' id='word_1_56' title='bbox 395 780 443 838; x_wconf 92' lang='lat' dir='ltr'>ubi</span> <span class='ocrx_word' id='word_1_57' title='bbox 457 782 573 860; x_wconf 86' lang='lat' dir='ltr'>singula</span> <span class='ocrx_word' id='word_1_58' title='bbox 587 799 671 838; x_wconf 82' lang='lat' dir='ltr'>crura</span> <span class='ocrx_word' id='word_1_59' title='bbox 685 783 716 838; x_wconf 93' lang='lat' dir='ltr'>in</span> <span class='ocrx_word' id='word_1_60' title='bbox 733 782 853 857; x_wconf 93' lang='lat' dir='ltr'>pedibus</span> <span class='ocrx_word' id='word_1_61' title='bbox 872 780 992 855; x_wconf 86' lang='lat' dir='ltr'>habent,</span> <span class='ocrx_word' id='word_1_62' title='bbox 1017 802 1072 840; x_wconf 90' lang='lat' dir='ltr'>uec</span> 
     </span>
     <span class='ocr_line' id='line_1_8' title="bbox 44 862 1072 943; baseline 0 -21"><span class='ocrx_word' id='word_1_63' title='bbox 44 865 195 943; x_wconf 84' lang='lat' dir='ltr'>poplitem</span> <span class='ocrx_word' id='word_1_64' title='bbox 206 862 339 936; x_wconf 75' lang='lat' dir='ltr'>flectunt,</span> <span class='ocrx_word' id='word_1_65' title='bbox 355 873 384 919; x_wconf 90' lang='lat' dir='ltr'>et</span> <span class='ocrx_word' id='word_1_66' title='bbox 397 875 465 920; x_wconf 90' lang='lat' dir='ltr'>sunt</span> <span class='ocrx_word' id='word_1_67' title='bbox 476 863 617 921; x_wconf 87' lang='lat' dir='ltr'>mirabilis</span> <span class='ocrx_word' id='word_1_68' title='bbox 631 866 801 938; x_wconf 84' lang='lat' dir='ltr'>celeritatis3</span> <span class='ocrx_word' id='word_1_69' title='bbox 827 884 900 942; x_wconf 83' lang='lat' dir='ltr'>quos</span> <span class='ocrx_word' id='word_1_70' title='bbox 914 865 1072 940; x_wconf 86' lang='lat' dir='ltr'>Sciopodss</span> 
     </span>
     <span class='ocr_line' id='line_1_9' title="bbox 44 946 1071 1024; baseline -0.003 -17"><span class='ocrx_word' id='word_1_71' title='bbox 44 957 176 1019; x_wconf 86' lang='lat' dir='ltr'>vocant,</span> <span class='ocrx_word' id='word_1_72' title='bbox 202 946 276 1022; x_wconf 88' lang='lat' dir='ltr'>quod</span> <span class='ocrx_word' id='word_1_73' title='bbox 293 964 345 1022; x_wconf 90' lang='lat' dir='ltr'>per</span> <span class='ocrx_word' id='word_1_74' title='bbox 367 957 477 1004; x_wconf 83' lang='lat' dir='ltr'>aestum</span> <span class='ocrx_word' id='word_1_75' title='bbox 494 949 526 1004; x_wconf 89' lang='lat' dir='ltr'>in</span> <span class='ocrx_word' id='word_1_76' title='bbox 542 957 618 1004; x_wconf 89' lang='lat' dir='ltr'>terra</span> <span class='ocrx_word' id='word_1_77' title='bbox 634 949 766 1006; x_wconf 85' lang='lat' dir='ltr'>iacentes</span> <span class='ocrx_word' id='word_1_78' title='bbox 777 951 903 1024; x_wconf 88' lang='lat' dir='ltr'>resupini</span> <span class='ocrx_word' id='word_1_79' title='bbox 921 950 1022 1006; x_wconf 86' lang='lat' dir='ltr'>umbra</span> <span class='ocrx_word' id='word_1_80' title='bbox 1040 967 1071 1005; x_wconf 89' lang='lat' dir='ltr'>sa</span> 
     </span>
     <span class='ocr_line' id='line_1_10' title="bbox 42 1029 1071 1108; baseline -0.001 -19"><span class='ocrx_word' id='word_1_81' title='bbox 42 1032 156 1108; x_wconf 89' lang='lat' dir='ltr'>pedum</span> <span class='ocrx_word' id='word_1_82' title='bbox 169 1039 337 1108; x_wconf 82' lang='lat' dir='ltr'>protegant:</span> <span class='ocrx_word' id='word_1_83' title='bbox 360 1029 494 1106; x_wconf 82' lang='lat' dir='ltr'>quosdam</span> <span class='ocrx_word' id='word_1_84' title='bbox 507 1033 570 1088; x_wconf 89' lang='lat' dir='ltr'>sine</span> <span class='ocrx_word' id='word_1_85' title='bbox 584 1033 695 1088; x_wconf 79' lang='lat' dir='ltr'>cervice</span> <span class='ocrx_word' id='word_1_86' title='bbox 709 1034 809 1088; x_wconf 90' lang='lat' dir='ltr'>oculos</span> <span class='ocrx_word' id='word_1_87' title='bbox 822 1030 959 1089; x_wconf 87' lang='lat' dir='ltr'>habentes</span> <span class='ocrx_word' id='word_1_88' title='bbox 972 1034 1004 1089; x_wconf 87' lang='lat' dir='ltr'>in</span> <span class='ocrx_word' id='word_1_89' title='bbox 1017 1030 1071 1088; x_wconf 94' lang='lat' dir='ltr'>hu-</span> 
     </span>
     <span class='ocr_line' id='line_1_11' title="bbox 42 1110 1072 1193; baseline -0.003 -20"><span class='ocrx_word' id='word_1_90' title='bbox 42 1116 154 1173; x_wconf 84' lang='lat' dir='ltr'>meris:</span> <span class='ocrx_word' id='word_1_91' title='bbox 168 1123 199 1170; x_wconf 92' lang='lat' dir='ltr'>et</span> <span class='ocrx_word' id='word_1_92' title='bbox 211 1122 324 1171; x_wconf 85' lang='lat' dir='ltr'>caetera</span> <span class='ocrx_word' id='word_1_93' title='bbox 336 1110 494 1184; x_wconf 88' lang='lat' dir='ltr'>hominum,</span> <span class='ocrx_word' id='word_1_94' title='bbox 507 1116 554 1170; x_wconf 87' lang='lat' dir='ltr'>vel</span> <span class='ocrx_word' id='word_1_95' title='bbox 567 1117 648 1190; x_wconf 86' lang='lat' dir='ltr'>quasi</span> <span class='ocrx_word' id='word_1_96' title='bbox 661 1113 806 1171; x_wconf 87' lang='lat' dir='ltr'>hominurn</span> <span class='ocrx_word' id='word_1_97' title='bbox 819 1133 937 1193; x_wconf 79' lang='lat' dir='ltr'>genere,</span> <span class='ocrx_word' id='word_1_98' title='bbox 952 1134 1025 1191; x_wconf 90' lang='lat' dir='ltr'>quae</span> <span class='ocrx_word' id='word_1_99' title='bbox 1039 1117 1072 1170; x_wconf 88' lang='lat' dir='ltr'>in</span> 
     </span>
     <span class='ocr_line' id='line_1_12' title="bbox 44 1193 1072 1274; baseline -0.003 -18"><span class='ocrx_word' id='word_1_100' title='bbox 44 1199 198 1256; x_wconf 75' lang='lat' dir='ltr'>maritime</span> <span class='ocrx_word' id='word_1_101' title='bbox 209 1196 306 1271; x_wconf 88' lang='lat' dir='ltr'>platea</span> <span class='ocrx_word' id='word_1_102' title='bbox 319 1193 503 1274; x_wconf 71' lang='lat' dir='ltr'>Carthaginis</span> <span class='ocrx_word' id='word_1_103' title='bbox 518 1199 629 1254; x_wconf 78' lang='lat' dir='ltr'>mimive</span> <span class='ocrx_word' id='word_1_104' title='bbox 642 1194 721 1272; x_wconf 91' lang='lat' dir='ltr'>picta</span> <span class='ocrx_word' id='word_1_105' title='bbox 744 1207 827 1270; x_wconf 85' lang='lat' dir='ltr'>suut,</span> <span class='ocrx_word' id='word_1_106' title='bbox 853 1217 890 1254; x_wconf 85' lang='lat' dir='ltr'>ex</span> <span class='ocrx_word' id='word_1_107' title='bbox 914 1199 995 1254; x_wconf 91' lang='lat' dir='ltr'>libris</span> <span class='ocrx_word' id='word_1_108' title='bbox 1023 1197 1072 1253; x_wconf 91' lang='lat' dir='ltr'>de-</span> 
     </span>
     <span class='ocr_line' id='line_1_13' title="bbox 45 1277 1072 1360; baseline -0.004 -20"><span class='ocrx_word' id='word_1_109' title='bbox 45 1291 166 1360; x_wconf 86' lang='lat' dir='ltr'>promta</span> <span class='ocrx_word' id='word_1_110' title='bbox 177 1280 259 1336; x_wconf 82' lang='lat' dir='ltr'>velut</span> <span class='ocrx_word' id='word_1_111' title='bbox 271 1281 437 1336; x_wconf 76' lang='lat' dir='ltr'>curiosioris</span> <span class='ocrx_word' id='word_1_112' title='bbox 449 1277 597 1337; x_wconf 74' lang='lat' dir='ltr'>historiae.</span> <span class='ocrx_word' id='word_1_113' title='bbox 640 1279 715 1347; x_wconf 80' lang='lat' dir='ltr'>Quid</span> <span class='ocrx_word' id='word_1_114' title='bbox 728 1279 818 1337; x_wconf 86' lang='lat' dir='ltr'>dicam</span> <span class='ocrx_word' id='word_1_115' title='bbox 838 1281 873 1338; x_wconf 90' lang='lat' dir='ltr'>de</span> <span class='ocrx_word' id='word_1_116' title='bbox 887 1280 1072 1358; x_wconf 75' lang='lat' dir='ltr'>Cynocepha-</span> 
     </span>
     <span class='ocr_line' id='line_1_14' title="bbox 46 1363 1073 1442; baseline -0.004 -20"><span class='ocrx_word' id='word_1_117' title='bbox 46 1369 105 1436; x_wconf 88' lang='lat' dir='ltr'>iis,</span> <span class='ocrx_word' id='word_1_118' title='bbox 134 1380 257 1439; x_wconf 87' lang='lat' dir='ltr'>quorum</span> <span class='ocrx_word' id='word_1_119' title='bbox 270 1365 375 1419; x_wconf 85' lang='lat' dir='ltr'>canina</span> <span class='ocrx_word' id='word_1_120' title='bbox 389 1363 482 1437; x_wconf 80' lang='lat' dir='ltr'>capita</span> <span class='ocrx_word' id='word_1_121' title='bbox 508 1372 595 1438; x_wconf 85' lang='lat' dir='ltr'>atque</span> <span class='ocrx_word' id='word_1_122' title='bbox 621 1363 683 1437; x_wconf 92' lang='lat' dir='ltr'>ipse</span> <span class='ocrx_word' id='word_1_123' title='bbox 705 1363 827 1419; x_wconf 85' lang='lat' dir='ltr'>latratus</span> <span class='ocrx_word' id='word_1_124' title='bbox 848 1367 941 1442; x_wconf 81' lang='lat' dir='ltr'>magis</span> <span class='ocrx_word' id='word_1_125' title='bbox 966 1365 1073 1420; x_wconf 79' lang='lat' dir='ltr'>bestius</span> 
     </span>
     <span class='ocr_line' id='line_1_15' title="bbox 49 1441 1074 1525; baseline -0.003 -21"><span class='ocrx_word' id='word_1_126' title='bbox 49 1467 142 1525; x_wconf 88' lang='lat' dir='ltr'>quam</span> <span class='ocrx_word' id='word_1_127' title='bbox 156 1446 284 1504; x_wconf 90' lang='lat' dir='ltr'>homines</span> <span class='ocrx_word' id='word_1_128' title='bbox 297 1441 468 1503; x_wconf 83' lang='lat' dir='ltr'>confiteturl</span> <span class='ocrx_word' id='word_1_129' title='bbox 511 1443 568 1501; x_wconf 86' lang='lat' dir='ltr'>Sed</span> <span class='ocrx_word' id='word_1_130' title='bbox 586 1447 681 1502; x_wconf 85' lang='lat' dir='ltr'>omnia</span> <span class='ocrx_word' id='word_1_131' title='bbox 707 1464 816 1525; x_wconf 86' lang='lat' dir='ltr'>genera</span> <span class='ocrx_word' id='word_1_132' title='bbox 838 1444 989 1504; x_wconf 85' lang='lat' dir='ltr'>hominum</span> <span class='ocrx_word' id='word_1_133' title='bbox 1002 1464 1074 1522; x_wconf 83' lang='lat' dir='ltr'>quse</span> 
     </span>
     <span class='ocr_line' id='line_1_16' title="bbox 48 1527 1074 1606; baseline -0.005 -17"><span class='ocrx_word' id='word_1_134' title='bbox 48 1534 193 1589; x_wconf 89' lang='lat' dir='ltr'>dicuutur</span> <span class='ocrx_word' id='word_1_135' title='bbox 206 1547 279 1599; x_wconf 89' lang='lat' dir='ltr'>esse,</span> <span class='ocrx_word' id='word_1_136' title='bbox 294 1527 412 1585; x_wconf 91' lang='lat' dir='ltr'>credere</span> <span class='ocrx_word' id='word_1_137' title='bbox 424 1546 482 1584; x_wconf 90' lang='lat' dir='ltr'>non</span> <span class='ocrx_word' id='word_1_138' title='bbox 496 1537 671 1585; x_wconf 89' lang='lat' dir='ltr'>estnecesse.</span> <span class='ocrx_word' id='word_1_139' title='bbox 714 1527 820 1588; x_wconf 92' lang='lat' dir='ltr'>Verum</span> <span class='ocrx_word' id='word_1_140' title='bbox 827 1531 1074 1606; x_wconf 87' lang='lat' dir='ltr'>quisquisuspiam</span> 
     </span>
     <span class='ocr_line' id='line_1_17' title="bbox 48 1611 1074 1690; baseline -0.005 -17"><span class='ocrx_word' id='word_1_141' title='bbox 48 1616 185 1673; x_wconf 89' lang='lat' dir='ltr'>nascitur</span> <span class='ocrx_word' id='word_1_142' title='bbox 197 1611 297 1683; x_wconf 88' lang='lat' dir='ltr'>homo,</span> <span class='ocrx_word' id='word_1_143' title='bbox 315 1611 345 1667; x_wconf 93' lang='lat' dir='ltr'>id</span> <span class='ocrx_word' id='word_1_144' title='bbox 360 1622 403 1668; x_wconf 90' lang='lat' dir='ltr'>est</span> <span class='ocrx_word' id='word_1_145' title='bbox 417 1611 523 1668; x_wconf 87' lang='lat' dir='ltr'>animal</span> <span class='ocrx_word' id='word_1_146' title='bbox 534 1614 676 1670; x_wconf 88' lang='lat' dir='ltr'>rationale</span> <span class='ocrx_word' id='word_1_147' title='bbox 690 1614 825 1684; x_wconf 86' lang='lat' dir='ltr'>mortale,</span> <span class='ocrx_word' id='word_1_148' title='bbox 851 1613 1008 1690; x_wconf 80' lang='lat' dir='ltr'>quemlibet</span> <span class='ocrx_word' id='word_1_149' title='bbox 1020 1631 1074 1668; x_wconf 88' lang='lat' dir='ltr'>no-</span> 
     </span>
     <span class='ocr_line' id='line_1_18' title="bbox 48 1695 1074 1774; baseline -0.004 -20"><span class='ocrx_word' id='word_1_150' title='bbox 48 1699 123 1758; x_wconf 80' lang='lat' dir='ltr'>stris</span> <span class='ocrx_word' id='word_1_151' title='bbox 135 1698 306 1753; x_wconf 87' lang='lat' dir='ltr'>inusitatam</span> <span class='ocrx_word' id='word_1_152' title='bbox 320 1695 453 1751; x_wconf 86' lang='lat' dir='ltr'>sensibus</span> <span class='ocrx_word' id='word_1_153' title='bbox 466 1704 550 1773; x_wconf 91' lang='lat' dir='ltr'>gerat</span> <span class='ocrx_word' id='word_1_154' title='bbox 563 1697 694 1774; x_wconf 89' lang='lat' dir='ltr'>corporis</span> <span class='ocrx_word' id='word_1_155' title='bbox 706 1695 841 1771; x_wconf 80' lang='lat' dir='ltr'>sormam,</span> <span class='ocrx_word' id='word_1_156' title='bbox 868 1715 919 1752; x_wconf 88' lang='lat' dir='ltr'>seu</span> <span class='ocrx_word' id='word_1_157' title='bbox 939 1697 1074 1763; x_wconf 89' lang='lat' dir='ltr'>colorem,</span> 
     </span>
     <span class='ocr_line' id='line_1_19' title="bbox 48 1779 1075 1856; baseline -0.006 -16"><span class='ocrx_word' id='word_1_158' title='bbox 48 1787 116 1840; x_wconf 84' lang='lat' dir='ltr'>sire</span> <span class='ocrx_word' id='word_1_159' title='bbox 129 1789 251 1850; x_wconf 87' lang='lat' dir='ltr'>motum,</span> <span class='ocrx_word' id='word_1_160' title='bbox 265 1780 326 1836; x_wconf 85' lang='lat' dir='ltr'>sire</span> <span class='ocrx_word' id='word_1_161' title='bbox 339 1797 453 1850; x_wconf 86' lang='lat' dir='ltr'>sonum,</span> <span class='ocrx_word' id='word_1_162' title='bbox 468 1779 529 1834; x_wconf 83' lang='lat' dir='ltr'>sire</span> <span class='ocrx_word' id='word_1_163' title='bbox 542 1779 669 1854; x_wconf 86' lang='lat' dir='ltr'>qualibet</span> <span class='ocrx_word' id='word_1_164' title='bbox 680 1781 721 1854; x_wconf 86' lang='lat' dir='ltr'>ri,</span> <span class='ocrx_word' id='word_1_165' title='bbox 735 1780 861 1856; x_wconf 87' lang='lat' dir='ltr'>qualibet</span> <span class='ocrx_word' id='word_1_166' title='bbox 872 1789 968 1856; x_wconf 86' lang='lat' dir='ltr'>parte,</span> <span class='ocrx_word' id='word_1_167' title='bbox 983 1779 1075 1855; x_wconf 84' lang='lat' dir='ltr'>quali-</span> 
     </span>
     <span class='ocr_line' id='line_1_20' title="bbox 46 1863 1073 1942; baseline -0.007 -18"><span class='ocrx_word' id='word_1_168' title='bbox 46 1871 100 1924; x_wconf 86' lang='lat' dir='ltr'>bet</span> <span class='ocrx_word' id='word_1_169' title='bbox 114 1865 258 1940; x_wconf 86' lang='lat' dir='ltr'>qualitate</span> <span class='ocrx_word' id='word_1_170' title='bbox 271 1871 407 1931; x_wconf 81' lang='lat' dir='ltr'>ueturse,</span> <span class='ocrx_word' id='word_1_171' title='bbox 432 1881 468 1917; x_wconf 83' lang='lat' dir='ltr'>ex</span> <span class='ocrx_word' id='word_1_172' title='bbox 478 1863 527 1918; x_wconf 91' lang='lat' dir='ltr'>illo</span> <span class='ocrx_word' id='word_1_173' title='bbox 540 1865 716 1938; x_wconf 83' lang='lat' dir='ltr'>protoplasto</span> <span class='ocrx_word' id='word_1_174' title='bbox 729 1881 789 1922; x_wconf 88' lang='lat' dir='ltr'>uno</span> <span class='ocrx_word' id='word_1_175' title='bbox 803 1866 945 1942; x_wconf 87' lang='lat' dir='ltr'>originem</span> <span class='ocrx_word' id='word_1_176' title='bbox 960 1863 1073 1931; x_wconf 90' lang='lat' dir='ltr'>ducere,</span> 
     </span>
     <span class='ocr_line' id='line_1_21' title="bbox 45 1938 1074 2023; baseline -0.007 -15"><span class='ocrx_word' id='word_1_177' title='bbox 45 1951 152 2008; x_wconf 92' lang='lat' dir='ltr'>nullus</span> <span class='ocrx_word' id='word_1_178' title='bbox 166 1946 294 2003; x_wconf 84' lang='lat' dir='ltr'>fidelium</span> <span class='ocrx_word' id='word_1_179' title='bbox 307 1945 488 2002; x_wconf 88' lang='lat' dir='ltr'>dubitaverit.</span> <span class='ocrx_word' id='word_1_180' title='bbox 531 1938 660 2021; x_wconf 79' lang='lat' dir='ltr'>Apparet</span> <span class='ocrx_word' id='word_1_181' title='bbox 666 1955 762 2004; x_wconf 89' lang='lat' dir='ltr'>tamen</span> <span class='ocrx_word' id='word_1_182' title='bbox 768 1947 837 2023; x_wconf 86' lang='lat' dir='ltr'>quid</span> <span class='ocrx_word' id='word_1_183' title='bbox 850 1949 881 2004; x_wconf 89' lang='lat' dir='ltr'>iu</span> <span class='ocrx_word' id='word_1_184' title='bbox 887 1947 1016 2023; x_wconf 88' lang='lat' dir='ltr'>pluribus</span> <span class='ocrx_word' id='word_1_185' title='bbox 1022 1964 1074 2001; x_wconf 84' lang='lat' dir='ltr'>ua-</span> 
     </span>
     <span class='ocr_line' id='line_1_22' title="bbox 45 2028 838 2104; baseline -0.01 -12"><span class='ocrx_word' id='word_1_186' title='bbox 45 2045 118 2092; x_wconf 87' lang='lat' dir='ltr'>tura</span> <span class='ocrx_word' id='word_1_187' title='bbox 134 2030 302 2098; x_wconf 80' lang='lat' dir='ltr'>obtinuerit,</span> <span class='ocrx_word' id='word_1_188' title='bbox 318 2028 429 2104; x_wconf 86' lang='lat' dir='ltr'>etquid</span> <span class='ocrx_word' id='word_1_189' title='bbox 442 2031 480 2084; x_wconf 88' lang='lat' dir='ltr'>sit</span> <span class='ocrx_word' id='word_1_190' title='bbox 492 2029 553 2102; x_wconf 86' lang='lat' dir='ltr'>ipsa</span> <span class='ocrx_word' id='word_1_191' title='bbox 566 2031 686 2086; x_wconf 77' lang='lat' dir='ltr'>raritate</span> <span class='ocrx_word' id='word_1_192' title='bbox 698 2030 838 2086; x_wconf 75' lang='lat' dir='ltr'>mirabile.</span> 
     </span>
    </p>

    <p class='ocr_par' dir='ltr' id='par_1_3' title="bbox 1 2108 1082 3778">
     <span class='ocr_line' id='line_1_23' title="bbox 116 2108 1075 2187; baseline -0.006 -18"><span class='ocrx_word' id='word_1_193' title='bbox 116 2115 219 2182; x_wconf 78' lang='lat' dir='ltr'>Qualis</span> <span class='ocrx_word' id='word_1_194' title='bbox 232 2122 327 2168; x_wconf 84' lang='lat' dir='ltr'>eutem</span> <span class='ocrx_word' id='word_1_195' title='bbox 339 2115 415 2168; x_wconf 87' lang='lat' dir='ltr'>ratio</span> <span class='ocrx_word' id='word_1_196' title='bbox 429 2111 557 2166; x_wconf 86' lang='lat' dir='ltr'>redditur</span> <span class='ocrx_word' id='word_1_197' title='bbox 571 2110 605 2167; x_wconf 92' lang='lat' dir='ltr'>de</span> <span class='ocrx_word' id='word_1_198' title='bbox 618 2115 786 2168; x_wconf 89' lang='lat' dir='ltr'>monstrosis</span> <span class='ocrx_word' id='word_1_199' title='bbox 811 2112 884 2187; x_wconf 89' lang='lat' dir='ltr'>apud</span> <span class='ocrx_word' id='word_1_200' title='bbox 907 2129 959 2167; x_wconf 92' lang='lat' dir='ltr'>nos</span> <span class='ocrx_word' id='word_1_201' title='bbox 984 2108 1075 2166; x_wconf 90' lang='lat' dir='ltr'>homi·</span> 
     </span>
     <span class='ocr_line' id='line_1_24' title="bbox 47 2189 1075 2272; baseline -0.012 -14"><span class='ocrx_word' id='word_1_202' title='bbox 47 2219 126 2258; x_wconf 89' lang='lat' dir='ltr'>num</span> <span class='ocrx_word' id='word_1_203' title='bbox 140 2195 294 2271; x_wconf 87' lang='lat' dir='ltr'>partubus,</span> <span class='ocrx_word' id='word_1_204' title='bbox 320 2197 387 2252; x_wconf 87' lang='lat' dir='ltr'>telis</span> <span class='ocrx_word' id='word_1_205' title='bbox 402 2194 437 2250; x_wconf 93' lang='lat' dir='ltr'>de</span> <span class='ocrx_word' id='word_1_206' title='bbox 451 2197 622 2251; x_wconf 86' lang='lat' dir='ltr'>monstrosis</span> <span class='ocrx_word' id='word_1_207' title='bbox 649 2195 816 2270; x_wconf 87' lang='lat' dir='ltr'>quibusdam</span> <span class='ocrx_word' id='word_1_208' title='bbox 835 2193 970 2272; x_wconf 88' lang='lat' dir='ltr'>gentibus</span> <span class='ocrx_word' id='word_1_209' title='bbox 994 2189 1075 2248; x_wconf 91' lang='lat' dir='ltr'>reddi</span> 
     </span>
     <span class='ocr_line' id='line_1_25' title="bbox 47 2277 1075 2361; baseline -0.012 -21"><span class='ocrx_word' id='word_1_210' title='bbox 47 2291 162 2361; x_wconf 87' lang='lat' dir='ltr'>potest.</span> <span class='ocrx_word' id='word_1_211' title='bbox 174 2279 254 2336; x_wconf 89' lang='lat' dir='ltr'>Deus</span> <span class='ocrx_word' id='word_1_212' title='bbox 268 2281 345 2335; x_wconf 89' lang='lat' dir='ltr'>enim</span> <span class='ocrx_word' id='word_1_213' title='bbox 359 2288 472 2334; x_wconf 86' lang='lat' dir='ltr'>creator</span> <span class='ocrx_word' id='word_1_214' title='bbox 483 2289 527 2334; x_wconf 89' lang='lat' dir='ltr'>est</span> <span class='ocrx_word' id='word_1_215' title='bbox 539 2279 677 2349; x_wconf 87' lang='lat' dir='ltr'>omnium,</span> <span class='ocrx_word' id='word_1_216' title='bbox 691 2281 741 2354; x_wconf 87' lang='lat' dir='ltr'>qui</span> <span class='ocrx_word' id='word_1_217' title='bbox 754 2279 803 2336; x_wconf 92' lang='lat' dir='ltr'>ubi</span> <span class='ocrx_word' id='word_1_218' title='bbox 818 2287 847 2334; x_wconf 92' lang='lat' dir='ltr'>et</span> <span class='ocrx_word' id='word_1_219' title='bbox 860 2277 973 2353; x_wconf 87' lang='lat' dir='ltr'>quando</span> <span class='ocrx_word' id='word_1_220' title='bbox 984 2277 1075 2332; x_wconf 84' lang='lat' dir='ltr'>creari</span> 
     </span>
     <span class='ocr_line' id='line_1_26' title="bbox 48 2360 1076 2444; baseline -0.011 -20"><span class='ocrx_word' id='word_1_221' title='bbox 48 2365 126 2444; x_wconf 84' lang='lat' dir='ltr'>qrrid</span> <span class='ocrx_word' id='word_1_222' title='bbox 140 2364 333 2438; x_wconf 86' lang='lat' dir='ltr'>oporteatrel</span> <span class='ocrx_word' id='word_1_223' title='bbox 348 2363 524 2438; x_wconf 82' lang='lat' dir='ltr'>oportuerit,</span> <span class='ocrx_word' id='word_1_224' title='bbox 550 2364 612 2438; x_wconf 90' lang='lat' dir='ltr'>ipse</span> <span class='ocrx_word' id='word_1_225' title='bbox 636 2364 732 2432; x_wconf 86' lang='lat' dir='ltr'>novit,</span> <span class='ocrx_word' id='word_1_226' title='bbox 759 2364 853 2418; x_wconf 88' lang='lat' dir='ltr'>sscien</span> <span class='ocrx_word' id='word_1_227' title='bbox 879 2360 1076 2417; x_wconf 85' lang='lat' dir='ltr'>universitatis</span> 
     </span>
     <span class='ocr_line' id='line_1_27' title="bbox 47 2443 1077 2528; baseline -0.012 -21"><span class='ocrx_word' id='word_1_228' title='bbox 47 2445 301 2528; x_wconf 87' lang='lat' dir='ltr'>pulchritudinem</span> <span class='ocrx_word' id='word_1_229' title='bbox 312 2463 432 2522; x_wconf 82' lang='lat' dir='ltr'>quarum</span> <span class='ocrx_word' id='word_1_230' title='bbox 445 2447 567 2520; x_wconf 89' lang='lat' dir='ltr'>partium</span> <span class='ocrx_word' id='word_1_231' title='bbox 579 2446 627 2501; x_wconf 82' lang='lat' dir='ltr'>sel</span> <span class='ocrx_word' id='word_1_232' title='bbox 640 2445 828 2501; x_wconf 89' lang='lat' dir='ltr'>similitudine</span> <span class='ocrx_word' id='word_1_233' title='bbox 839 2445 884 2500; x_wconf 86' lang='lat' dir='ltr'>rel</span> <span class='ocrx_word' id='word_1_234' title='bbox 911 2443 1077 2499; x_wconf 83' lang='lat' dir='ltr'>diversitate</span> 
     </span>
     <span class='ocr_line' id='line_1_28' title="bbox 49 2523 1077 2604; baseline -0.014 -13"><span class='ocrx_word' id='word_1_235' title='bbox 49 2539 206 2591; x_wconf 82' lang='lat' dir='ltr'>contexat.</span> <span class='ocrx_word' id='word_1_236' title='bbox 252 2528 311 2586; x_wconf 81' lang='lat' dir='ltr'>Sed</span> <span class='ocrx_word' id='word_1_237' title='bbox 324 2531 374 2604; x_wconf 87' lang='lat' dir='ltr'>qui</span> <span class='ocrx_word' id='word_1_238' title='bbox 387 2538 480 2584; x_wconf 89' lang='lat' dir='ltr'>totum</span> <span class='ocrx_word' id='word_1_239' title='bbox 493 2530 635 2602; x_wconf 85' lang='lat' dir='ltr'>inspicere</span> <span class='ocrx_word' id='word_1_240' title='bbox 647 2545 705 2582; x_wconf 92' lang='lat' dir='ltr'>non</span> <span class='ocrx_word' id='word_1_241' title='bbox 719 2537 822 2600; x_wconf 89' lang='lat' dir='ltr'>potest,</span> <span class='ocrx_word' id='word_1_242' title='bbox 837 2536 972 2600; x_wconf 87' lang='lat' dir='ltr'>tanquam</span> <span class='ocrx_word' id='word_1_243' title='bbox 983 2523 1077 2578; x_wconf 81' lang='lat' dir='ltr'>defor-</span> 
     </span>
     <span class='ocr_line' id='line_1_29' title="bbox 52 2605 1078 2688; baseline -0.014 -15"><span class='ocrx_word' id='word_1_244' title='bbox 52 2620 159 2672; x_wconf 80' lang='lat' dir='ltr'>mitate</span> <span class='ocrx_word' id='word_1_245' title='bbox 171 2615 263 2688; x_wconf 85' lang='lat' dir='ltr'>pertis</span> <span class='ocrx_word' id='word_1_246' title='bbox 276 2609 447 2680; x_wconf 83' lang='lat' dir='ltr'>offenditur3</span> <span class='ocrx_word' id='word_1_247' title='bbox 474 2612 605 2686; x_wconf 86' lang='lat' dir='ltr'>quoniam</span> <span class='ocrx_word' id='word_1_248' title='bbox 620 2612 668 2665; x_wconf 89' lang='lat' dir='ltr'>cui</span> <span class='ocrx_word' id='word_1_249' title='bbox 681 2621 835 2685; x_wconf 84' lang='lat' dir='ltr'>congruat,</span> <span class='ocrx_word' id='word_1_250' title='bbox 861 2617 890 2662; x_wconf 91' lang='lat' dir='ltr'>et</span> <span class='ocrx_word' id='word_1_251' title='bbox 902 2624 957 2682; x_wconf 86' lang='lat' dir='ltr'>quo</span> <span class='ocrx_word' id='word_1_252' title='bbox 969 2605 1078 2662; x_wconf 81' lang='lat' dir='ltr'>refera-</span> 
     </span>
     <span class='ocr_line' id='line_1_30' title="bbox 52 2686 1077 2780; baseline -0.011 -27"><span class='ocrx_word' id='word_1_253' title='bbox 52 2713 117 2772; x_wconf 76' lang='lat' dir='ltr'>tur,</span> <span class='ocrx_word' id='word_1_254' title='bbox 129 2700 256 2780; x_wconf 82' lang='lat' dir='ltr'>ignorat.</span> <span class='ocrx_word' id='word_1_255' title='bbox 298 2694 431 2750; x_wconf 90' lang='lat' dir='ltr'>Pluribus</span> <span class='ocrx_word' id='word_1_256' title='bbox 445 2711 528 2768; x_wconf 88' lang='lat' dir='ltr'>quam</span> <span class='ocrx_word' id='word_1_257' title='bbox 541 2694 637 2768; x_wconf 89' lang='lat' dir='ltr'>quinis</span> <span class='ocrx_word' id='word_1_258' title='bbox 651 2693 752 2770; x_wconf 89' lang='lat' dir='ltr'>digitis</span> <span class='ocrx_word' id='word_1_259' title='bbox 765 2694 795 2747; x_wconf 88' lang='lat' dir='ltr'>in</span> <span class='ocrx_word' id='word_1_260' title='bbox 810 2688 941 2746; x_wconf 85' lang='lat' dir='ltr'>menibus</span> <span class='ocrx_word' id='word_1_261' title='bbox 956 2699 985 2744; x_wconf 93' lang='lat' dir='ltr'>et</span> <span class='ocrx_word' id='word_1_262' title='bbox 996 2686 1077 2762; x_wconf 90' lang='lat' dir='ltr'>pedi-</span> 
     </span>
     <span class='ocr_line' id='line_1_31' title="bbox 51 2771 1077 2850; baseline -0.007 -17"><span class='ocrx_word' id='word_1_263' title='bbox 51 2790 113 2844; x_wconf 73' lang='lat' dir='ltr'>hus</span> <span class='ocrx_word' id='word_1_264' title='bbox 126 2789 206 2842; x_wconf 70' lang='lat' dir='ltr'>nasci</span> <span class='ocrx_word' id='word_1_265' title='bbox 219 2781 361 2842; x_wconf 77' lang='lat' dir='ltr'>homines,</span> <span class='ocrx_word' id='word_1_266' title='bbox 369 2779 517 2848; x_wconf 84' lang='lat' dir='ltr'>norimus3</span> <span class='ocrx_word' id='word_1_267' title='bbox 531 2774 642 2832; x_wconf 86' lang='lat' dir='ltr'>ethaeo</span> <span class='ocrx_word' id='word_1_268' title='bbox 656 2776 748 2833; x_wconf 86' lang='lat' dir='ltr'>levior</span> <span class='ocrx_word' id='word_1_269' title='bbox 756 2784 800 2831; x_wconf 84' lang='lat' dir='ltr'>est</span> <span class='ocrx_word' id='word_1_270' title='bbox 812 2792 897 2850; x_wconf 86' lang='lat' dir='ltr'>quam</span> <span class='ocrx_word' id='word_1_271' title='bbox 910 2771 1077 2829; x_wconf 86' lang='lat' dir='ltr'>illedistsn-</span> 
     </span>
     <span class='ocr_line' id='line_1_32' title="bbox 53 2856 1078 2938; baseline -0.017 -11"><span class='ocrx_word' id='word_1_272' title='bbox 53 2873 116 2928; x_wconf 90' lang='lat' dir='ltr'>tia:</span> <span class='ocrx_word' id='word_1_273' title='bbox 143 2867 194 2924; x_wconf 89' lang='lat' dir='ltr'>sed</span> <span class='ocrx_word' id='word_1_274' title='bbox 204 2878 302 2925; x_wconf 86' lang='lat' dir='ltr'>tamen</span> <span class='ocrx_word' id='word_1_275' title='bbox 315 2863 403 2936; x_wconf 85' lang='lat' dir='ltr'>absit,</span> <span class='ocrx_word' id='word_1_276' title='bbox 430 2870 464 2920; x_wconf 93' lang='lat' dir='ltr'>ut</span> <span class='ocrx_word' id='word_1_277' title='bbox 477 2861 541 2938; x_wconf 87' lang='lat' dir='ltr'>quis</span> <span class='ocrx_word' id='word_1_278' title='bbox 554 2862 596 2916; x_wconf 87' lang='lat' dir='ltr'>ita</span> <span class='ocrx_word' id='word_1_279' title='bbox 607 2858 743 2936; x_wconf 82' lang='lat' dir='ltr'>desipiat,</span> <span class='ocrx_word' id='word_1_280' title='bbox 758 2869 791 2916; x_wconf 94' lang='lat' dir='ltr'>ut</span> <span class='ocrx_word' id='word_1_281' title='bbox 805 2859 966 2929; x_wconf 88' lang='lat' dir='ltr'>existimet,</span> <span class='ocrx_word' id='word_1_282' title='bbox 980 2856 1011 2911; x_wconf 92' lang='lat' dir='ltr'>in</span> <span class='ocrx_word' id='word_1_283' title='bbox 1024 2873 1078 2910; x_wconf 93' lang='lat' dir='ltr'>nu-</span> 
     </span>
     <span class='ocr_line' id='line_1_33' title="bbox 50 2940 1078 3026; baseline -0.018 -15"><span class='ocrx_word' id='word_1_284' title='bbox 50 2972 137 3012; x_wconf 91' lang='lat' dir='ltr'>mero</span> <span class='ocrx_word' id='word_1_285' title='bbox 144 2950 332 3008; x_wconf 78' lang='lat' dir='ltr'>humanorum</span> <span class='ocrx_word' id='word_1_286' title='bbox 339 2949 498 3026; x_wconf 88' lang='lat' dir='ltr'>digitorum</span> <span class='ocrx_word' id='word_1_287' title='bbox 512 2962 624 3002; x_wconf 80' lang='lat' dir='ltr'>errasse</span> <span class='ocrx_word' id='word_1_288' title='bbox 630 2943 805 3016; x_wconf 86' lang='lat' dir='ltr'>Creatorem,</span> <span class='ocrx_word' id='word_1_289' title='bbox 812 2943 940 3018; x_wconf 83' lang='lat' dir='ltr'>quamvis</span> <span class='ocrx_word' id='word_1_290' title='bbox 946 2940 1078 2996; x_wconf 90' lang='lat' dir='ltr'>nesciens</span> 
     </span>
     <span class='ocr_line' id='line_1_34' title="bbox 51 3019 1078 3098; baseline -0.019 -3"><span class='ocrx_word' id='word_1_291' title='bbox 51 3055 110 3095; x_wconf 91' lang='lat' dir='ltr'>cur</span> <span class='ocrx_word' id='word_1_292' title='bbox 123 3035 181 3092; x_wconf 89' lang='lat' dir='ltr'>hoc</span> <span class='ocrx_word' id='word_1_293' title='bbox 194 3035 303 3090; x_wconf 82' lang='lat' dir='ltr'>fecerit.</span> <span class='ocrx_word' id='word_1_294' title='bbox 346 3029 390 3088; x_wconf 82' lang='lat' dir='ltr'>lte</span> <span class='ocrx_word' id='word_1_295' title='bbox 403 3031 458 3086; x_wconf 89' lang='lat' dir='ltr'>etsi</span> <span class='ocrx_word' id='word_1_296' title='bbox 470 3031 562 3086; x_wconf 88' lang='lat' dir='ltr'>maior</span> <span class='ocrx_word' id='word_1_297' title='bbox 574 3027 726 3084; x_wconf 81' lang='lat' dir='ltr'>diversitas</span> <span class='ocrx_word' id='word_1_298' title='bbox 741 3029 865 3095; x_wconf 86' lang='lat' dir='ltr'>orietur,</span> <span class='ocrx_word' id='word_1_299' title='bbox 881 3027 936 3082; x_wconf 92' lang='lat' dir='ltr'>scit</span> <span class='ocrx_word' id='word_1_300' title='bbox 947 3025 997 3080; x_wconf 93' lang='lat' dir='ltr'>ille</span> <span class='ocrx_word' id='word_1_301' title='bbox 1010 3019 1078 3098; x_wconf 85' lang='lat' dir='ltr'>quid</span> 
     </span>
     <span class='ocr_line' id='line_1_35' title="bbox 52 3107 1079 3200; baseline -0.018 -22"><span class='ocrx_word' id='word_1_302' title='bbox 52 3122 162 3200; x_wconf 91' lang='lat' dir='ltr'>egerit,</span> <span class='ocrx_word' id='word_1_303' title='bbox 176 3120 259 3174; x_wconf 88' lang='lat' dir='ltr'>cuius</span> <span class='ocrx_word' id='word_1_304' title='bbox 273 3131 359 3191; x_wconf 80' lang='lat' dir='ltr'>opere</span> <span class='ocrx_word' id='word_1_305' title='bbox 373 3116 449 3170; x_wconf 87' lang='lat' dir='ltr'>iuste</span> <span class='ocrx_word' id='word_1_306' title='bbox 474 3131 559 3168; x_wconf 90' lang='lat' dir='ltr'>nemo</span> <span class='ocrx_word' id='word_1_307' title='bbox 585 3108 777 3186; x_wconf 88' lang='lat' dir='ltr'>reprehendit.</span> <span class='ocrx_word' id='word_1_308' title='bbox 820 3107 902 3184; x_wconf 82' lang='lat' dir='ltr'>Apud</span> <span class='ocrx_word' id='word_1_309' title='bbox 914 3107 1079 3182; x_wconf 88' lang='lat' dir='ltr'>Hipponem</span> 
     </span>
     <span class='ocr_line' id='line_1_36' title="bbox 1 3187 1079 3278; baseline -0.019 -16"><span class='ocrx_word' id='word_1_310' title='bbox 1 3217 9 3234; x_wconf 73' lang='lat'><em>⁶</em></span> <span class='ocrx_word' id='word_1_311' title='bbox 50 3201 251 3278; x_wconf 81' lang='lat' dir='ltr'>Diarrhytum</span> <span class='ocrx_word' id='word_1_312' title='bbox 263 3208 308 3266; x_wconf 82' lang='lat' dir='ltr'>est</span> <span class='ocrx_word' id='word_1_313' title='bbox 319 3197 403 3254; x_wconf 91' lang='lat' dir='ltr'>homo</span> <span class='ocrx_word' id='word_1_314' title='bbox 417 3197 499 3270; x_wconf 85' lang='lat' dir='ltr'>quasi</span> <span class='ocrx_word' id='word_1_315' title='bbox 512 3196 625 3250; x_wconf 88' lang='lat' dir='ltr'>lunatas</span> <span class='ocrx_word' id='word_1_316' title='bbox 637 3193 745 3250; x_wconf 88' lang='lat' dir='ltr'>habeus</span> <span class='ocrx_word' id='word_1_317' title='bbox 759 3194 883 3265; x_wconf 89' lang='lat' dir='ltr'>plantas,</span> <span class='ocrx_word' id='word_1_318' title='bbox 897 3201 926 3247; x_wconf 91' lang='lat' dir='ltr'>et</span> <span class='ocrx_word' id='word_1_319' title='bbox 937 3193 970 3247; x_wconf 89' lang='lat' dir='ltr'>in</span> <span class='ocrx_word' id='word_1_320' title='bbox 981 3191 1023 3246; x_wconf 92' lang='lat' dir='ltr'>eis</span> <span class='ocrx_word' id='word_1_321' title='bbox 1035 3187 1079 3242; x_wconf 93' lang='lat' dir='ltr'>bi·</span> 
     </span>
     <span class='ocr_line' id='line_1_37' title="bbox 54 3268 1079 3356; baseline -0.022 -12"><span class='ocrx_word' id='word_1_322' title='bbox 54 3307 111 3345; x_wconf 90' lang='lat' dir='ltr'>nos</span> <span class='ocrx_word' id='word_1_323' title='bbox 123 3281 324 3341; x_wconf 85' lang='lat' dir='ltr'>tantummodo</span> <span class='ocrx_word' id='word_1_324' title='bbox 339 3279 455 3356; x_wconf 86' lang='lat' dir='ltr'>digitos,</span> <span class='ocrx_word' id='word_1_325' title='bbox 470 3278 576 3332; x_wconf 88' lang='lat' dir='ltr'>similes</span> <span class='ocrx_word' id='word_1_326' title='bbox 591 3287 620 3332; x_wconf 93' lang='lat' dir='ltr'>et</span> <span class='ocrx_word' id='word_1_327' title='bbox 632 3293 742 3332; x_wconf 88' lang='lat' dir='ltr'>manus.</span> <span class='ocrx_word' id='word_1_328' title='bbox 785 3273 819 3330; x_wconf 86' lang='lat' dir='ltr'>Si</span> <span class='ocrx_word' id='word_1_329' title='bbox 825 3275 920 3348; x_wconf 82' lang='lat' dir='ltr'>eliqua</span> <span class='ocrx_word' id='word_1_330' title='bbox 929 3290 1001 3350; x_wconf 86' lang='lat' dir='ltr'>gens</span> <span class='ocrx_word' id='word_1_331' title='bbox 1013 3268 1079 3326; x_wconf 86' lang='lat' dir='ltr'>talis</span> 
     </span>
     <span class='ocr_line' id='line_1_38' title="bbox 55 3352 1080 3440; baseline -0.022 -14"><span class='ocrx_word' id='word_1_332' title='bbox 55 3379 146 3440; x_wconf 88' lang='lat' dir='ltr'>esset,</span> <span class='ocrx_word' id='word_1_333' title='bbox 162 3369 206 3424; x_wconf 92' lang='lat' dir='ltr'>illi</span> <span class='ocrx_word' id='word_1_334' title='bbox 220 3367 352 3424; x_wconf 82' lang='lat' dir='ltr'>curiosae</span> <span class='ocrx_word' id='word_1_335' title='bbox 367 3372 454 3436; x_wconf 89' lang='lat' dir='ltr'>atque</span> <span class='ocrx_word' id='word_1_336' title='bbox 465 3357 589 3416; x_wconf 90' lang='lat' dir='ltr'>mirabili</span> <span class='ocrx_word' id='word_1_337' title='bbox 603 3357 755 3414; x_wconf 78' lang='lat' dir='ltr'>adderetur</span> <span class='ocrx_word' id='word_1_338' title='bbox 766 3353 915 3412; x_wconf 82' lang='lat' dir='ltr'>historiae.</span> <span class='ocrx_word' id='word_1_339' title='bbox 935 3354 1011 3410; x_wconf 88' lang='lat' dir='ltr'>Num</span> <span class='ocrx_word' id='word_1_340' title='bbox 1023 3352 1080 3425; x_wconf 85' lang='lat' dir='ltr'>igi·</span> 
     </span>
     <span class='ocr_line' id='line_1_39' title="bbox 56 3439 1081 3525; baseline -0.027 -13"><span class='ocrx_word' id='word_1_341' title='bbox 56 3466 109 3512; x_wconf 90' lang='lat' dir='ltr'>tur</span> <span class='ocrx_word' id='word_1_342' title='bbox 116 3456 208 3510; x_wconf 87' lang='lat' dir='ltr'>istum</span> <span class='ocrx_word' id='word_1_343' title='bbox 221 3457 339 3525; x_wconf 88' lang='lat' dir='ltr'>propter</span> <span class='ocrx_word' id='word_1_344' title='bbox 352 3444 406 3500; x_wconf 90' lang='lat' dir='ltr'>hoc</span> <span class='ocrx_word' id='word_1_345' title='bbox 420 3442 587 3519; x_wconf 71' lang='lat' dir='ltr'>negabims</span> <span class='ocrx_word' id='word_1_346' title='bbox 601 3459 639 3496; x_wconf 85' lang='lat' dir='ltr'>ex</span> <span class='ocrx_word' id='word_1_347' title='bbox 650 3458 708 3496; x_wconf 92' lang='lat' dir='ltr'>uno</span> <span class='ocrx_word' id='word_1_348' title='bbox 721 3439 838 3512; x_wconf 92' lang='lat' dir='ltr'>illo,qui</span> <span class='ocrx_word' id='word_1_349' title='bbox 852 3439 959 3511; x_wconf 89' lang='lat' dir='ltr'>primus</span> <span class='ocrx_word' id='word_1_350' title='bbox 968 3442 1081 3489; x_wconf 85' lang='lat' dir='ltr'>creatus</span> 
     </span>
     <span class='ocr_line' id='line_1_40' title="bbox 57 3513 1080 3608; baseline -0.028 -13"><span class='ocrx_word' id='word_1_351' title='bbox 57 3548 115 3608; x_wconf 93' lang='lat' dir='ltr'>est,</span> <span class='ocrx_word' id='word_1_352' title='bbox 128 3553 193 3592; x_wconf 90' lang='lat' dir='ltr'>esse</span> <span class='ocrx_word' id='word_1_353' title='bbox 206 3524 411 3608; x_wconf 79' lang='lat' dir='ltr'>propagatuml</span> <span class='ocrx_word' id='word_1_354' title='bbox 449 3524 632 3602; x_wconf 81' lang='lat' dir='ltr'>Androgyni‚</span> <span class='ocrx_word' id='word_1_355' title='bbox 647 3540 718 3597; x_wconf 86' lang='lat' dir='ltr'>quos</span> <span class='ocrx_word' id='word_1_356' title='bbox 730 3522 815 3578; x_wconf 90' lang='lat' dir='ltr'>etiam</span> <span class='ocrx_word' id='word_1_357' title='bbox 829 3513 1080 3591; x_wconf 79' lang='lat' dir='ltr'>Hermaphrodites</span> 
     </span>
     <span class='ocr_line' id='line_1_41' title="bbox 54 3601 1081 3691; baseline -0.027 -12"><span class='ocrx_word' id='word_1_358' title='bbox 54 3626 249 3691; x_wconf 86' lang='lat' dir='ltr'>nuncupent,</span> <span class='ocrx_word' id='word_1_359' title='bbox 276 3613 406 3688; x_wconf 82' lang='lat' dir='ltr'>quamvis</span> <span class='ocrx_word' id='word_1_360' title='bbox 419 3605 569 3666; x_wconf 91' lang='lat' dir='ltr'>admodum</span> <span class='ocrx_word' id='word_1_361' title='bbox 582 3609 642 3664; x_wconf 83' lang='lat' dir='ltr'>reri</span> <span class='ocrx_word' id='word_1_362' title='bbox 656 3607 730 3676; x_wconf 87' lang='lat' dir='ltr'>sint,</span> <span class='ocrx_word' id='word_1_363' title='bbox 756 3601 870 3658; x_wconf 85' lang='lat' dir='ltr'>difficile</span> <span class='ocrx_word' id='word_1_364' title='bbox 881 3610 926 3656; x_wconf 92' lang='lat' dir='ltr'>est</span> <span class='ocrx_word' id='word_1_365' title='bbox 941 3610 1036 3654; x_wconf 80' lang='lat' dir='ltr'>tumen</span> <span class='ocrx_word' id='word_1_366' title='bbox 1050 3605 1081 3652; x_wconf 90' lang='lat' dir='ltr'>ut</span> 
     </span>
     <span class='ocr_line' id='line_1_42' title="bbox 55 3689 1082 3778; baseline -0.029 -15"><span class='ocrx_word' id='word_1_367' title='bbox 55 3701 240 3778; x_wconf 89' lang='lat' dir='ltr'>temporibus</span> <span class='ocrx_word' id='word_1_368' title='bbox 250 3697 362 3764; x_wconf 90' lang='lat' dir='ltr'>desint,</span> <span class='ocrx_word' id='word_1_369' title='bbox 388 3694 420 3748; x_wconf 92' lang='lat' dir='ltr'>in</span> <span class='ocrx_word' id='word_1_370' title='bbox 433 3691 538 3767; x_wconf 88' lang='lat' dir='ltr'>quibus</span> <span class='ocrx_word' id='word_1_371' title='bbox 554 3691 595 3745; x_wconf 91' lang='lat' dir='ltr'>sic</span> <span class='ocrx_word' id='word_1_372' title='bbox 608 3698 730 3760; x_wconf 86' lang='lat' dir='ltr'>uterque</span> <span class='ocrx_word' id='word_1_373' title='bbox 743 3702 829 3742; x_wconf 88' lang='lat' dir='ltr'>sexus</span> <span class='ocrx_word' id='word_1_374' title='bbox 842 3692 979 3758; x_wconf 86' lang='lat' dir='ltr'>apparet,</span> <span class='ocrx_word' id='word_1_375' title='bbox 998 3689 1031 3736; x_wconf 93' lang='lat' dir='ltr'>ut</span> <span class='ocrx_word' id='word_1_376' title='bbox 1042 3696 1082 3733; x_wconf 84' lang='lat' dir='ltr'>ex</span> 
     </span>
    </p>
   </div>
   <div class='ocr_carea' id='block_1_3' title="bbox 55 3767 1082 3938">
    <p class='ocr_par' dir='ltr' id='par_1_4' title="bbox 55 3767 1082 3938">
     <span class='ocr_line' id='line_1_43' title="bbox 55 3767 1081 3863; baseline -0.025 -20"><span class='ocrx_word' id='word_1_377' title='bbox 55 3807 117 3863; x_wconf 86' lang='lat' dir='ltr'>quo</span> <span class='ocrx_word' id='word_1_378' title='bbox 127 3787 223 3859; x_wconf 88' lang='lat' dir='ltr'>potius</span> <span class='ocrx_word' id='word_1_379' title='bbox 238 3779 359 3836; x_wconf 86' lang='lat' dir='ltr'>debeant</span> <span class='ocrx_word' id='word_1_380' title='bbox 372 3777 503 3848; x_wconf 81' lang='lat' dir='ltr'>accipere</span> <span class='ocrx_word' id='word_1_381' title='bbox 516 3790 630 3842; x_wconf 88' lang='lat' dir='ltr'>nomen,</span> <span class='ocrx_word' id='word_1_382' title='bbox 645 3774 786 3826; x_wconf 89' lang='lat' dir='ltr'>incertum</span> <span class='ocrx_word' id='word_1_383' title='bbox 800 3769 852 3838; x_wconf 72' lang='lat' dir='ltr'>sit,</span> <span class='ocrx_word' id='word_1_384' title='bbox 877 3785 894 3822; x_wconf 92' lang='lat' dir='ltr'>a</span> <span class='ocrx_word' id='word_1_385' title='bbox 906 3767 1022 3821; x_wconf 88' lang='lat' dir='ltr'>meliore</span> <span class='ocrx_word' id='word_1_386' title='bbox 1035 3773 1081 3819; x_wconf 89' lang='lat' dir='ltr'>ta-</span> 
     </span>
     <span class='ocr_line' id='line_1_44' title="bbox 58 3850 1082 3938; baseline -0.024 -11"><span class='ocrx_word' id='word_1_387' title='bbox 58 3889 142 3938; x_wconf 86' lang='lat' dir='ltr'>men,</span> <span class='ocrx_word' id='word_1_388' title='bbox 157 3866 212 3922; x_wconf 87' lang='lat' dir='ltr'>hoc</span> <span class='ocrx_word' id='word_1_389' title='bbox 226 3873 270 3920; x_wconf 92' lang='lat' dir='ltr'>est</span> <span class='ocrx_word' id='word_1_390' title='bbox 284 3882 300 3918; x_wconf 82' lang='lat' dir='ltr'>a</span> <span class='ocrx_word' id='word_1_391' title='bbox 314 3859 481 3926; x_wconf 89' lang='lat' dir='ltr'>masculino,</span> <span class='ocrx_word' id='word_1_392' title='bbox 496 3866 529 3914; x_wconf 91' lang='lat' dir='ltr'>ut</span> <span class='ocrx_word' id='word_1_393' title='bbox 542 3855 766 3930; x_wconf 85' lang='lat' dir='ltr'>appellarentur,</span> <span class='ocrx_word' id='word_1_394' title='bbox 779 3850 914 3926; x_wconf 90' lang='lat' dir='ltr'>loquendi</span> <span class='ocrx_word' id='word_1_395' title='bbox 929 3855 1082 3904; x_wconf 87' lang='lat' dir='ltr'>consuetu·</span> 
     </span>
    </p>
   </div>
   <div class='ocr_carea' id='block_1_4' title="bbox 0 0 1312 4396">
    <p class='ocr_par' dir='ltr' id='par_1_5' title="bbox 0 0 1312 4396">
     <span class='ocr_line' id='line_1_45' title="bbox 0 0 1312 4396; baseline 0 0"><span class='ocrx_word' id='word_1_396' title='bbox 0 0 1312 4396; x_wconf 95' lang='lat' dir='ltr'> </span> 
     </span>
    </p>
   </div>
  </div>
 </body>
</html>
