2510 4404
171 209 229 270 DE
253 213 469 272 clvlTATE
492 166 570 274 bul
598 214 679 278 LlB.
701 215 799 274 XXl.
938 223 998 278 347

362 365 466 424 csP.
508 365 614 424 XVl.

41 445 133 516 quibus
144 445 255 515 gratioe
269 447 371 516 legibue
385 464 472 500 omnes
487 455 708 517 regeneratorum
722 448 872 502 bobeoatur
886 461 997 504 actores.

42 534 145 592 Verum
164 546 247 592 tanta
269 546 313 592 est
335 535 393 592 Dei
416 537 615 594 misericordia
637 539 668 593 in
689 539 997 598 vasa-misericordiae

34 641 48 676 a
60 623 239 694 praeparavit
251 621 282 676 in
296 621 437 697 gloriam,
463 630 497 678 ut
510 622 598 676 etiam
610 623 703 694 prima
716 619 842 680 bominis
857 633 954 696 aetas,
968 627 997 680 id

61 704 182 760 infantia
196 723 268 780 quae
280 706 345 760 sine
366 707 424 762 ullo
450 706 551 762 renisu
564 705 693 760 subiacet
705 708 803 777 carni,
829 717 858 763 et
871 709 997 766 secunda

34 808 47 842 e
60 789 181 862 pucritia
200 797 399 860 nuncupatur,
424 788 474 844 ubi
486 787 616 846 nondum
627 790 703 844 ratio
717 792 845 865 suscepit
856 789 931 847 bano
943 811 997 866 pu-

34 892 80 941 m,
101 880 130 926 et
139 870 200 926 fere
213 872 266 927 sub
281 871 414 928 omnibus
426 873 540 929 vitiosis
555 871 795 928 delectationibus
808 875 900 945 iacet,
929 877 998 949 quia

34 965 43 1010 t
56 956 112 1010 iam
126 953 180 1010 sari
192 956 303 1024 valeat,
319 962 348 1009 et
359 955 425 1012 ideo
438 955 593 1012 infantiam
601 956 742 1010 transisse
754 956 903 1030 videatur,
922 977 996 1014 non-

34 1061 39 1092 ι
53 1039 86 1092 ia
98 1055 131 1093 ea
144 1045 187 1092 est
198 1038 344 1112 praecepti
357 1055 449 1114 capax
461 1037 616 1094 infirmitas
629 1041 751 1111 mentis3
777 1041 804 1094 si
817 1052 998 1098 sacramenta

34 1122 141 1177 lictoris
166 1123 327 1196 acceperit,
353 1123 469 1179 etiarnsi
486 1121 562 1178 bane
580 1123 612 1178 in
631 1123 673 1178 eis
693 1121 779 1179 a'nnis
797 1124 888 1180 vitam
902 1123 997 1196 finiat,

34 1207 114 1261 relata
136 1205 249 1261 scilicet
271 1223 288 1260 a
308 1213 454 1280 potestate
477 1205 665 1262 tenebrarum
687 1205 719 1261 in
736 1223 860 1283 regnum
877 1205 998 1279 Christi,

44 1290 136 1344 solum
147 1289 248 1364 poenis
261 1306 322 1344 non
334 1297 523 1364 praeparetur
536 1290 679 1361 aeternis,
700 1288 751 1344 sed
763 1307 801 1345 ne
813 1291 873 1346 ulla
884 1291 999 1366 quidem

45 1381 168 1428 mortem
179 1371 350 1450 purgatoria
367 1381 513 1429 tormenta
530 1373 667 1447 patiatur.
712 1371 827 1430 Sufficit
839 1375 919 1429 enim
936 1376 998 1430 sola

34 1458 109 1512 italis
121 1457 318 1534 regeneratio,
333 1473 370 1511 ne
383 1465 584 1531 postmortem
596 1456 672 1513 obsit
682 1455 758 1532 quod
770 1459 896 1512 carnalis
907 1477 998 1536 genc-

34 1561 43 1597 r
59 1559 123 1596 cnm
135 1549 229 1596 morte
243 1540 401 1595 contraxit:
442 1539 515 1597 Cum
528 1549 624 1596 autem
634 1549 753 1596 ventum
767 1539 857 1596 fuerit
871 1539 907 1596 ad
920 1550 998 1596 aeta-

34 1667 43 1696 ,
60 1641 133 1698 quae
145 1632 331 1699 praeceptam
344 1624 402 1678 iam
416 1625 508 1700 capit,
531 1632 562 1678 ct
574 1623 657 1682 subdi
669 1632 766 1699 potest
778 1625 853 1701 legis
867 1625 998 1700 imperia,

36 1707 184 1783 ipiendum
196 1715 241 1762 est
253 1707 361 1762 bellurn
375 1717 478 1764 contra
490 1708 580 1779 vitia,
603 1715 633 1762 et
644 1707 807 1786 gerendum
821 1709 943 1779 acriter,
962 1727 999 1764 ne

36 1791 194 1847 amnab'ilia
212 1799 331 1865 peecata
351 1791 499 1866 perducat.
542 1789 582 1846 Et
594 1792 621 1848 si
633 1791 749 1867 quidem
762 1791 890 1848 nondum
905 1793 998 1849 vieto·

34 1893 81 1931 nm
104 1875 312 1932 consuetudine
333 1875 469 1932 roborata
490 1883 576 1946 sunt,
602 1874 717 1931 facilius
730 1877 892 1932 vincuntur
905 1884 935 1931 et
950 1895 999 1932 ce-

34 1969 57 2016 t:
73 1959 98 2014 si
110 1967 206 2014 autam
219 1959 337 2014 vincere
350 1967 438 2032 atque
450 1960 593 2032 imperare
607 1966 839 2028 consueverunt,
853 1959 1000 2016 laboriosa

34 2043 138 2098 cultata
150 2049 335 2118 superantur.
366 2039 469 2115 Neque
482 2039 512 2094 id
525 2041 559 2096 lit
570 2041 716 2116 veraciter
728 2049 817 2113 atque
831 2041 999 2111 sinceriter,

40 2143 127 2182 verae
146 2125 340 2180 delectatione
360 2125 505 2180 iustitiae:
528 2121 600 2180 baec
618 2131 663 2178 est
682 2129 779 2177 autem
793 2123 825 2176 in
845 2121 902 2186 fide
916 2121 999 2179 Chri-

37 2209 113 2266 Nam
126 2211 215 2265 silex
228 2208 332 2264 iubeas
345 2206 435 2278 adsit,
451 2215 481 2262 et
495 2205 614 2280 spiritus
627 2206 732 2262 iuvans
747 2203 831 2276 desit,
844 2223 897 2279 per
909 2207 1001 2281 ipsam

34 2295 194 2350 abitionem
208 2291 352 2350 desiderio
366 2299 516 2346 crescente
529 2297 615 2365 atque
627 2289 766 2346 vincente
774 2290 898 2364 peccati,
913 2291 1001 2346 etiam

34 2397 67 2435 us
82 2377 344 2450 praevaricationis
358 2373 478 2431 aceedit.
501 2373 720 2448 Nonnunquam
733 2389 804 2429 sane
817 2375 1001 2448 apertissima

44 2465 112 2518 aliis
120 2465 202 2520 vitiis
209 2461 372 2518 vincuntur
380 2459 512 2529 occultis,
523 2475 597 2534 quae
603 2465 813 2532 putanttuesse
822 2459 958 2529 virtutes,
968 2463 1001 2512 ia

34 2564 69 2602 us
85 2554 192 2623 regnat
204 2543 339 2618 superbia
353 2551 382 2598 et
395 2541 533 2616 quaedam
547 2541 603 2596 sibi
615 2539 748 2614 placendi
762 2541 883 2597 altitudo
897 2543 1000 2596 ruino-

35 2628 128 2710 Jl'unc
141 2630 240 2703 itaque
253 2627 333 2683 victa
351 2625 423 2682 vitia
441 2623 604 2700 deputanda
624 2633 709 2694 sunt,
736 2643 801 2680 cum
824 2623 882 2678 Dei
903 2641 1001 2680 amore

34 2722 143 2783 untur,
170 2717 255 2786 qu'em
270 2711 329 2766 nisi
345 2708 425 2765 Deus
441 2709 502 2783 ipse
513 2725 574 2763 uon
589 2707 693 2778 donat,
709 2725 763 2762 nec
777 2708 864 2762 aliter
876 2709 935 2763 nisi
949 2725 1001 2782 per

34 2801 160 2853 latorem
174 2793 232 2850 Dei
245 2803 275 2850 et
286 2792 434 2849 bominum
447 2790 593 2848 bominem
607 2789 704 2848 lesum
716 2789 879 2861 Christum,
894 2793 943 2866 qui
956 2789 1000 2846 fa-

43 2888 91 2934 est
102 2879 250 2954 particeps
263 2877 448 2934 mortalitatis
462 2885 596 2946 nostrae,
611 2885 644 2931 nt
655 2893 708 2930 nos
721 2876 877 2950 participes
891 2875 1002 2931 faceret

34 2961 130 3021 sitatis
145 2981 224 3018 suae.
246 2961 419 3018 Paucissimi
432 2970 528 3017 autem
542 2969 611 3017 sunt
623 2968 722 3016 tantae
735 2958 901 3031 felicitatis,
919 2968 954 3014 ut
965 2957 1012 3016 ab,

39 3051 167 3104 ineunte
181 3047 378 3104 adolescentia
391 3046 472 3102 nulla
486 3043 660 3101 damnabilia
673 3053 794 3118 peccata
808 3044 1001 3114 committant,
1053 3101 1055 3106 ,

36 3151 56 3187 a
71 3131 211 3212 flagitiis,
236 3133 285 3187 vel
298 3133 330 3187 in
342 3129 539 3196 facinoribus,
564 3131 612 3184 vel
631 3130 662 3184 in
682 3128 812 3184 nefariae
833 3130 1002 3202 cuiusquam

37 3218 126 3272 etatis
141 3233 252 3284 errore,
267 3213 317 3269 sed
330 3229 437 3289 magna
449 3211 568 3284 spiritus
582 3212 717 3287 largitate
726 3212 903 3284 opprimant;
917 3210 1001 3284 quid-

47 3298 107 3376 [in]
125 3301 168 3354 eis
182 3305 281 3371 posset
294 3295 404 3350 carnali
420 3293 612 3348 delectatione
626 3293 777 3347 dominari.
798 3291 920 3346 Plurimi
932 3309 1002 3348 vero

36 3393 125 3455 cepto
140 3381 217 3457 legis
234 3387 368 3452 accepto,
385 3395 451 3432 cum
465 3378 547 3450 prins
562 3375 634 3431 victi
647 3373 757 3428 suerint
769 3374 1001 3448 praevalentibus

34 3484 45 3519 s
61 3474 91 3518 et
103 3463 354 3538 praevaricatores
367 3462 428 3516 cius
443 3457 548 3530 effecti,
563 3468 632 3514 aruc
647 3455 683 3512 ad
693 3458 818 3535 gratiam
830 3456 1004 3535 confugiunt

34 3556 175 3616 vantem,
203 3563 258 3619 qua
272 3544 344 3600 liant
357 3555 387 3599 et
400 3546 525 3600 aurarius
536 3540 729 3618 poenitendo,
760 3551 789 3595 et
802 3538 1002 3596 vehementius

34 3630 148 3702 lando,
163 3631 244 3704 prius
259 3627 323 3685 Deo
338 3627 462 3698 subdita,
478 3638 564 3702 atque
577 3627 620 3682 ita
633 3626 715 3681 carni
726 3625 891 3700 praeposita
904 3634 1003 3680 mente

34 3735 106 3774 arcs.
131 3714 271 3788 Quisquis
281 3713 372 3790 igitur
386 3713 465 3786 cupit
477 3729 585 3786 poenas
594 3708 717 3765 evadere
729 3708 929 3782 sempiternas,
943 3715 1004 3766 non

34 3823 62 3858 m
87 3799 273 3874 baptizetur,
299 3815 400 3852 versum
415 3796 502 3852 etiam
521 3792 696 3850 iustificetur
708 3795 740 3848 in
753 3790 885 3863 Christo,
911 3811 946 3850 ac
961 3795 1003 3850 sic

57 3892 195 3942 transeat
207 3900 224 3938 a
238 3881 352 3938 diabolo
371 3878 407 3936 ad
421 3877 575 3938 Chrismm.
618 3876 808 3955 Purgatorias
822 3887 919 3934 autem
931 3896 1003 3953 poe-
