2590 4396
218 202 274 256 122
442 189 542 248 DlVl
570 186 756 246 AVRELll
782 181 1039 242 AVGVSTINI

213 341 307 406 aliosi
334 343 373 402 Vt
386 341 457 419 quid
470 341 557 400 Titus
572 337 676 396 Tatius
689 335 800 394 addidit
814 333 992 406 Saturnum,
1012 333 1120 408 Opem,
1135 331 1248 403 Solem,

213 431 342 499 Lunam,
369 426 548 496 Vulcanum,
575 422 699 492 Lucem,
727 429 757 476 et
769 437 962 494 quoscunque
975 419 1049 473 alios
1063 415 1185 487 addidit,
1198 418 1248 471 in-

122 543 125 548 ·
214 523 261 570 ter
274 530 349 587 quos
364 511 452 567 etiam
466 509 548 564 dcam
561 505 746 575 Cloacinam,
775 503 930 559 Felicitate
944 494 1098 578 neglectal
1124 498 1163 555 Vt
1176 498 1251 572 quid

214 595 311 652 Numa
335 603 380 649 tot
406 591 492 660 deos,
520 597 549 644 et
561 595 606 643 tot
620 585 689 642 deas
704 589 768 643 sine
782 581 858 641 istaf
893 585 940 640 Αιι
954 602 1017 639 eam
1029 584 1106 639 forte
1120 583 1151 638 in
1162 590 1250 637 tanta

214 679 301 735 turba
324 675 425 733 videre
443 690 503 728 non
522 666 637 745 potuitl
664 667 811 726 Hostilius
826 677 907 724 certe
919 685 974 723 rex
988 666 1057 722 deos
1072 675 1102 722 ct
1116 667 1176 739 ipse
1190 683 1250 720 no-

213 780 267 819 vos
281 759 424 815 Pavorem
437 763 526 829 atque
536 753 682 808 Pallorem
695 751 896 828 propitiandos
910 769 971 806 non
984 747 1202 818 introduceret,
1223 748 1253 801 si

215 843 298 898 deam
324 842 410 894 istam
435 846 537 893 nosset
551 844 602 893 aut
617 837 736 891 coleret.
780 834 940 889 Praesente
963 834 1069 908 quippe
1083 831 1253 898 Felicitate,

216 925 310 979 omnis
324 938 416 996 pavor
429 929 459 975 et
470 922 581 994 pallor,
608 937 667 974 nou
680 918 857 993 propitiatus
871 915 1056 985 abscederet,
1083 912 1135 968 sed
1147 913 1255 988 pulsus

213 1005 379 1082 aufugeret.

278 1085 394 1144 Deinde
407 1084 478 1162 quid
492 1093 537 1141 est
549 1082 620 1156 boc,
648 1082 726 1159 quod
740 1084 797 1138 iarn
811 1080 976 1138 Romanurn
995 1080 1150 1152 imperium
1162 1079 1260 1156 longe

215 1175 333 1245 lateque
349 1170 509 1240 crescebat,
525 1176 554 1224 et
568 1164 663 1224 adhuc
677 1164 952 1222 nemoFelicitatem
966 1157 1099 1219 colebatf
1125 1161 1171 1217 An
1186 1161 1258 1217 idco
1282 1169 1283 1172 ’

216 1253 358 1332 grandius
385 1253 556 1327 imperium,
583 1267 670 1325 quam
696 1249 813 1306 felicius
840 1243 916 1304 fuitl
942 1245 1018 1302 Nam
1041 1244 1186 1318 quomodo
1213 1245 1260 1303 ibi

217 1345 378 1392 essctvera
392 1334 536 1404 felicitas,
561 1333 612 1390 ubi
636 1350 705 1388 vcra
732 1350 793 1388 non
821 1339 884 1388 erat
909 1323 1021 1402 pietasf
1047 1325 1145 1383 Pietas
1173 1329 1260 1388 enim

217 1427 262 1476 est
275 1435 367 1474 verax
381 1419 445 1474 veri
459 1416 515 1474 Dei
532 1417 644 1486 cultus,
675 1433 736 1472 non
763 1417 858 1472 cultus
887 1413 1030 1470 falsorum
1051 1419 1097 1468 tot
1118 1409 1259 1482 deorum,

216 1510 288 1575 quot
313 1501 543 1556 daemoniorum.
588 1496 698 1554 Sedet
719 1507 823 1570 postea
836 1498 894 1552 iam
916 1494 1082 1552 iudeorum
1096 1512 1260 1554 numerurn

214 1583 368 1640 Felicitate
383 1589 535 1653 suscepta,
554 1598 661 1656 magna
675 1580 817 1636 bellorum
831 1579 962 1634 civilium
974 1578 1133 1634 infelicitas
1148 1576 1259 1632 subse-

217 1674 286 1721 cuta
299 1673 353 1720 est.
396 1663 441 1720 An
465 1664 543 1720 forte
556 1663 634 1718 iuste
648 1670 694 1718 est
706 1660 861 1739 indignata
872 1660 1029 1733 Felicitas,
1058 1659 1136 1734 quod
1149 1668 1180 1714 et
1193 1668 1261 1718 tam

217 1765 300 1818 sero,
327 1755 357 1802 et
370 1764 430 1804 non
445 1746 482 1801 ad
495 1743 652 1816 honorcm,
680 1743 731 1800 sed
744 1744 781 1800 ad
794 1745 1003 1802 contumeliam
1014 1745 1112 1819 potius
1125 1743 1261 1798 invitata

143 1897 145 1901 ¹
217 1838 277 1900 est,
306 1837 339 1885 ut
352 1847 419 1886 curu
433 1847 467 1886 ea
483 1829 632 1884 coleretur
644 1827 786 1902 Priapus,
814 1826 1014 1898 etCloacina,
1041 1825 1196 1896 etPavor,
1227 1836 1262 1882 et

215 1911 330 1983 Pallor,
359 1921 388 1967 et
401 1911 520 1982 Febris,
547 1920 577 1966 et
590 1919 706 1968 caetera
733 1929 793 1968 non
820 1911 942 1968 numina
968 1909 1173 1979 colendorum,
1202 1908 1263 1965 sed

216 1996 340 2052 crimina
355 1990 534 2052 colentiumi

284 2077 328 2135 Ad
342 2087 522 2148 extremum,
547 2079 573 2134 ai
588 2097 655 2134 cum
667 2078 753 2134 turba
766 2075 973 2154 indignissima
987 2086 1069 2134 tanta
1083 2075 1137 2130 dea
1150 2077 1261 2132 colen·

216 2160 252 2218 da
265 2163 330 2217 visa
345 2169 406 2233 cst,
433 2179 485 2218 eur
498 2179 558 2218 non
583 2163 631 2217 rel
654 2161 797 2218 illustrius
823 2161 946 2216 caeteris
971 2155 1138 2216 colebaturl
1178 2159 1261 2225 Quis

217 2246 295 2300 enim
323 2243 414 2315 ferat,
443 2243 520 2318 quod
533 2261 629 2320 neque
643 2245 721 2300 inter
735 2242 805 2299 deos
820 2241 985 2300 Consentes
1010 2259 1084 2316 quos
1099 2240 1204 2298 dicunt
1225 2245 1262 2300 in

217 2327 372 2384 consilium
385 2325 464 2383 lovis
477 2325 623 2398 adhiberi,
649 2345 705 2382 nec
718 2329 797 2384 inter
811 2325 881 2382 deos
895 2343 969 2401 quos
983 2323 1116 2382 Selectos
1130 2336 1261 2399 vocant,

215 2409 353 2467 Felicitas
381 2410 543 2468 constituta
568 2406 633 2467 esti
659 2408 812 2484 Templum
825 2409 943 2484 aliquod
957 2409 985 2464 ei
1001 2409 1102 2480 fieret,
1129 2408 1209 2482 quod
1228 2422 1263 2467 et

215 2493 273 2549 loci
287 2492 464 2548 sublimitate
478 2500 509 2548 et
520 2495 617 2568 operis
631 2493 777 2571 dignitate
789 2495 1011 2568 praeemineret.
1026 2490 1086 2550 Cur
1097 2493 1177 2550 cuim
1191 2511 1262 2551 non

217 2573 326 2650 aliquid
339 2576 461 2645 melius,
488 2593 575 2650 quam
592 2577 650 2648 ipsi
663 2573 746 2630 lovii
773 2575 847 2630 Nam
861 2594 935 2650 quae
949 2577 1037 2631 etiam
1050 2574 1113 2631 lovi
1127 2593 1264 2652 regnum

216 2659 276 2715 nisi
287 2657 426 2714 Felicitas
441 2653 540 2712 dediti
567 2659 594 2712 si
619 2665 718 2714 tamen
745 2675 812 2713 curn
836 2667 992 2734 regnaret,
1018 2657 1091 2713 felix
1104 2656 1169 2713 fuit.
1215 2659 1264 2718 Et

215 2741 312 2816 potios·
326 2748 372 2796 est
384 2740 511 2796 felicitas
524 2756 628 2816 regno.
672 2739 765 2798 Nemo
780 2741 859 2798 enim
872 2739 1002 2812 dubitat,
1022 2740 1108 2797 facile
1122 2741 1264 2801 inveniri

214 2821 379 2892 hominem,
406 2822 458 2896 qui
469 2822 572 2878 timeat
585 2841 618 2878 se
630 2822 695 2880 fieri
709 2841 827 2901 regern:
852 2825 952 2879 nullus
975 2832 1073 2880 autern
1087 2825 1263 2900 invenitur,

217 2905 267 2980 qui
280 2921 312 2960 se
325 2904 403 2960 nolit
415 2921 480 2960 esse
493 2903 617 2964 felicem.
642 2905 702 2981 Ipsi
715 2925 786 2983 ergo
800 2905 858 2978 dii,
874 2908 900 2964 si
912 2925 965 2981 per
978 2908 1103 2985 auguria
1115 2907 1164 2962 vel
1178 2926 1262 2981 quo-

216 2987 288 3044 libet
299 2986 386 3044 modo
399 3005 450 3044 eos
463 3006 550 3064 possa
564 2990 679 3047 consuli
691 2998 813 3065 putant,
841 2989 877 3046 de
889 2989 943 3048 hac
956 3007 989 3046 re
1013 2990 1263 3064 consulerentur,

215 3077 316 3126 utrum
328 3071 440 3128 vellent
454 3071 591 3129 felicitati
603 3073 668 3130 loco
683 3071 801 3129 cedere:
828 3073 855 3130 si
878 3075 955 3131 forte
981 3075 1105 3130 aliorum
1131 3071 1263 3132 aedibus

215 3154 264 3210 vel
278 3154 419 3212 altaribus
433 3155 491 3212 iam
504 3155 611 3212 fuisset
628 3157 711 3214 loeus
738 3167 909 3230 occupatus,
936 3158 985 3214 ubi
998 3156 1084 3214 aedes
1097 3157 1192 3212 maior
1206 3168 1263 3214 at-

217 3253 273 3312 que
285 3237 437 3296 sublimior
449 3237 597 3294 Felicitati
611 3247 849 3310 construeretur,
864 3242 952 3296 etiarn
965 3242 1027 3314 ipse
1041 3237 1150 3314 iupiter
1163 3239 1263 3296 cede-

214 3328 279 3392 ret,
292 3329 326 3378 ut
338 3321 433 3396 ipsum
445 3322 587 3378 verticem
602 3323 684 3379 collis
699 3322 858 3395 Capitolini
871 3322 1009 3380 Felicitas
1022 3323 1119 3396 potius
1134 3322 1261 3378 obtine-

214 3411 269 3459 ret.
312 3402 380 3460 Non
395 3405 474 3460 enirn
487 3405 629 3480 quispiam
642 3406 797 3462 resisteret
809 3405 972 3476 Felicitati,
999 3407 1075 3476 nisi,
1094 3404 1170 3478 quod
1187 3405 1262 3464 fieri

214 3504 276 3544 non
288 3493 401 3562 potest,
415 3487 467 3561 qui
480 3503 546 3542 esse
558 3489 648 3544 vellet
659 3487 774 3544 infelix.
800 3488 889 3545 Nullo
902 3489 987 3546 modo
1003 3489 1122 3545 omnino
1136 3488 1160 3542 si
1178 3507 1261 3546 con-

215 3571 376 3640 suleretur,
404 3568 517 3626 faceret
537 3568 664 3644 Iupiter,
695 3571 773 3646 quod
799 3573 826 3626 ei
851 3571 987 3628 fecerunt
1000 3582 1061 3628 tres
1076 3570 1131 3642 dii,
1157 3569 1261 3645 Mars,

213 3649 390 3723 Terminus,
416 3660 447 3707 et
459 3649 615 3723 Iuventas,
630 3654 681 3727 qui
693 3655 799 3710 maiori
814 3665 844 3710 et
856 3655 922 3731 regi
936 3655 1085 3718 suonullo
1100 3652 1188 3710 modo
1203 3675 1261 3712 ce-

213 3732 284 3788 dere
296 3735 361 3790 loco
375 3735 543 3790 voluerunt.
568 3734 643 3792 Nam
654 3736 732 3792 sicut
745 3735 854 3792 habent
868 3754 970 3794 eorum
983 3740 1102 3807 literae,
1117 3754 1184 3792 cum
1198 3757 1262 3798 rex

213 3813 393 3892 Tarquinius
408 3814 583 3890 Capitolium
608 3817 752 3875 fabricare
777 3821 881 3891 vellet,
913 3839 1036 3896 cumque
1049 3821 1146 3876 locum
1158 3822 1212 3894 qni
1231 3828 1264 3881 ei
