2510 4404
196 231 256 286 368
423 221 526 280 DlVl
547 219 738 280 AVREbll
759 217 1014 277 AVGVSTlNl

196 383 294 455 itsque
308 375 426 453 quidam
438 375 517 432 vitae
530 371 649 445 modus,
673 391 728 428 nec
742 381 801 428 tam
813 373 921 443 malae,
944 380 978 428 ut
990 370 1038 429 bis
1053 376 1107 449 qui
1122 393 1185 430 cam
1200 379 1244 432 sic

194 471 285 533 vunt,
312 459 387 517 nihil
406 459 499 535 prosit
519 456 556 514 ad
574 455 783 531 capessendum
802 473 927 532 regnum
948 460 1101 513 coelorum
1121 456 1245 536 largitssl

195 549 469 620 eleemosynarum,
496 541 601 616 quibus
615 541 704 596 etiam
722 541 868 596 iustorum
881 548 1069 596 sustentatur
1081 542 1236 617 iuopis‚et

195 631 271 686 fiunt
283 629 370 685 eunici
384 627 480 702 quiin
493 625 683 681 tabernacula
696 631 816 679 aeterna
838 623 1016 698 suscipiant3
1044 643 1105 681 nec
1120 635 1181 681 tam
1195 627 1246 682 bo„

196 731 269 785 nae,
295 722 328 768 ut
340 710 377 767 ad
390 718 503 776 tantam
516 707 727 765 beatitudinem
740 705 957 780 adipiscendam
971 708 1014 763 eis
1028 709 1095 782 ipsa
1110 709 1235 776 sufficiat,

196 798 256 853 nisi
270 813 373 852 eorum
384 794 499 849 meritis
510 810 584 867 quos
599 793 709 848 amicos
722 789 863 862 iecerint,
890 791 1131 848 misericordiam
1145 812 1236 849 cousc-

196 889 334 956 quantur.
366 872 482 961 (Mirari
500 885 598 932 autem
617 876 697 931 solco
711 875 799 931 etiam
816 873 892 948 apud
904 871 1066 952 Virgilium
1080 876 1170 932 istam
1184 877 1235 933 Do·

195 965 269 1020 ricini
281 963 406 1036 reperiri
418 961 614 1029 sententiam,
627 958 678 1014 ubi
691 959 748 1014 ait:
761 954 867 1016 Facite
880 957 961 1014 cobis
974 959 1088 1015 amicos
1104 960 1142 1017 de
1156 979 1235 1016 ιιιιιιι-

129 1043 135 1054 ’
195 1065 281 1104 mono
299 1046 485 1122 iniquitatis,
512 1054 547 1100 ut
566 1052 596 1102 et
614 1042 677 1120 s'pts‘
696 1042 847 1119 recipiant
863 1058 913 1099 vos
931 1043 963 1098 s'rs
978 1041 1182 1100 tabernaculo
1194 1063 1235 1100 oe-

196 1141 293 1187 terno.
314 1127 404 1186 Cuius
419 1137 449 1183 ct
463 1129 514 1184 illa
527 1127 690 1184 simillima:
707 1123 768 1194 Qus·
778 1126 888 1202 recipit
894 1122 1121 1204 prophetantia
1132 1129 1235 1184 misr

190 1211 372 1294 prophetoe,
385 1211 547 1269 mercedem
553 1208 723 1288 prophetoe
735 1210 880 1286 accepiet‚·
896 1217 925 1265 et
938 1210 991 1284 qai
1003 1211 1122 1286 recepit
1136 1213 1234 1266 iuetsss

197 1299 227 1352 ιἰι
246 1298 361 1352 nomine
384 1296 472 1362 iusti,
498 1295 660 1350 mercedem
680 1293 757 1348 iusti
775 1293 913 1368 accepiet.
950 1289 1024 1347 Nam
1041 1309 1112 1348 cum
1125 1291 1233 1368 Elysios

196 1396 313 1452 campos
326 1383 413 1453 potita
425 1378 476 1434 illo
490 1375 684 1446 describeret,
710 1373 761 1431 ubi
773 1381 879 1448 putant
891 1371 1023 1430 habitare
1041 1377 1160 1432 animas
1175 1377 1233 1431 bes-

196 1473 308 1534 torum‚
334 1481 396 1518 non
417 1463 513 1517 solum
531 1460 572 1516 ibi
585 1460 684 1535 posuit
697 1477 765 1527 cos,
791 1458 842 1532 qui
854 1459 980 1532 propriis
994 1460 1113 1516 meritis
1128 1459 1165 1516 sd
1178 1462 1232 1516 illes

196 1546 280 1602 sedes
294 1546 451 1620 pervenire
464 1551 640 1619 potuerunt,
654 1541 705 1598 sed
717 1541 835 1612 adiecit,
849 1549 937 1615 atque
950 1542 1005 1599 ait:

281 1630 396 1703 Quique
409 1629 457 1684 sui
469 1645 614 1684 memores
633 1627 706 1683 alios
720 1624 818 1681 fecere
831 1623 985 1695 merendo,

195 1711 226 1766 id
239 1721 296 1781 est,
310 1713 362 1786 qui
373 1719 598 1786 promeruerunt
607 1711 692 1781 alios,
706 1727 816 1784 eosque
829 1710 875 1764 eui
887 1727 1029 1766 memores
1044 1710 1233 1784 promerendo

195 1794 340 1849 fecerunt.
387 1792 513 1849 Prorsus
527 1802 667 1869 tauquam
687 1793 730 1850 eis
753 1792 885 1848 dicerent
905 1787 1061 1867 [diceret],
1089 1793 1169 1868 quod
1181 1794 1233 1849 fre·

196 1885 355 1951 quentatur
369 1895 420 1932 ore
434 1875 619 1948 Christiano,
650 1895 718 1933 cum
740 1895 772 1932 se
797 1877 904 1951 cuique
926 1885 1100 1934 sanctorum
1122 1876 1233 1934 humilis

196 1961 320 2035 quisque
333 1959 531 2031 commendat,
546 1969 577 2016 et
590 1959 677 2032 dicit,
691 1959 804 2018 Memor
815 1961 873 2016 mei
886 1968 964 2017 esto:
977 1969 1067 2036 atque
1082 1971 1118 2017 ut
1131 1961 1162 2018 id
1176 1980 1232 2016 esse

194 2046 303 2118 possit,
316 2044 510 2120 promerendo
530 2042 639 2123 efficit.)
683 2042 742 2101 Sed
762 2045 829 2120 quis
848 2045 905 2100 iste
923 2045 963 2100 sit
974 2043 1095 2115 modus,
1125 2055 1157 2102 et
1168 2063 1232 2120 quse

196 2131 257 2184 sint
270 2129 335 2203 ipsa
347 2137 483 2204 peccata,
504 2146 578 2204 quae
591 2129 634 2184 ita
647 2127 810 2204 impediunt
821 2129 1043 2203 perventionem
1057 2128 1095 2185 ad
1115 2148 1231 2208 regnunt

195 2210 265 2281 Dei,
278 2221 311 2268 ut
321 2221 420 2268 tamen
432 2221 602 2270 sanctorum
611 2215 773 2269 amicorum
783 2212 897 2268 me'ritis
911 2213 1072 2286 impetrent
1085 2212 1233 2290 indulgeu-

194 2297 282 2367 tiam‚
296 2295 500 2352 difficillimum
514 2305 559 2351 est
572 2297 723 2367 invenire,
734 2296 1013 2369 periculosissimum
1027 2295 1164 2353 delinire
1176 2296 1234 2373 Ego

196 2387 276 2434 certe
289 2396 382 2454 usque
396 2379 433 2435 ad
444 2378 501 2436 boc
515 2388 627 2454 tempus
644 2399 709 2436 cum
733 2379 802 2435 indo
827 2387 991 2457 satagerem
1011 2378 1048 2436 ad
1070 2399 1175 2437 eorum
1190 2382 1231 2434 in·

195 2461 334 2539 dagincm
349 2465 507 2536 pervenire
520 2481 583 2518 non
596 2465 688 2536 potui.
710 2463 750 2519 Et
763 2463 897 2520 fortassis
910 2472 1067 2537 propterca
1079 2465 1188 2534 latent,
1201 2481 1232 2518 nc

195 2544 325 2602 studium
337 2545 510 2621 proficiendi
522 2545 559 2602 sd
571 2549 669 2603 omnia
681 2556 803 2621 peccata
816 2545 945 2603 cavenda
956 2547 1117 2624 pigrescat.
1159 2549 1232 2614 Quo·

194 2631 275 2686 niam
288 2631 315 2686 si
328 2631 476 2686 scirentur
490 2647 566 2706 quae
577 2632 625 2686 vel
638 2631 735 2705 qualia
748 2631 809 2686 sint
822 2629 942 2698 delicta3
965 2648 1018 2704 prc
1033 2631 1140 2705 quibus
1153 2633 1232 2686 etisn

194 2714 434 2788 permanentibus
454 2731 509 2770 nec
522 2711 655 2788 profectu
667 2715 747 2771 vitae
760 2714 892 2769 melioris
906 2713 1050 2770 absumtis
1065 2715 1232 2770 intercessio

194 2799 234 2852 sit
246 2797 423 2871 inquirenda
437 2807 467 2854 et
481 2795 627 2873 speranda
640 2799 803 2868 iustorum,
831 2798 873 2852 eis
895 2815 1000 2852 secura
1018 2815 1050 2852 se
1069 2799 1231 2854 obvolveret

194 2877 323 2936 bumana
342 2883 504 2959 segnities,
531 2899 587 2937 nec
605 2881 701 2938 evolvi
717 2880 822 2937 talibus
834 2881 1059 2955 implicamentis
1074 2883 1165 2938 ullius
1177 2883 1229 2937 rir-

193 2964 267 3018 tutis
291 2963 480 3036 expeditione
504 2974 638 3036 curaret,
666 2964 717 3021 scd
732 2963 931 3022 tantummodo
945 2974 1103 3039 quaereret
1115 2967 1229 3021 aliorum

193 3046 306 3100 meritis
320 3046 454 3115 liberari,
471 3065 543 3121 quos
557 3048 667 3104 amicos
682 3049 738 3106 sibi
751 3047 787 3104 de
800 3051 963 3104 mammona
976 3049 1147 3124 iniquitatis
1160 3051 1230 3104 elce-

194 3145 385 3203 mosynarum
397 3131 559 3208 largitione
572 3130 702 3189 fccisset.
725 3131 813 3191 Nunc
826 3132 978 3189 veredum
987 3135 1114 3189 venialis
1128 3133 1229 3207 iniqui·

194 3212 274 3284 tatis,
291 3214 380 3270 ctiam
394 3215 420 3269 si
432 3224 615 3289 perseveret,
630 3217 784 3295 ignoratur
797 3214 911 3288 modus,
926 3215 1057 3290 profecto
1069 3225 1101 3272 ct
1110 3217 1229 3272 studium

193 3298 225 3353 in
238 3298 359 3354 meliora
372 3297 545 3374 proficiendi
564 3301 692 3358 orationi
714 3299 850 3357 instando
873 3301 1048 3377 vigilantius
1073 3299 1229 3358 adhibetur.

193 3391 223 3437 et
235 3380 365 3439 faciendi
379 3382 415 3438 dc
428 3400 595 3441 mammona
619 3386 784 3460 iniquitatis
810 3393 927 3441 sanctos
950 3386 1059 3441 amicos
1083 3403 1156 3441 cura
1177 3401 1229 3439 non

193 3469 354 3541 spernitur.
415 3499 418 3507 ι

256 3549 367 3607 Verum
381 3552 439 3607 ista
452 3550 588 3608 liberatio
602 3551 736 3627 quaesit,
761 3555 824 3610 sive
838 3553 899 3608 suis
913 3551 1078 3628 quibusque
1092 3553 1227 3610 crationi·

193 3635 262 3704 bus‚
290 3637 352 3691 sive
365 3633 616 3692 intercedentibus
630 3637 762 3708 sanctis,
789 3637 819 3693 id
839 3638 902 3714 agit
923 3645 956 3692 ut
977 3637 1010 3693 in
1033 3637 1136 3714 ignem
1159 3637 1228 3712 quis·

193 3735 250 3790 quc
262 3735 320 3772 non
334 3719 469 3774 mittatur
491 3728 658 3778 aeternum:
684 3739 743 3778 uon
765 3731 799 3778 ut
822 3738 888 3776 cum
910 3718 1002 3776 fuerit
1023 3722 1150 3792 missus,
1175 3727 1230 3794 port

193 3809 457 3876 quantumcunque
480 3811 593 3878 tempus
614 3804 684 3860 inde
706 3814 835 3862 eruatur.
867 3803 943 3860 Nam
957 3813 988 3858 et
1000 3805 1044 3858 illi
1058 3807 1111 3878 qui
1123 3813 1231 3878 punct,

193 3882 236 3935 sic
258 3881 482 3959 intelligendum
502 3904 583 3960 essc,
612 3888 690 3964 quod
703 3889 918 3963 scriptumest,
945 3883 1052 3943 afferre
1065 3898 1174 3944 terram
1187 3887 1232 3942 bc·
