2586 4396
235 223 294 284 122
432 220 549 280 .DlVl
572 221 759 280 AVRELll
781 221 1038 280 AVGVSTlNl

232 392 270 434 aa
278 373 403 447 filiabua
420 372 679 432 chananaeorum:
703 391 828 452 turgent
834 375 915 451 fuge
929 377 959 431 in
972 374 1215 454 Metopotanuiam
1227 385 1254 440 in

231 458 343 516 domum
355 455 500 527 liuthari,
514 460 619 534 patrio
631 460 739 516 matria
752 469 833 528 tuae,
853 469 882 515 et
894 475 976 516 eume
987 459 1044 517 tibi
1056 461 1126 520 inde
1137 483 1254 524 narrem

230 541 266 599 de
271 539 397 612 filiubna
411 538 529 609 Ladan,
546 542 669 613 fratria
681 545 788 600 matria
800 553 879 599 tuae.
904 535 990 599 Deua
1004 553 1104 602 autern
1115 565 1190 605 meua
1203 551 1253 606 be-

231 625 350 682 nedicat
364 634 403 695 te,
417 634 447 682 et
458 635 570 700 augeat
582 634 621 694 te,
634 635 665 682 et
676 625 851 703 multiplicet
863 637 909 683 te:
934 638 963 684 et
976 630 1036 685 eric
1050 629 1080 685 in
1093 649 1254 710 congrega-

231 708 325 765 tioneo
337 711 485 785 gentium:
514 718 544 765 et
563 709 613 766 det
623 710 679 766 tibi
689 711 914 768 benedictionem
927 709 1065 770 Abrabae
1076 717 1177 784 patrie
1200 721 1253 785 tui,

229 805 259 853 et
271 795 375 852 camini
387 804 436 850 tuo
444 803 517 869 pout
530 803 574 862 te,
587 802 621 848 ut
632 790 738 848 baeree
744 788 809 861 fiae
824 799 925 846 terrae
939 787 1085 846 incolatui
1098 791 1155 858 tui,
1170 808 1251 866 quan

229 879 311 936 dedit
324 876 405 934 Deua
419 874 565 933 Abrabae.
608 874 665 931 llic
682 877 740 931 icon
752 873 942 950 intelligimus
956 883 1141 950 segregatum
1155 890 1249 930 nemen

229 959 312 1017 leeob
326 960 360 1015 ab
375 961 434 1016 clio
447 961 558 1016 semine
571 958 663 1030 lanae,
677 957 753 1034 quod
765 957 874 1012 factum
888 965 933 1012 cot
945 973 997 1030 per
1010 953 1098 1012 Esou.
1130 957 1251 1022 Qucum

230 1045 307 1100 euim
321 1044 428 1099 dictum
441 1053 495 1115 ent,
519 1040 554 1102 In
568 1041 658 1100 Ionae
669 1041 823 1100 vocabitur
835 1040 892 1097 tibi
903 1057 1008 1108 remen,
1031 1042 1176 1114 pertinens
1190 1043 1251 1097 uti-

229 1145 285 1203 quc
298 1145 396 1184 nemen
409 1127 446 1184 cd
459 1127 613 1185 Civitatem
625 1127 696 1197 Dci3
723 1133 886 1200 ocpcrotum
905 1132 950 1179 eat
970 1122 1039 1179 inde
1057 1123 1132 1180 aliud
1150 1142 1254 1182 temen

229 1209 371 1282 Abrahae,
396 1213 474 1286 quod
493 1221 556 1268 crct
573 1214 605 1268 in
623 1211 748 1268 ancillae
766 1209 843 1279 filio,
869 1217 899 1264 ct
916 1205 992 1282 quod
1005 1205 1132 1264 futurum
1145 1218 1211 1264 erut
1224 1210 1254 1266 in

228 1295 296 1351 liliis
312 1293 462 1352 cethurae.
498 1294 558 1352 Sed
574 1295 668 1354 adhuc
682 1303 745 1350 crat
761 1293 927 1370 ambiguum
945 1291 981 1348 dc
1002 1289 1115 1349 duobus
1128 1294 1254 1370 geminii

227 1378 296 1436 filiis
308 1379 401 1451 lactc,
420 1399 459 1437 cn
471 1379 508 1437 ad
521 1389 689 1455 utrumque,
709 1396 747 1434 eu
760 1377 796 1433 ed
809 1395 900 1432 unum
912 1393 1014 1432 eorum
1026 1375 1079 1432 ille
1091 1375 1255 1434 benedictio

227 1465 403 1538 pertinerem
429 1467 496 1520 etsi
508 1465 545 1520 ed
558 1482 660 1535 unum,
684 1464 817 1539 quianam
831 1469 907 1516 eooet
919 1461 1042 1516 illorum.
1078 1459 1164 1526 Quod
1178 1480 1255 1518 nune

226 1545 404 1603 declaratum
418 1558 473 1618 est,
487 1567 553 1603 cum
565 1547 733 1621 prophetiae
743 1564 760 1602 a
769 1555 852 1619 patre
862 1543 1043 1600 benedicitur
1056 1541 1154 1614 iacob,
1170 1555 1200 1602 et
1213 1545 1255 1600 di·

226 1631 301 1685 oitur
315 1631 357 1700 ei,
372 1629 414 1686 Et
427 1633 487 1688 erio
501 1633 531 1687 in
544 1632 790 1708 congregationeo
803 1629 946 1704 gentium,
968 1638 998 1684 et
1011 1627 1060 1684 det
1073 1628 1130 1684 tibi
1142 1628 1255 1687 benedi-

226 1715 350 1770 ctionem
362 1711 501 1782 Abrabae
508 1715 614 1790 patric
627 1717 681 1770 tui.

287 1795 417 1874 Pcrgcnc
435 1797 534 1872 itaque
552 1799 583 1852 in
596 1797 833 1871 Mesopotamiam
853 1795 954 1867 iacob,
979 1797 1011 1852 in
1023 1797 1133 1852 somnio
1149 1801 1256 1872 acecpit

221 1873 393 1951 'oraculum
419 1879 455 1936 de
470 1898 525 1956 quo
539 1881 582 1936 ric
599 1883 742 1955 acripturn
754 1871 811 1936 eit:
834 1879 878 1938 Er
888 1881 963 1937 eniit
975 1875 1062 1936 Iacob
1076 1899 1097 1936 a
1103 1891 1201 1957 puteo
1215 1883 1254 1938 in·

225 1964 365 2033 ratianie,
389 1974 419 2020 et
425 1965 587 2041 profectur
601 1975 648 2022 eat
658 1966 689 2021 in
706 1962 869 2034 charram,
895 1973 925 2021 et
937 1963 1054 2020 devenit
1065 1966 1096 2020 in
1111 1964 1218 2036 locum,
1231 1975 1257 2022 et

226 2048 365 2104 dormivit
377 2047 435 2105 ibi:
447 2049 600 2106 ocaiderat
612 2051 689 2107 euim
702 2049 762 2106 ool:
776 2060 806 2106 et
818 2049 925 2104 rumoit
936 2066 973 2105 ec
986 2046 1135 2124 lapidibus
1149 2049 1218 2118 loci,
1232 2059 1257 2104 et

223 2133 326 2209 potuit
336 2133 378 2190 ad
386 2142 477 2209 caput
489 2149 584 2204 ouum,
599 2143 629 2190 et
641 2134 779 2210 dormivit
792 2135 822 2189 in
836 2132 897 2190 laco
911 2130 971 2200 illo,
986 2140 1016 2187 et
1027 2133 1198 2190 oomniavit.
1219 2130 1256 2188 Et

226 2234 292 2272 ecoe
305 2215 389 2272 ocula
402 2216 540 2273 erabilita
551 2233 642 2295 cuper
654 2227 782 2287 terram,
809 2216 891 2274 cuiue
904 2224 995 2291 caput
1005 2215 1210 2292 pertingebat
1221 2215 1259 2273 ad

225 2298 352 2356 eoelum:
376 2307 407 2357 et
418 2297 529 2376 Angeli
546 2298 608 2357 Dei
627 2300 846 2358 adscendebant
864 2309 894 2356 et
913 2299 1128 2356 descendebant
1144 2318 1206 2376 per
1224 2299 1258 2356 il·

226 2382 302 2456 lum3
325 2393 356 2439 et
374 2382 518 2440 Dominae
537 2384 719 2441 incumbebat
735 2400 824 2461 cuper
838 2382 936 2457 illam‚·
958 2392 988 2440 et
999 2383 1087 2452 dicit,
1114 2381 1180 2460 Ego
1195 2400 1259 2440 run

228 2463 312 2523 Deua
324 2465 474 2524 Abrabam
481 2469 588 2545 patrio
602 2470 657 2538 tui,
673 2476 703 2525 et
716 2465 799 2525 Deua
812 2464 913 2537 Ionae,
926 2466 987 2524 nali
999 2467 1121 2525 tinere:
1147 2477 1258 2525 terren

226 2551 257 2607 in
271 2567 329 2627 qua
342 2562 375 2608 tu
389 2552 498 2609 dormie
512 2567 602 2628 anper
615 2571 689 2622 eam,
709 2552 765 2608 tibi
777 2551 850 2609 dabo
864 2551 955 2621 diam,
978 2560 1008 2608 et
1020 2552 1127 2608 remini
1139 2561 1205 2610 tao:
1231 2563 1261 2610 et

227 2637 287 2691 erit
298 2651 394 2692 nemen
408 2646 489 2692 tuum
502 2637 580 2692 amnt
593 2653 688 2693 arena
701 2644 818 2710 terrae;
832 2645 862 2692 et
874 2633 1051 2692 dilatabitur
1064 2651 1157 2713 cuper
1168 2655 1261 2704 aare,

226 2728 257 2776 et
270 2720 302 2775 in
314 2718 464 2790 Africum,
479 2729 508 2776 et
520 2720 551 2775 in
563 2717 744 2796 Aquilonem,
758 2729 788 2777 et
801 2719 842 2777 ad
856 2713 1023 2777 Orientem:
1046 2728 1075 2776 et
1088 2719 1261 2778 benedicen-

227 2813 278 2858 tur
291 2804 320 2857 in
335 2812 365 2858 te
378 2819 475 2858 umnec
488 2801 584 2858 tribuo
598 2812 716 2872 terrae,
744 2811 774 2860 et
797 2805 828 2860 in
849 2804 959 2861 certine
976 2811 1034 2859 tuo.
1065 2801 1108 2859 Et
1126 2821 1194 2860 ecce
1208 2823 1261 2880 ego

228 2901 292 2940 oum
305 2896 410 2954 tecum,
424 2885 593 2942 cuotodiene
607 2895 636 2940 te
649 2887 680 2941 in
695 2888 772 2942 omni
782 2889 833 2946 oia
845 2904 1016 2965 quacunque
1028 2885 1102 2960 ibiu,·
1128 2897 1161 2944 et
1171 2889 1263 2944 redu·

227 2985 291 3022 cam
305 2978 334 3023 te
346 2969 378 3024 iu
391 2977 505 3024 terram
518 2965 610 3024 bana:
624 2970 693 3044 quia
705 2988 763 3026 non
776 2981 806 3029 te
819 2969 1029 3048 derelinquam,
1042 2969 1263 3040 donecsaeiani

228 3052 339 3118 omnia,
362 3067 436 3126 quae
458 3060 552 3107 tecum
571 3050 684 3110 locutus
704 3069 774 3110 tum.
812 3053 854 3111 Et
866 3055 1001 3111 curreait
1012 3051 1101 3111 iacob
1114 3053 1148 3111 de
1159 3070 1263 3110 canno

227 3149 290 3202 auo,
302 3143 332 3190 et
345 3133 432 3203 dicit,
451 3132 530 3203 Quia
545 3133 689 3192 Dominae
703 3145 748 3194 eet
761 3141 792 3194 in
805 3137 865 3194 loco
878 3136 949 3210 boa,
968 3155 1021 3214 ego
1036 3147 1135 3195 autem
1148 3140 1263 3195 nume-

227 3216 300 3272 bum.
324 3215 366 3273 Et
378 3219 487 3288 timuit,
501 3229 531 3276 et
545 3219 632 3289 dicit,
649 3217 744 3289 Quam
756 3220 902 3278 terribilia
916 3218 1132 3278 auctomento!
1144 3239 1203 3278 non
1219 3231 1264 3278 eet

227 3299 280 3356 boc
294 3297 367 3376 [bie]
382 3303 443 3359 niei
454 3303 553 3359 domui
567 3301 643 3373 Dei,
657 3314 687 3360 et
699 3302 772 3361 baec
780 3316 874 3381 porta
888 3305 969 3361 coeli.
1003 3304 1044 3362 tn
1058 3307 1196 3362 eurreait
1210 3302 1264 3361 Ia·

227 3385 294 3454 cob,
312 3395 342 3442 et
354 3387 459 3442 tumuit
472 3386 598 3463 lapidem
611 3405 692 3464 quem
706 3389 862 3466 cuppoouit
875 3387 917 3444 ibi
928 3387 969 3444 ad
981 3395 1086 3464 caput,
1106 3398 1138 3445 et
1151 3391 1265 3446 statuit

227 3467 309 3526 illum
323 3469 354 3524 in
367 3469 495 3540 titulum,
510 3464 539 3526 et
552 3469 725 3546 auperfudit
738 3471 830 3527 oleum
843 3472 874 3526 in
887 3490 1023 3529 cacumen
1037 3472 1117 3528 eiua:
1132 3481 1166 3529 et
1176 3491 1265 3530 caca·

227 3553 273 3609 cit
284 3548 372 3608 Iacob
385 3570 486 3610 nomen
499 3553 558 3610 loci
571 3553 661 3622 illiue,
675 3551 787 3612 Domui
796 3553 864 3612 Dei.
878 3552 944 3611 Hoc
954 3555 991 3610 cd
1002 3551 1188 3628 prophetiam
1198 3575 1266 3630 per·

228 3636 320 3691 tinet:
346 3653 399 3690 uec
416 3653 497 3692 more
514 3636 696 3692 idololatriae
709 3638 831 3712 lapidem
844 3637 974 3713 perfudit
986 3640 1051 3694 olea
1063 3636 1170 3710 laeuo,
1185 3642 1267 3695 velut

232 3711 561 3788 iccicnoillumDeun13
587 3735 680 3793 neque
694 3717 917 3776 enim-odoravit
929 3737 993 3776 eum
1007 3715 1146 3793 lapidem,
1175 3720 1229 3776 rel
1242 3721 1267 3774 ci

232 3794 421 3854 moritiocvit:
434 3799 484 3856 ced
498 3803 633 3873 quoniam
646 3800 755 3860 Christi
769 3821 873 3862 nomen
887 3823 905 3860 a
919 3802 1071 3862 chrismate
1085 3809 1142 3872 eet,
1163 3801 1196 3858 id
1211 3813 1267 3861 eet.

233 3875 268 3934 ab
282 3880 436 3953 unction03
458 3883 588 3957 proiecto
599 3884 754 3964 figuratum
769 3898 812 3946 eat
825 3887 893 3948 hino
907 3886 1030 3965 aliqum,
1057 3884 1134 3960 quod
1148 3885 1189 3944 ad
1202 3903 1266 3944 m-
