2510 4404
183 218 244 277 DE
266 218 486 278 ClVlTA'l'E
511 218 589 278 DEI
617 219 697 278 le.
720 217 834 276 XXll.
965 226 1026 280 417

22 389 134 450 psoram
145 389 255 448 quoquc
270 370 432 443 bominum,
446 371 483 428 ad
496 369 527 426 id
539 389 640 426 rursus
654 369 788 443 redeant,
812 371 887 447 quod
900 373 1026 432 buerunt.

22 461 179 532 Quapropter
192 455 276 512 Plato
291 465 320 511 ιι
329 454 518 532 Porphyrius,
532 457 578 512 vel
590 455 688 529 potius
702 456 869 530 quicunque
881 457 946 510 illos
961 454 1026 512 dili-

22 549 81 612 :unt
94 548 121 595 ct
133 537 221 595 adbuc
234 540 355 610 vivunt,
378 541 404 594 si
422 539 506 595 nobis
528 539 719 594 consentiunt
733 539 821 594 etiam
834 548 951 594 sanctos
965 541 1029 594 ani-

22 642 69 680 ras
83 621 116 678 od
129 640 246 695 corpora
258 621 419 692 redituros,
444 623 521 678 sicut
533 623 575 678 ait
588 619 685 691 Pluto,
710 640 764 677 nec
782 631 881 678 tamen
900 621 936 677 ad
954 624 1030 678 mala

22 709 68 764 lla
80 706 232 776 redituras,
256 706 332 762 sicut
344 707 386 760 ait
398 703 593 781 Porphyrius;
620 713 653 760 ιιι
666 723 703 759 ex
716 703 761 760 his
778 703 829 761 fiat
847 723 1030 780 consequeus

24 789 84 846 uod
96 789 160 844 fides
172 788 322 863 praedicat
333 787 510 860 Christiana,
524 791 593 845 talia
607 805 730 860 corpora
743 799 907 863 recepturas
921 790 952 844 in
966 790 1030 863 qui-

23 892 60 929 us
74 874 200 928 sincello
215 874 289 928 nralo
304 874 334 928 in
348 882 498 928 aeternum
514 873 637 928 feliciter
650 873 765 944 vivant;
779 881 929 929 assumant
943 873 1030 928 etiam

24 976 62 1013 oc
75 956 108 1011 dc
120 953 262 1025 Varrone,
284 964 316 1012 ut
329 955 365 1011 ad
379 955 476 1011 eadem
491 974 613 1030 corpora
626 955 757 1026 redeant,
782 956 813 1010 in
827 956 930 1030 quibus
945 965 1031 1012 autea

22 1049 135 1112 rerunt3
149 1049 176 1095 ιι
189 1039 267 1113 apud
280 1057 330 1094 eos
343 1049 405 1095 tota
419 1041 549 1115 quaestio
564 1038 598 1094 de
611 1040 707 1094 carnis
721 1041 753 1095 in
767 1049 918 1096 aeternum
930 1057 1030 1096 resur-

22 1126 134 1182 ectione
147 1124 284 1180 solvetur.

358 1260 479 1318 CAP.
522 1258 680 1322 XXIX.

22 1360 66 1412 De
75 1349 204 1428 qualitate
213 1357 332 1420 cisionis,
353 1373 406 1425 qua
416 1357 552 1429 infatuare
563 1361 669 1410 saeculo
680 1358 769 1411 sancti
778 1355 867 1410 Deam
877 1357 1013 1411 sidebant.

63 1465 145 1522 Nune
158 1466 216 1521 iam
229 1464 298 1540 quid
310 1466 405 1520 acturi
419 1466 479 1520 sint
492 1465 525 1520 in
538 1465 706 1539 corporibus
720 1465 931 1522 immortalibus
945 1475 1032 1542 atque

22 1549 175 1608 siritalibus
189 1549 295 1619 sancti,
309 1565 369 1604 non
382 1546 476 1604 adhuc
490 1565 591 1604 eorum
604 1567 692 1604 carne
706 1551 880 1620 carnaliter,
906 1548 957 1604 sed
972 1552 1032 1623 spi-

23 1635 124 1692 taliter
138 1633 195 1687 iarn
206 1633 337 1702 vivente,
352 1640 492 1706 quantum
505 1629 649 1688 Dominus
669 1631 809 1710 dignatur
823 1633 972 1706 adiuvare,
986 1635 1033 1689 vi-

22 1734 126 1776 samus.
139 1713 178 1770 Et
189 1715 240 1771 illa
251 1714 366 1790 quidem
377 1716 465 1786 actio,
480 1717 528 1771 vel
541 1717 639 1788 potius
650 1717 731 1791 quior
745 1725 831 1792 atque
844 1717 934 1772 otium
948 1717 1034 1792 quale

22 1799 190 1868 emansit,
211 1800 239 1854 si
251 1817 351 1854 verum
364 1799 452 1855 velim
466 1798 574 1868 dicere,
589 1801 698 1855 nescio.
733 1798 801 1856 Non
817 1801 897 1856 enim
909 1798 964 1855 hoc
977 1818 1033 1856 un-

22 1904 87 1942 rom
99 1901 149 1957 por
163 1899 266 1938 ιιιιιιιι
281 1884 410 1964 corporis
421 1881 494 1938 vidi.
529 1881 563 1938 Si
576 1893 673 1938 autem
685 1893 801 1954 mente,
822 1883 851 1938 id
865 1891 910 1938 ιιι
922 1885 1031 1938 ιἰιιιΙΙίν

22 1968 103 2026 ιιιιίι
115 1965 222 2022 vidisse
235 1983 282 2020 me
296 1964 399 2035 dicam,
420 1974 563 2038 quantum
577 1975 637 2034 ιιι,
662 1974 714 2019 aut
726 1964 796 2038 quid
811 1974 856 2019 est
869 1975 971 2020 nostra
986 1967 1033 2020 in-

22 2051 165 2127 rlligentia
178 2047 215 2104 ad
228 2049 309 2104 illam
324 2043 545 2102 excellentiam?
580 2046 624 2102 lbi
638 2056 683 2102 est
696 2048 775 2102 enim
781 2065 850 2123 pax
863 2045 934 2115 Dei,
949 2066 1034 2122 quae,

23 2142 78 2191 cut
91 2133 131 2188 ait
141 2131 299 2207 Apostolus
313 2131 438 2208 saperet
458 2147 566 2186 omnem
587 2129 784 2186 intellectam:
809 2147 894 2204 quem
906 2130 964 2184 nisi
978 2147 1033 2184 no·

22 2236 102 2287 rum,
129 2225 179 2272 aut
203 2215 329 2270 fortasse
355 2214 443 2268 etiam
468 2207 621 2286 [omnium]
648 2221 815 2268 sanctorum
833 2209 1034 2289 Angelorum?

22 2322 57 2360 sn
74 2301 152 2355 enirn
166 2308 195 2354 ιι
207 2297 273 2356 Dei.
308 2295 342 2353 Si
355 2314 427 2374 ergo
441 2297 536 2351 sancti
549 2296 581 2350 in
594 2293 652 2350 Dei
665 2313 735 2370 pace
749 2296 858 2351 victuri
872 2305 952 2367 sunt,
965 2314 1033 2370 pro-

23 2396 74 2442 eto
88 2385 120 2438 in
134 2400 168 2438 ea
181 2401 252 2456 pace
263 2381 372 2438 victuri
385 2388 470 2448 sunt,
495 2397 568 2454 quae
581 2388 701 2452 superat
714 2397 828 2434 omnem
841 2380 1032 2436 intellectum.
1051 2410 1053 2414 ·

22 2469 145 2528 uoniam
163 2475 294 2521 nostrum
314 2462 428 2538 quidem
447 2470 579 2536 superat,
602 2479 662 2518 non
681 2471 725 2516 ιιι
738 2461 869 2518 dubium:
895 2465 921 2518 si
935 2473 1034 2519 autern

22 2559 117 2628 ,perat
131 2557 161 2604 ιι
172 2548 366 2624 Angelorum,
389 2554 422 2601 ut
433 2564 488 2601 nec
502 2545 579 2618 ipsos
594 2546 743 2618 excepisse
755 2544 905 2617 videatur,
930 2549 980 2621 qui
993 2547 1035 2602 ait

22 2653 105 2693 amem
120 2631 317 2702 intellectam
343 2628 502 2684 seeundum
519 2625 573 2682 hoc
592 2627 701 2684 dictum
715 2646 786 2702 essev
798 2629 934 2686 debemus
955 2631 1033 2686 acci-

24 2738 81 2786 re,
107 2715 179 2788 quia
191 2731 293 2785 pacem
305 2711 379 2784 Dei,
404 2730 460 2787 qua
478 2713 538 2786 ipse
551 2709 634 2768 Deus
653 2721 773 2786 pacatus
787 2723 842 2784 est,
861 2714 938 2769 sicut
950 2716 1035 2770 novit

22 2817 87 2867 eus,
102 2815 164 2853 non
179 2814 242 2851 cam
255 2813 308 2850 nos
323 2797 364 2850 sic
378 2813 533 2870 possumus
547 2813 645 2866 nosse,
660 2814 715 2852 nec
727 2797 780 2851 ulli
792 2797 909 2874 Angeli.
940 2794 1034 2874 Sape-

22 2893 42 2939 2t
58 2883 163 2954 itaque
177 2897 286 2936 omnem
300 2879 489 2951 intellectam,
512 2898 571 2936 non
586 2879 704 2936 dubium
718 2879 795 2956 quod
808 2889 925 2956 praeter
939 2899 1032 2937 suum.

22 2964 48 3019 :d
64 2964 137 3038 quia
151 2972 182 3019 ιι
194 2981 248 3019 nos
261 2981 314 3038 pro
327 2961 413 3018 modo
428 2973 530 3020 nostro
541 2965 621 3038 pacis
636 2965 696 3020 eius
705 2965 862 3040 participes
874 2965 944 3021 facti
953 2983 1031 3020 sum-

22 3069 64 3106 sm
79 3048 113 3102 in
128 3048 215 3104 nobis
229 3056 315 3122 atque
328 3049 408 3104 inter
422 3067 476 3104 nos
491 3057 520 3104 et
533 3067 599 3104 cum
612 3049 674 3123 ipso
687 3069 798 3124 pacem,
822 3059 962 3124 quantum
978 3068 1031 3106 no·

22 3149 82 3188 um
92 3149 240 3188 summum
251 3141 306 3201 est,
322 3131 529 3187 obtinebimus:
543 3131 599 3184 isto
609 3131 695 3187 modo
705 3153 758 3206 pro
772 3151 824 3188 suo
834 3133 918 3188 modo
934 3134 1032 3188 sciunt

22 3237 48 3272 m
63 3216 167 3270 sancti
179 3215 296 3291 Angeli,
309 3212 441 3269 homines
456 3221 552 3268 autem
563 3229 641 3268 nunc
654 3216 740 3290 longe
754 3214 841 3282 infra,
854 3215 1032 3287 quantumli-

22 3311 29 3356 ’;
43 3305 198 3372 provectu
213 3297 321 3352 mentis
336 3297 491 3350 excellant.
524 3292 774 3351 Considerandum
789 3305 833 3350 ιιι
846 3297 924 3350 enim
938 3313 1030 3370 quan-

22 3404 25 3435 ι
41 3382 93 3437 vir
108 3379 238 3448 dicebat,
252 3377 403 3457 Experto
417 3380 534 3448 scimus,
548 3388 578 3434 et
595 3397 631 3434 ea·
638 3389 732 3455 parte
739 3378 1030 3455 propbetamae,‘do·

22 3486 33 3519 ι
48 3465 163 3520 veniat
177 3460 433 3538 quodperfectam
447 3471 500 3518 eat.
535 3459 591 3534 Et,
616 3459 751 3518 Videmus
765 3481 841 3522 auae
855 3478 915 3538 per
929 3479 1030 3539 opaea-

22 3567 39 3601 a
57 3547 91 3599 ia
107 3547 293 3620 aenigmate,
308 3555 377 3600 tane
391 3555 489 3600 aetem
495 3544 586 3616 facie
599 3545 773 3616 adfaciem.
796 3543 846 3601 Sic
859 3545 916 3600 iam
929 3544 1031 3600 vident

22 3628 81 3685 rcti
95 3627 222 3704 Angeli,
236 3629 285 3703 qui
297 3629 385 3682 ctiam
398 3628 494 3684 nostri
506 3627 612 3705 Angeli
627 3629 698 3684 dicti
712 3637 797 3700 sunt,
822 3629 889 3703 quia
906 3627 1029 3684 crutide

22 3719 135 3767 :estate
150 3711 354 3780 tenebrarum,
381 3719 411 3766 ιι
429 3720 547 3785 accepto
563 3709 691 3785 Spiritus
709 3714 832 3790 pignore
846 3713 981 3767 translati
994 3709 1031 3766 ad
1070 3776 1071 3780 Ἰ

22 3814 116 3874 gnum
132 3793 265 3866 Christi,
288 3794 324 3850 ad
337 3813 387 3850 eos
401 3794 528 3872 Angelos
542 3796 601 3850 iam
615 3797 760 3870 coepimus
771 3797 936 3870 pertinere,
963 3813 1028 3850 cum

22 3882 90 3936 bus
108 3878 199 3936 uobis
216 3880 273 3934 erit
286 3889 387 3936 saneta
399 3887 485 3954 atque
498 3879 679 3952 dulcissima,
695 3878 730 3934 dc
745 3898 800 3956 qua
813 3881 871 3938 iam
884 3887 928 3936 tot
939 3877 1028 3936 libros

22 3960 61 4021 ΙΙ.
681 3962 737 4021 Dd
