2538 4392
211 205 270 263 l32
440 195 539 255 DlVl
566 191 753 252 nvannlt
773 189 1046 250 AVGVS'I'lNl·

212 355 322 424 Dosa,
348 361 379 411 et
402 343 662 430 permutasti
683 346 714 403 s'n
730 343 859 423 plebem:
883 341 1069 402 Hierusalem
1081 347 1148 405 sinc
1161 347 1243 406 duhic

210 455 338 515 superna
350 432 556 511 prophetatur,
584 432 668 487 cuius
682 429 762 486 Deus
779 430 842 504 ipse
859 428 1021 503 praemium
1034 438 1097 503 est,
1124 449 1244 508 eumque

209 521 315 581 hahere
334 528 422 596 atque
441 519 533 596 ipsius
554 533 617 571 csse
637 531 780 570 summum
794 511 839 568 illi
852 519 898 568 est
916 519 1003 586 atquc
1016 520 1113 570 totum
1124 513 1242 572 honum.

210 604 254 664 hd
266 613 419 678 utramque
432 619 503 658 varo
517 599 647 674 pertinet
658 595 715 653 hoc
726 597 835 671 iprum,
849 593 927 670 quod
939 593 1126 654 Hierusalem
1137 597 1244 654 dicitnr

211 688 270 746 Dei
282 685 410 756 Civitas,
425 685 499 741 etin
513 701 547 740 ea
560 679 749 757 prophetatur
761 679 860 736 future
874 676 974 734 domus
989 677 1058 750 Dei,
1072 699 1164 756 coque
1177 699 1242 754 pro-

211 770 309 848 phetia
321 768 440 828 ridetur
452 767 578 842 impleri,
591 781 659 820 oum
672 761 811 821 Salomon
825 778 879 816 rex
891 760 1025 820 aedificat
1038 763 1111 819 illud
1122 765 1242 822 nobilia-

212 857 317 912 simrmr
330 851 477 924 templum.
521 846 601 904 Haec
616 848 694 902 enim
714 854 744 902 et
761 847 792 902 in
806 853 925 902 terrena
937 843 1123 905 Hierusalem
1140 864 1240 903 secun·

212 937 281 996 dum
293 933 447 992 historiam
461 932 659 1008 contigerunt,
674 937 703 986 et
716 929 850 985 coelestis
860 926 1045 986 Hierusalem
1055 929 1166 1008 figurae
1178 931 1241 986 lue·

211 1028 289 1078 runt.
324 1015 408 1086 Quod
420 1033 514 1095 genus
528 1012 697 1090 prophetiae
711 1029 749 1068 ex
762 1020 888 1088 utroque
901 1012 993 1070 veluti
1006 1023 1182 1088 compactum
1195 1024 1242 1070 at-

213 1121 268 1182 quc
281 1101 470 1160 commixtum
483 1097 610 1158 inlibris
623 1096 771 1154 veteribus
786 1096 948 1166 canonicis,
962 1095 1068 1170 quibus
1081 1115 1175 1154 rerum
1187 1115 1242 1176 ge-

212 1195 324 1243 starum
342 1184 527 1242 narrationes
548 1182 754 1251 continentur,
775 1180 854 1236 valet
874 1179 1041 1253 plurimum,
1066 1182 1246 1256 multumque

212 1269 346 1326 exercuit
358 1277 388 1324 et
402 1275 523 1323 exercet
535 1265 658 1343 ingenia
671 1263 864 1320 scrutantium
876 1264 976 1319 literne
990 1282 1106 1336 sacras,
1123 1273 1158 1320 ut
1170 1265 1246 1340 quod

211 1352 352 1412 historice
369 1350 550 1427 praedictum
569 1349 799 1424 completumque
818 1346 927 1424 legitur
944 1346 976 1402 in
989 1347 1104 1402 semine
1115 1346 1246 1404 Abrahae

210 1434 372 1498 seeundum
391 1451 526 1504 carnem,
553 1433 641 1489 etiam
657 1432 690 1486 in
710 1430 823 1488 semine
836 1426 968 1486 Abrahae
985 1430 1146 1486 secundum
1162 1430 1246 1488 fidem

210 1521 283 1600 qnid
299 1517 477 1597 implendum
494 1516 652 1592 allegorice
670 1511 820 1590 significet
837 1513 1016 1588 inquiratur:
1042 1513 1074 1572 in
1088 1522 1204 1570 tantum
1217 1525 1246 1570 ut

211 1602 383 1681 quibusdam
396 1602 491 1658 visum
504 1600 555 1669 ait,
570 1595 644 1654 nihil
657 1614 722 1652 esse
735 1597 767 1652 in
781 1595 892 1654 eisdem
905 1595 986 1654 lihris
1000 1597 1046 1654 vel
1057 1600 1245 1671 praenuntia-

211 1697 273 1746 tum
296 1693 326 1742 ct
348 1680 494 1754 effectum,
516 1683 564 1737 rel
586 1677 730 1750 effectum,
756 1680 887 1755 quamvis
914 1696 974 1736 non
999 1682 1245 1755 praenuntiatum,

211 1769 291 1848 qnod
309 1785 371 1826 non
387 1766 519 1825 insinuet
538 1763 650 1839 aliquid
663 1761 699 1818 ad
718 1779 872 1836 supernam
886 1760 1042 1820 Civitatem
1055 1762 1115 1820 Dei
1128 1767 1245 1840 eiusque

211 1853 289 1910 filios
303 1853 335 1908 in
348 1850 403 1908 hac
416 1850 478 1907 rita
490 1849 666 1927 peregrinos.
679 1845 807 1924 figurata
820 1845 1038 1923 significatione
1051 1847 1244 1906 referendum.

211 1933 272 1994 Sed
285 1937 311 1994 ai
324 1934 379 1992 hoc
396 1935 439 1990 ita
453 1943 513 2005 est,
539 1933 598 1990 iam
615 1931 771 2005 bipertita,
798 1947 858 1986 non
873 1931 1019 2004 tripertita
1032 1940 1122 1988 erunt
1135 1933 1246 2007 eloquia

211 2017 440 2096 Prophetarum,
465 2017 513 2074 vel
526 2016 621 2090 potius
634 2015 753 2070 illarum
766 2009 985 2086 scripturarum
999 2015 1148 2087 omnium,
1175 2033 1245 2091 qnae

210 2104 320 2160 vetoris
341 2101 534 2160 instrumenti
553 2098 747 2174 appellatione
771 2105 940 2156 censentur.
984 2096 1064 2156 Nihil
1089 2101 1245 2156 enituerit

210 2187 289 2258 illic,
314 2185 394 2263 quod
406 2184 443 2242 ad
455 2182 642 2244 Hierusalem
656 2190 803 2240 terrenam
817 2189 931 2238 tantum
945 2183 1103 2256 pertineat,
1127 2185 1156 2238 si
1167 2183 1244 2258 quic·

209 2269 279 2345 quid
301 2271 342 2326 ihi
365 2267 401 2328 de
422 2269 484 2338 illa,
508 2268 557 2324 vel
578 2273 698 2340 propter
721 2266 817 2336 illam,
843 2265 951 2324 dicitur
969 2275 1056 2342 atque
1074 2268 1245 2341 completur,

210 2351 360 2431 significat
372 2349 498 2426 aliquid,
523 2348 600 2424 quod
614 2349 702 2404 etiam
715 2347 753 2404 cd
765 2345 952 2406 Hierusalem
965 2351 1125 2409 coelestem
1137 2351 1246 2427 allego·

209 2436 271 2492 rica
283 2433 533 2512 praefiguratione
543 2432 704 2490 reicratnr:
718 2431 770 2488 scd
779 2441 867 2488 crunt
879 2434 942 2490 sola
952 2432 1008 2490 duo
1020 2453 1146 2512 genera,
1159 2450 1248 2490 unum

209 2518 289 2596 qnod
301 2518 338 2576 ad
352 2517 540 2576 Hierusalem
551 2517 689 2586 liberam,
710 2516 837 2572 alterum
849 2515 928 2592 quod
940 2516 976 2574 ad
988 2525 1146 2594 unamque
1157 2517 1246 2591 perti-

209 2612 289 2660 nest.
320 2601 394 2665 Mihi
407 2610 505 2658 autem
518 2601 597 2658 sicut
609 2600 733 2656 multum
746 2598 884 2656 videntur
897 2617 1006 2672 errare,
1024 2603 1076 2676 qui
1090 2603 1187 2658 nullas
1201 2618 1248 2656 rer

208 2695 307 2764 gestas
321 2688 354 2744 in
367 2704 402 2744 eo
415 2683 526 2764 genere
538 2685 688 2740 literarum
707 2680 818 2758 aliquid
836 2683 916 2740 aliud
933 2693 1050 2758 praeter
1069 2685 1100 2740 id
1121 2683 1202 2761 qnod
1215 2703 1248 2740 ee

207 2768 293 2827 modo
311 2779 415 2848 gestae
432 2775 502 2824 sunt
522 2765 693 2844 significare
712 2766 909 2838 arbitrantur3
934 2768 976 2824 ita
990 2769 1114 2826 multum
1127 2767 1249 2838 audere,

208 2852 260 2925 qui
274 2869 393 2926 prorsus
406 2849 448 2906 ihi
461 2850 560 2908 omnia
573 2848 840 2926 significationibus
853 2851 1020 2928 allegoricis
1034 2852 1170 2910 involuta
1183 2870 1250 2908 care

208 2933 401 2990 contendunt.
422 2929 490 2988 ldec
503 2932 663 3006 tripertita,
676 2949 738 2990 non
751 2933 888 3007 bipertita
901 2952 965 2990 esee
980 2934 1053 2992 dixi.
1089 2934 1155 2992 Hoc
1166 2936 1251 2992 enim

208 3015 357 3087 existimo,
371 3032 434 3072 non
446 3022 545 3072 tamen
557 3015 679 3088 culpans
690 3033 752 3088 eos,
766 3017 816 3093 qui
829 3019 980 3091 potuerint
991 3019 1053 3076 illic
1067 3019 1103 3076 de
1114 3035 1251 3095 quaeun-

207 3114 265 3174 que
276 3115 310 3156 re
323 3106 407 3178 gesta
419 3113 538 3156 sensum
550 3099 765 3176 intelligentiae
779 3101 920 3175 spiritalis
935 3103 1115 3176 exsculpere,
1131 3111 1250 3162 ramata

205 3181 342 3257 primitus
356 3182 500 3240 duntaxat
512 3180 652 3240 historiae
663 3184 800 3242 veritate.
828 3182 983 3242 Caeterum
997 3201 1074 3259 quac
1085 3187 1130 3243 ita
1143 3185 1249 3242 dicun·

206 3273 267 3337 tur,
281 3274 315 3322 ut
329 3265 417 3324 rebus
430 3263 599 3324 humanitus
614 3284 667 3324 scu
681 3265 824 3324 divinitus
838 3269 932 3346 gestis
946 3268 1008 3326 aive
1021 3269 1164 3345 gerendis
1177 3287 1250 3326 con·

207 3350 310 3408 venire
324 3350 523 3425 nonpossint,
537 3351 604 3425 quis
618 3349 712 3406 fidelia
726 3349 839 3408 dubitet
852 3369 914 3410 non
928 3369 991 3408 esre
1003 3351 1137 3408 inaniter
1150 3348 1250 3410 dictal

206 3433 278 3502 Quis
293 3451 328 3490 aa
342 3449 403 3492 non
416 3431 453 3488 ad
466 3429 695 3511 intelligentiam
708 3434 871 3507 spiritalem
883 3443 1019 3506 revocet,
1039 3436 1066 3490 ei
1077 3437 1188 3510 possit,
1203 3445 1252 3494 ant

205 3515 240 3574 ah
254 3535 290 3574 eo
304 3517 354 3592 qui
367 3523 465 3592 potest
476 3516 644 3574 revocanda
658 3533 722 3574 esse
736 3513 883 3576 fateaturl

610 3614 734 3672 CAP.
778 3617 838 3673 lV.

206 3691 249 3747 De
255 3694 451 3814 prapigarate
461 3693 669 3778 commutatione
674 3695 824 3750 israelitici
834 3699 914 3769 regns·
924 3707 952 3751 et
960 3698 1115 3780 retuderit,
1127 3708 1158 3752 et
1168 3700 1203 3751 le
1212 3698 1253 3750 dis

223 3775 292 3829 gaas
327 3780 381 3818 nna
392 3773 480 3820 mater
492 3765 633 3828 samuelo,
639 3780 785 3834 personam
791 3783 891 3835 gerens
900 3769 1052 3832 Ecclenae,
1058 3768 1253 3837 prophetaret.

269 3848 435 3910 Procuraur
448 3855 541 3934 igitur
551 3855 686 3914 Civitatis
700 3855 768 3928 Dei,
782 3856 831 3914 uhi
845 3856 1029 3930 pervenitad
1043 3856 1164 3936 Regum
1176 3870 1253 3914 teu-
