2586 4396
224 191 289 250 234
450 185 550 248 'Dlvt
569 183 758 246 nvaunu
777 183 1033 244 AVGVSTlNl

225 342 372 400 tulerunt:
400 333 545 410 Quoniam
558 347 765 416 cognoteeutee
782 334 889 407 Deum,
913 355 972 394 oon
990 339 1069 395 sicot
1079 336 1173 396 Deum
1193 338 1252 419 glo-

224 423 435 498 rificaverunt,
460 423 803 500 outgouts'ueegeruu15
829 421 883 480 sed
896 424 1124 480 evanueramus
1140 427 1253 502 cogito-

225 505 448 578 tiocilue'tut'r,
472 514 503 565 et
515 505 703 564 obscuratum
716 513 762 563 eet
774 505 918 581 interiere
931 521 983 560 cor
997 523 1104 562 corum.
1147 505 1254 566 Dicen-

225 600 271 650 ιιι
283 590 360 648 enirn
372 604 406 647 ιι
418 589 571 669 rapientes
583 604 665 660 erte,
678 586 860 660 etultifecte‘
871 595 958 659 aaut,
983 595 1013 644 et
1027 588 1252 648 immutaverunt

222 672 352 751 gloriam
369 669 683 750 incorruptibilisDei
697 671 731 730 ιἰι
748 669 971 730 rimilitude'aem
988 671 1129 748 imagioie
1152 692 1253 732 corru-

220 753 489 834 praeltermitto,
503 763 534 814 et
545 753 711 826 calumum,
725 764 755 814 et
767 753 1006 834 quadrupedum,
1025 764 1056 812 et
1067 758 1253 834 serpentium.

223 839 280 896 Vbi
293 847 326 901 et*
334 836 483 898 Romanos
491 847 551 911 „at
563 837 710 911 Graecos,
736 847 766 896 et
778 837 955 916 Aegyptios,
982 836 1081 913 quide
1094 839 1253 913 sapientiae

222 922 343 980 nomine
356 922 475 1002 gloriati
486 931 572 995 sunt,
586 921 657 980 fecit
669 922 805 1000 intelligi.
832 919 891 980 Sed
905 921 940 976 de
952 919 1008 978 hoc
1018 939 1084 980 eum
1093 923 1158 980 istis
1172 933 1261 1000 post-'

115 1011 118 1018 ’
222 1005 340 1064 modum
353 1005 574 1082 disputabimus.
617 1004 651 1063 ln
665 1024 722 1082 quo
736 1015 833 1064 autem
846 1005 931 1063 uobis
946 1005 1252 1065 consentiuntdeuno

220 1088 286 1148 Deo
299 1087 384 1146 huius
397 1089 599 1151 universitatis
612 1099 748 1164 auctore,
775 1089 825 1166 qui
845 1108 907 1148 non
931 1090 1025 1146 solum
1047 1107 1133 1166 super
1158 1093 1253 1150 omnia

221 1191 345 1248 corpora
357 1175 624 1250 erchempertus,
650 1175 854 1235 verumetiam
869 1191 955 1250 nuper
968 1192 1069 1251 omnes
1082 1175 1192 1232 animas
1205 1177 1251 1234 in-

220 1253 436 1334 corruptibilis,
448 1251 627 1334 principium
639 1267 789 1330 nostrum,
803 1259 902 1314 lumen
915 1266 1066 1330 nostrum,
1080 1257 1185 1316 bonum
1197 1279 1252 1316 no-

219 1349 326 1412 strum,
352 1341 385 1398 in
397 1339 453 1398 hoe
467 1359 517 1399 eos
530 1344 654 1407 cacteris
666 1343 881 1416 anteponimus.
925 1339 1029 1412 *Nem
1050 1343 1076 1397 si
1088 1343 1185 1399 literas
1200 1362 1251 1398 eo-

218 1440 284 1482 rum
293 1423 485 1484 'Christianus
498 1427 657 1505 ignorans,
683 1426 782 1484 verbis
796 1443 871 1501 quae
891 1443 952 1482 non
966 1423 1070 1482 didicit
1079 1426 1111 1482 in
1125 1425 1252 1502 disputa-

218 1510 300 1566 tione
313 1527 374 1566 non
389 1511 500 1582 utitur,
514 1519 547 1566 ut
558 1512 606 1566 vel
619 1512 784 1568 naturalem
796 1508 912 1580 Latine,
925 1509 973 1581 rel
983 1507 1133 1585 physicam
1143 1507 1253 1570 Graece

219 1595 345 1667 appellet
364 1603 559 1668 campartem
577 1593 610 1650 in
629 1611 686 1668 qua
705 1593 741 1649 de
760 1589 1089 1668 inquisitionenaturae
1102 1601 1253 1668 tractatur,

218 1685 249 1732 et
260 1677 436 1732 rationalem
449 1677 513 1732 sire
525 1677 652 1752 logicam
665 1677 698 1732 in
711 1695 768 1751 qua
781 1678 932 1750 quaeritur
942 1695 1069 1752 quonam
1078 1675 1163 1740 modo
1176 1681 1251 1734 veri-

219 1769 264 1815 tas
291 1760 403 1834 percipi
428 1759 537 1834 possit,
564 1767 594 1814 et
605 1760 745 1817 moralem
758 1761 805 1816 vel
817 1757 944 1816 ethicam
961 1761 994 1818 in
1007 1778 1064 1840 qua
1077 1759 1251 1820 dc.moribus

217 1843 317 1920 agitur
338 1843 539 1918 bonorumque
563 1841 670 1898 finibus
696 1842 865 1919 appetendis
890 1843 1091 1919 malorumque
1113 1844 1252 1917 vitandis,

218 1925 284 1981 ideo
302 1927 400 1982 nescit
418 1925 454 1982 ab
472 1942 532 1982 uuo
551 1943 621 1982 vero
634 1925 699 1984 Deo
713 1935 802 2002 atque
820 1926 945 2002 optimo,
972 1935 1003 1984 et
1020 1935 1157 1986 naturam
1169 1929 1253 1986 nohis

218 2025 282 2066 esse
296 2027 354 2086 qua
366 2007 437 2066 facti
451 2007 488 2066 ad
501 2010 563 2066 eius
580 2009 740 2088 imaginem
753 2027 869 2083 sumus,
896 2019 928 2072 et
940 2009 1106 2068 doctrinam
1120 2030 1254 2093 quaeum

218 2111 331 2170 nosque
344 2094 531 2166 noverimus,
556 2101 586 2149 et
598 2096 725 2172 gratiam
737 2112 796 2170 qua
804 2095 852 2172 illi
866 2091 1048 2152 cohaerendo
1063 2095 1143 2159 beati
1156 2097 1254 2154 simus.

217 2176 300 2234 Haec
313 2179 413 2254 itaque
426 2185 574 2234 causaest
588 2196 641 2234 cur
654 2179 728 2236 istos
744 2178 866 2236 caeteris
878 2177 1094 2258 praeferamus3
1108 2181 1256 2256 quiscum

217 2263 270 2318 alii
281 2259 448 2336 philosophi
466 2261 588 2340 ingenia
607 2279 660 2318 sua
676 2261 828 2338 studiaque
846 2263 1044 2322 contriverint
1056 2264 1089 2320 in
1101 2266 1255 2341 requiren-

217 2344 262 2402 dis
281 2364 380 2402 rerum
397 2347 512 2418 causis,
539 2355 570 2402 et
587 2346 706 2422 quinam
726 2353 805 2402 esset
822 2344 924 2402 modus
944 2344 1076 2403 discendi
1099 2356 1187 2424 atque
1210 2351 1254 2406 vi-

215 2428 323 2501 rendi3
348 2431 400 2486 isti
418 2427 482 2486 Deo
501 2430 623 2508 cognito
635 2437 809 2504 repererunt
816 2427 872 2485 subi
885 2439 962 2490 esset
976 2449 1063 2486 causa
1077 2433 1256 2490 constitutae

214 2513 436 2586 universitatis,
464 2524 494 2570 et
506 2515 560 2570 lux
579 2513 787 2588 percipiendae
802 2513 952 2586 veritatis,
979 2523 1010 2573 et
1026 2511 1093 2570 fons
1111 2515 1256 2572 bibendae

214 2591 374 2655 felicitatis.
419 2596 490 2655 Sive
504 2615 575 2674 ergo
589 2597 641 2654 isti
653 2595 816 2668 Platonici,
843 2597 906 2655 sive
926 2599 1091 2673 quicunque
1111 2600 1163 2656 alii
1182 2619 1255 2677 qua-

213 2681 353 2741 rumlibet
369 2683 505 2760 gentium
521 2679 688 2754 philosophi
705 2679 741 2736 de
760 2679 825 2738 Deo
846 2681 904 2738 ista
928 2682 1076 2754 sentiunt,
1101 2683 1256 2743 nobiscum

214 2767 357 2825 sentiunt.
401 2761 462 2822 Sed
477 2762 544 2820 ideo
558 2783 626 2821 cum
638 2763 799 2822 Platonici·
814 2765 908 2844 magis
922 2765 1033 2840 placuit
1044 2763 1121 2822 hano
1135 2786 1256 2826 causam

213 2867 318 2926 agere,
333 2849 401 2922 quia
414 2865 514 2904 eorum
528 2856 597 2904 sunt
608 2849 713 2904 literae
726 2851 867 2906 notiores.
906 2847 982 2906 Nam
996 2858 1027 2904 et
1038 2848 1164 2925 Graeci,
1180 2869 1255 2928 quo-

212 2950 280 2988 rum
297 2933 401 3008 lingua
418 2931 451 2985 in
469 2929 607 3008 gentibue
625 2933 805 3008 praeminet,
832 2949 1008 3012 cermagna
1032 2933 1256 3008 praedicatione

104 3085 106 3090 Ι
214 3013 415 3084 celebrarunt,
443 3022 473 3070 et
485 3011 585 3071 Latini
597 3019 723 3090 ¹permoti
737 3035 837 3076 earum
849 3017 898 3072 vel
912 3017 1105 3090 excellentia,
1124 3021 1173 3075 vel
1186 3021 1255 3100 gla-

212 3098 275 3170 rie,
301 3099 379 3172 ipsas
392 3096 545 3155 tinentiae
571 3098 751 3175 didicerunt,
777 3110 865 3178 atque
890 3101 923 3157 in
945 3109 1079 3158 nostmm
1103 3103 1257 3178 eloquium

213 3179 419 3238 transferendo
433 3182 591 3242 nobiliores
607 3185 804 3262 clarioresque
817 3183 961 3244 iecerunt,
1010 3181 1030 3262 (
1032 3185 1093 3244 iiol.
1102 3183 1188 3244 OAP.
1196 3185 1256 3268 X.)

615 3351 737 3410 CAP.
781 3347 849 3410 XI.

218 3443 291 3501 Vnde
301 3447 385 3500 Plato
396 3464 454 3502 eum
468 3446 683 3520 intelligentium
697 3447 821 3515 potuerit
839 3451 993 3520 acquirere,
1012 3467 1065 3520 pua
1077 3449 1259 3504 Christianae

560 3515 690 3571 ecieme'oe
697 3517 901 3590 propinquavit.

274 3605 419 3665 Mirantur
432 3617 530 3664 autem
543 3605 661 3682 quidam
674 3607 758 3664 nohis
771 3610 803 3666 in
818 3608 928 3668 Christi
940 3614 1037 3690 gratia
1050 3614 1169 3685 sociati,
1189 3631 1258 3668 cum

212 3691 337 3747 audiunt
348 3693 397 3748 vel
410 3693 532 3768 legunt,
558 3687 711 3747 Platonem
724 3690 759 3748 de
773 3691 838 3750 Deo
851 3695 909 3752 iata
923 3698 1067 3768 sensisse,
1076 3741 1079 3746 .
1087 3715 1166 3772 quae
1179 3699 1258 3754 arul-

211 3783 275 3832 turn
286 3793 449 3852 congruere
461 3773 579 3832 veritati
591 3783 711 3832 nostme
721 3778 875 3855 religionis
886 3789 1061 3858 agnoscunt.
1075 3778 1163 3838 Vnde
1179 3799 1258 3840 non·
1273 3793 1274 3822 ι

212 3859 287 3916 nulli
300 3866 488 3934 putaverunt,
502 3874 579 3932 cum,
593 3859 709 3934 quando
719 3863 851 3937 perrexit
860 3863 892 3922 iu
905 3863 1082 3944 Aegyptum,
1096 3863 1258 3924 Ieremiam
1273 3893 1274 3934 ι
