2602 4416
275 203 592 268 DaclvlTATE
624 205 704 266 DEI
735 209 817 270 ΜΒ.
849 213 872 272 l.
1065 223 1102 279 rt

55 364 143 419 fructu
171 359 317 416 dominos
345 360 393 414 rui
418 376 519 414 amere
544 361 731 434 torquebant.
776 361 836 420 Sed
872 367 990 442 quidam
1013 373 1100 430 ctiam

53 466 104 503 non
117 443 271 501 habentes
286 441 367 517 quod
378 440 556 517 proderent,
584 442 652 500 dunt
665 463 729 502 nou
744 447 916 523 creduntur,
935 456 1007 510 torti
1020 467 1100 514 sunt.

52 530 85 585 Et
98 529 129 584 lri
149 529 237 584 forte
254 524 364 582 habere
386 526 561 600 cupiebant,
586 545 641 584 nec
660 539 764 586 sancta
783 533 938 591 voluntate
956 555 1099 614 pauperes

52 622 146 669 crant:
176 611 288 686 quibus
309 608 573 666 demonstrandum
585 610 654 683 luit,
678 631 739 669 non
750 613 926 687 facultates,
952 619 1005 675 sed
1021 624 1099 696 ipsas

51 696 231 770 cupiditates
246 694 359 748 talibus
379 711 446 748 esse
464 691 570 770 dignas
588 697 778 752 cruciatibus.
823 697 857 755 Si
875 720 948 758 vero
967 705 1098 762 melioris

49 782 127 836 ritae
150 777 309 852 proposito
335 775 526 832 reconditum
552 795 658 836 aurum
681 787 898 858 argentumque
920 803 983 842 nou
1007 785 1097 844 lrabe-

49 864 129 933 bant‚
143 862 251 918 nescio
267 859 399 934 quidem,
420 869 520 916 utrruu
535 863 674 936 cuiquam
685 865 789 921 talium
803 866 961 940 acciderit,
981 878 1015 926 ut
1028 870 1098 927 dum

50 945 155 1002 habere
169 942 325 1013 ereditur,
351 952 560 1018 torqueretur:
589 956 792 1004 verumtamen
812 952 901 1007 etiarn
926 953 953 1008 si
976 953 1096 1025 accidit,

50 1029 183 1104 prolecto
206 1028 261 1102 qui
275 1028 356 1082 inter
369 1029 424 1082 illa
436 1035 585 1084 tormenta
604 1040 805 1104 paupertatem
825 1043 957 1092 tanmem
971 1037 1095 1092 confite·

50 1114 145 1184 latur,
176 1109 333 1168 Christum
348 1109 555 1168 confitebatur.
591 1114 778 1188 Quapropter
791 1119 849 1173 etti
862 1136 922 1176 uon
936 1123 1047 1177 meruit
1059 1121 1095 1176 ab

50 1195 182 1252 hostibus
202 1193 303 1264 credi,
328 1211 391 1252 non
410 1195 509 1268 potuit
522 1204 622 1252 tamen
636 1207 757 1254 sanctae
774 1203 955 1274 paupertatis
976 1204 1094 1260 coufes-

51 1297 98 1334 sor
118 1281 185 1335 sinc
203 1278 331 1334 coelesti
347 1277 487 1334 mercede
500 1282 644 1352 torqueri.

111 1367 126 1398 ³
139 1360 268 1431 Multos,
295 1361 456 1435 inquiunt,
474 1363 564 1418 etiam
578 1361 765 1420 Christianos
778 1364 871 1420 fames
885 1365 1029 1423 diuturna
1042 1385 1094 1424 rc·

52 1447 152 1502 stavit.
194 1443 262 1502 Hae
281 1461 404 1518 quoque
422 1445 454 1500 in
473 1461 547 1502 usus
568 1463 640 1502 suos
659 1447 731 1502 boni
750 1445 853 1503 fideles
873 1451 922 1524 pic
939 1450 1094 1506 tolerando

51 1537 216 1586 verterunt
258 1529 344 1594 Quos
359 1528 439 1583 euim
453 1527 545 1584 sames
556 1531 687 1599 necarit,
704 1533 790 1587 malis
802 1533 882 1588 ritae
896 1531 996 1603 huius,
1015 1536 1093 1590 sicut

53 1613 185 1686 eorporis
208 1611 331 1668 morbus
362 1611 488 1684 eripuit:
517 1629 592 1686 quoa
621 1621 720 1670 autent
745 1632 806 1671 nou
833 1618 962 1687 necavit,
991 1617 1094 1674 docuit

52 1698 168 1771 parcius
196 1697 320 1764 rivere,
350 1693 457 1750 docuit
482 1694 656 1770 productius
685 1699 829 1754 ieiunare.

764 1779 795 1858 (l
809 1782 848 1839 al.
866 1781 972 1839 cm
973 1783 1001 1841 Τ
1018 1780 1092 1853 XI.)

452 1861 573 1920 CAP.
617 1861 650 1918 X
663 1862 686 1920 1.
763 1909 770 1918 .

135 1941 182 1994 De
194 1941 256 2012 fine
275 1941 436 2011 temporalis
455 1942 541 2006 citae,
562 1943 772 2014 sicalongiora'u,
792 1946 847 1998 cive
867 1946 1004 1998 bredoria.

109 2032 272 2092 Sedenim
298 2035 386 2090 multi
414 2033 504 2090 etiam
530 2031 693 2090 Christiani
715 2036 867 2092 interfecti
891 2045 978 2106 suut,
1005 2037 1092 2090 multi

51 2120 206 2174 multarum
223 2119 367 2174 mortium
385 2115 473 2174 foeda
491 2117 637 2174 varietate
656 2120 815 2176 consumti.
858 2116 925 2175 Hoc
951 2119 977 2173 ai
1001 2135 1092 2195 aegre

52 2200 202 2258 terendum
230 2209 301 2271 est,
327 2200 465 2258 omuibus
492 2202 544 2275 qui
569 2202 602 2258 in
617 2200 696 2258 hane
720 2204 814 2260 vitam
832 2202 982 2278 procreati
1009 2211 1091 2274 sunt,

53 2287 149 2360 utique
177 2303 337 2342 commune
361 2293 416 2342 est.
457 2281 524 2340 Hoc
538 2286 612 2357 reio,
638 2287 788 2344 nemiuem
813 2287 907 2343 fuisse
929 2295 1091 2357 mortuum,

54 2371 174 2442 quinon
186 2368 291 2426 fuerat
303 2367 464 2444 aliquando
481 2370 657 2426 moriturus.
699 2369 783 2427 Finis
797 2380 898 2426 autem
910 2372 1006 2441 vitae,
1031 2378 1092 2424 tam

53 2453 167 2530 longam
191 2469 284 2527 quam
307 2452 429 2509 brevem
451 2453 560 2524 vitam,
586 2450 643 2510 hoc
668 2453 747 2511 idem
765 2455 847 2511 facit.
887 2452 992 2528 Neque
1013 2454 1092 2508 enirn

53 2535 127 2592 aliud
139 2537 259 2604 melius,
275 2544 305 2592 et
318 2535 554 2608 aliuddeterius3
568 2545 621 2594 aut
633 2537 828 2609 aliudmaius‚
842 2546 872 2592 et
884 2535 1091 2592 uliudbrevius

54 2629 111 2689 est,
138 2618 220 2694 quod
238 2620 298 2676 iam
315 2621 429 2694 pariter
452 2638 513 2676 nou
532 2630 588 2676 est.
637 2620 717 2686 Quid
735 2628 835 2675 autem
861 2619 1005 2685 interest,
1032 2633 1091 2688 quo

53 2703 157 2758 mortis
183 2721 293 2778 genere
321 2704 386 2759 rita
412 2704 470 2760 ista
497 2701 643 2772 finiatur,
676 2699 795 2775 quaudo
822 2701 874 2754 ille
900 2699 949 2754 eui
975 2697 1090 2769 finitur,

54 2786 166 2838 iterum
182 2787 333 2844 morinen
352 2781 491 2864 cogitur?
527 2783 602 2843 Cum
622 2793 722 2841 autem
743 2783 906 2858 uuicuique
922 2782 1092 2838 mortalium

54 2867 105 2923 sub
132 2867 314 2942 quotidianis
339 2872 420 2926 ritae
445 2868 534 2926 huius
562 2869 700 2940 casibus,
726 2867 958 2925 innumerabiles
980 2873 1091 2922 mortes

54 2949 265 3024 quodammodo
281 2954 518 3024 comminentur,
545 2951 685 3028 quamdiu
699 2954 919 3023 incertumst,
946 2968 1092 3025 quaenam

53 3052 149 3091 earum
167 3043 297 3092 ventura
315 3038 378 3109 sit3
409 3053 519 3111 quaero
547 3046 648 3092 utrum
673 3039 767 3092 satius
786 3037 842 3108 sit,
871 3053 961 3091 unam
977 3035 1091 3109 perpeti

52 3117 228 3189 moriendo,
259 3138 297 3176 an
324 3138 427 3176 omncs
452 3121 558 3176 timere
581 3115 731 3178 vivendol
765 3117 829 3175 Nee
860 3120 968 3196 ignoro
1003 3134 1090 3192 quam

51 3201 174 3258 inertius
189 3203 339 3280 eligatur,
368 3203 418 3258 diu
437 3204 538 3260 virere
559 3202 613 3260 sub
627 3203 734 3259 timore
754 3211 801 3260 tot
818 3203 974 3272 mortium,
1003 3218 1089 3275 quem

51 3286 136 3340 sentel
165 3286 323 3343 moriendo
351 3287 466 3344 nullam
479 3285 618 3361 deinceps
643 3285 814 3342 formidare.
863 3285 923 3343 Sed
941 3282 1022 3340 aliud
1046 3293 1091 3338 cat

54 3366 128 3439 quod
154 3371 258 3426 carnis
285 3385 393 3428 sensus
418 3368 577 3426 infirmiter
602 3369 727 3444 pavidus
753 3369 884 3448 refugit,
912 3367 993 3424 aliud
1013 3362 1091 3440 quod

52 3452 154 3508 mentis
182 3454 262 3509 ratio
285 3453 445 3532 diligenter
464 3455 620 3509 enucleata
646 3454 788 3510 convicit.
832 3451 911 3510 Mala
928 3466 1007 3508 mors
1035 3465 1089 3520 pu-

51 3532 135 3588 tanda
146 3553 211 3592 non
226 3546 289 3609 est,
309 3556 399 3612 quam
411 3538 490 3595 bona
508 3538 570 3594 vita
583 3537 788 3611 praecesserit.
833 3535 939 3610 Neque
952 3532 1033 3588 enim
1046 3529 1090 3586 la-

52 3615 90 3670 cit
101 3620 207 3676 malam
226 3631 367 3693 utonem,
392 3623 453 3678 nisi
472 3619 551 3695 quod
563 3621 699 3694 sequitur
724 3629 858 3676 mortem.
902 3614 972 3674 Non
990 3614 1091 3689 itaque

53 3701 167 3760 nultum
182 3705 354 3762 curandum
368 3714 413 3762 cst
427 3706 482 3775 eis,
509 3706 562 3779 qui
575 3706 746 3761 necessario
760 3700 902 3760 morituri
914 3706 1000 3771 sunt,
1021 3697 1091 3772 quid

54 3783 155 3843 aecidat
168 3796 206 3844 ut
218 3791 406 3860 moriantur3
428 3787 481 3844 sed
506 3786 662 3844 moriendo
688 3806 746 3862 quo
761 3789 806 3843 ire
821 3790 977 3860 cogantur.
1017 3780 1090 3838 Cum

54 3861 136 3939 igitur
160 3869 334 3928 Christiani
361 3873 516 3944 noverint,
547 3873 637 3947 longe
665 3871 817 3927 meliorem
842 3867 936 3923 fuisse
957 3866 1092 3941 religiosi
