2590 4396
301 185 365 246 DE
388 184 603 246 CIVITATE
626 187 707 246 DEl
728 189 808 246 ΗΒ.
832 190 865 246 V.
1043 199 1101 256 149

60 343 105 400 din
119 343 174 400 illa
187 339 357 416 respublica
371 357 431 396 non
444 337 544 396 babuit
558 357 723 414 quenquam
741 337 853 398 virtute
871 359 1027 420 magnum,
1052 345 1104 402 aed

59 445 108 484 sua
121 425 270 493 memoria
283 423 377 480 fuism
391 424 457 478 illos
471 422 542 478 duos
556 425 673 500 ingenti
686 425 808 494 virtute,
823 422 947 482 dirersis
960 427 1101 484 moribus.

59 509 90 566 ln
109 507 251 566 laudibus
269 515 368 564 autem
386 505 521 562 Caesaris
540 507 653 581 posuit,
679 505 757 581 quod
776 507 833 564 eibi
851 525 992 585 magnum
1010 510 1101 583 impe-

59 595 142 662 rium,
159 591 337 660 exercitum,
350 589 460 646 bellum
473 606 581 645 novum
596 589 762 664 exoptabat,
776 590 826 647 ubi
835 592 930 648 virtus
941 592 1103 648 enitescere

59 682 167 750 posset.
197 671 245 729 lta
257 672 346 728 fiebat
359 674 391 730 in
406 672 484 728 rotis
497 673 628 728 virorum
642 673 750 729 virtute
764 689 952 752 magnorum,
973 682 1006 729 ut
1020 675 1100 730 exei-

60 767 134 814 taret
152 759 188 814 in
206 756 317 812 bellurn
336 757 459 812 miseras
477 764 599 833 gentes,
626 764 656 812 et
672 753 789 834 flagello
808 758 935 835 agitaret
951 756 1103 814 Bellonam

60 842 238 918 sanguineo,
252 848 286 895 ut
299 849 379 896 esset
392 839 442 895 ubi
455 840 550 896 virtus
565 857 666 894 corum
680 841 863 897 enitesceret.
890 838 957 896 Hoe
970 841 1021 896 illa
1033 857 1102 913 pro-

61 925 134 980 fecto
149 922 249 979 landis
270 921 397 980 aviditas
418 930 448 978 et
466 923 579 999 gloriae
597 921 702 997 cupido
719 923 855 980 faciebat.
884 922 990 980 Amore
1004 922 1103 996 itaque

60 1007 195 1081 primitus
208 1005 367 1077 libertatis,
380 1013 447 1080 post
460 1007 548 1060 etiam
558 1003 780 1078 dominationis,
794 1015 824 1062 et
837 1006 994 1080 eupiditate
1007 1004 1102 1061 laudis
1158 1039 1159 1042 =

62 1099 89 1144 et
101 1091 239 1166 gloriae,
263 1091 355 1146 multa
367 1105 474 1167 magna
487 1087 631 1144 fecerunt.
658 1086 766 1144 Reddit
778 1091 820 1144 eis
834 1090 987 1164 utriusque
1000 1089 1045 1146 rei
1058 1097 1102 1144 te-

62 1173 235 1230 stimonium
248 1173 338 1228 etiam
349 1180 435 1248 poeto
448 1171 576 1249 insignia
591 1189 704 1242 eorum,
717 1171 787 1228 inde
800 1173 906 1246 quippe
919 1173 976 1227 ait:

143 1255 209 1312 Nee
222 1273 285 1312 non
299 1253 495 1330 Tarquinium
510 1255 636 1310 eiectum
648 1253 802 1310 Porsenna
814 1253 931 1310 iubebat

142 1339 301 1414 Accipere,
314 1339 488 1415 ingentique
502 1339 605 1394 urbem
618 1336 771 1394 obsidione
783 1337 948 1412 premebat:

141 1420 302 1478 Aeneadae
316 1422 349 1480 in
362 1421 472 1478 ferrum
482 1439 536 1496 pro
550 1421 687 1478 libertate
700 1419 832 1476 ruebant.

62 1505 145 1562 Tunc
165 1508 271 1581 itaque
289 1523 429 1584 magnum
446 1505 506 1562 illis
525 1503 583 1561 luit
602 1513 653 1560 aut
665 1504 784 1560 fortiter
798 1504 905 1576 emori,
933 1509 984 1558 aut
996 1502 1105 1558 liberos

61 1592 170 1647 virere.
198 1587 261 1646 Sed
274 1607 342 1646 cum
356 1595 435 1644 esset
448 1587 553 1664 adepta
566 1587 698 1659 libertas,
716 1595 799 1645 tanta
812 1585 916 1663 cupido
931 1587 1045 1664 gloriae
1059 1586 1104 1640 in-

63 1682 200 1744 cesserat,
214 1681 250 1730 ut
261 1690 365 1748 parum
379 1679 456 1727 emet
468 1673 531 1728 sola
543 1671 674 1742 libertas,
692 1671 751 1727 nisi
765 1680 795 1728 et
808 1669 967 1728 dominatio
981 1685 1105 1743 quaere-

63 1766 152 1827 retur,
168 1757 239 1814 dnm
252 1774 307 1830 pro
320 1773 428 1834 magno
441 1751 598 1812 baberetur
611 1752 688 1830 quod
700 1755 781 1812 velut
793 1755 933 1829 loquente
944 1750 1014 1810 love
1028 1751 1105 1808 idem
1118 1741 1136 1780 ⁸

62 1848 147 1914 poeta
160 1840 266 1896 dicit..
419 1840 422 1845 '

315 1954 358 1966 -
371 1924 449 1990 Quin
463 1942 566 2000 aspera
578 1923 662 1997 luno,

144 2011 230 2076 Quae
243 2026 327 2064 mare
339 2025 430 2078 nunc,
443 2017 595 2082 terraeque
608 2017 699 2078 metu,
714 2008 883 2078 eoelaunque
897 2005 1015 2080 fatigat,

145 2091 281 2149 Consilia
295 2093 327 2146 in
340 2091 444 2146 melius
458 2089 578 2161 referet,
591 2105 762 2164 mecumque
775 2086 887 2142 fovebit

144 2173 300 2232 Romanos
314 2190 413 2230 rerum
425 2172 556 2229 dominos
568 2181 744 2250 gentemque
758 2177 898 2245 togatam.

144 2255 199 2314 Sic
209 2257 363 2333 placitum,
376 2257 478 2312 veniet
491 2256 593 2313 luania
607 2253 772 2310 lnbentibus
785 2259 877 2322 aetas,

144 2339 223 2398 Cum
237 2337 340 2396 domus
353 2337 490 2396 Assaraci
503 2335 637 2396 Phthiam
651 2339 802 2411 clarasque
815 2333 956 2410 Mycenas

144 2421 282 2481 Servitio
293 2430 417 2497 premet,
431 2422 566 2478 aurietis
580 2419 779 2477 dominabitur
791 2418 888 2495 Argis.

64 2511 143 2576 Quae
158 2505 281 2582 quidem
291 2504 444 2583 Virgilius,
458 2502 557 2562 lovem
571 2501 714 2560 inducens
727 2511 867 2574 tanquam
879 2498 979 2554 futura
991 2496 1107 2571 praedi·

65 2601 190 2664 centem,
212 2591 278 2664 ipse
292 2589 351 2644 iam
364 2587 442 2644 laete
454 2587 616 2656 recolebat,
640 2584 837 2654 cernebatque
849 2581 1029 2654 praesentia:
1055 2596 1107 2632 re-

64 2693 129 2730 rum
141 2682 301 2748 propterea
314 2687 541 2728 commemorare
553 2669 605 2724 illa
617 2667 708 2736 volui,
730 2672 763 2720 ut
777 2661 963 2718 ostenderem
976 2659 1107 2716 domina-

66 2759 180 2813 tionem
189 2765 256 2832 post
268 2755 434 2812 libertatem
447 2755 490 2810 sie
502 2750 640 2810 habuisse
653 2747 818 2816 Romanoa,
841 2753 874 2802 ut
885 2745 917 2800 in
932 2761 1033 2800 eorum
1045 2759 1106 2798 ma-

66 2841 135 2918 gnis
148 2839 284 2896 laudibus
296 2847 465 2914 poneretur.
479 2835 559 2894 Hine
572 2842 618 2890 est
631 2841 662 2890 et
673 2831 746 2888 illud
759 2827 889 2885 eiusdem
900 2835 1017 2902 poetae,
1030 2823 1108 2900 quod

66 2925 274 2981 camellorum
293 2924 428 3000 gentium
446 2920 559 2976 artibus
583 2934 632 2974 eas
656 2918 735 2991 ipsae
757 2913 890 2988 proprias
909 2909 1108 2968 Romanorum

64 3018 142 3064 artes
157 3003 308 3084 regnandi
322 3013 409 3081 atque
422 3001 585 3080 imperandi
604 3009 634 3056 et
646 2996 802 3077 subigendi
819 3014 853 3052 ae
873 2993 1037 3052 debellandi
1055 3011 1107 3068 po·

62 3093 145 3165 pulos
161 3097 370 3162 anteponeret,
385 3089 440 3144 ait:

148 3171 312 3230 Excudent
325 3173 376 3228 alii
389 3171 531 3246 spirantia
543 3169 658 3226 mollius
673 3184 754 3224 aera:

149 3255 248 3314 Credo
264 3253 408 3329 equidem,
421 3254 505 3310 rivos
520 3252 627 3308 ducent
640 3250 676 3307 de
689 3266 834 3308 marmore
846 3249 960 3304 vultus:

149 3338 291 3397 Orobunt
303 3355 406 3395 causas
420 3336 540 3407 melius3
555 3336 687 3410 coelique
699 3341 811 3390 meatus

148 3421 333 3482 Describent
344 3419 439 3492 radio,
454 3427 484 3476 et
496 3419 649 3497 surgentia
662 3416 759 3474 sidera
773 3413 884 3490 dicent:

148 3506 199 3565 Tu
212 3521 322 3582 regere
334 3503 457 3578 imperio
471 3502 602 3578 populos,
615 3499 757 3568 Romane,
771 3503 926 3552 memento.

148 3589 220 3648 Hae
234 3587 291 3645 tibi
304 3596 391 3644 erunt
404 3594 493 3656 artes,
507 3585 628 3660 pacique
641 3585 791 3657 imponere
804 3590 928 3644 morem3

148 3673 283 3731 Parcere
297 3671 448 3742 subiectis,
467 3677 497 3724 et
510 3667 656 3724 debellare
670 3661 818 3738 superbos.
835 3661 837 3666 '

62 3759 127 3818 Has
142 3766 226 3815 artes
240 3754 287 3811 illi
304 3762 388 3812 tanto
403 3752 526 3830 peritius
545 3749 737 3816 exercebant,
764 3749 874 3818 quanto
894 3738 990 3794 minuo
1008 3752 1041 3792 se
1059 3753 1110 3831 vo·

61 3841 228 3921 luptatibus
242 3836 371 3908 dabant,
398 3845 428 3917 et
440 3833 625 3892 enervationi
639 3827 729 3888 anim
742 3835 772 3882 et
786 3823 915 3899 eorporis
929 3821 960 3878 iu
975 3835 1110 3894 coneupr-
