2510 4404
177 230 237 288 DE
265 229 486 290 clvlTATE
510 231 593 290 DEI
625 233 705 290 LlB.
728 233 826 292 XXl.
967 239 1023 296 aot

59 384 217 441 Invenimus
233 401 304 461 crgo
320 383 383 458 quir
397 385 491 459 possit
508 386 616 440 salvari
629 405 681 460 per
701 388 819 464 ignem,
846 391 872 444 si
883 391 965 464 prius
979 393 1026 448 in-

34 469 153 526 nerimus
166 466 235 542 quid
248 469 287 523 sit
299 466 406 523 habere
421 469 453 524 in
467 467 657 524 fundamento
671 469 828 527 Christum.
844 473 928 538 Quod
941 483 976 530 ut
987 475 1023 534 de

33 573 57 610 sa
82 549 265 606 similitudine
292 553 466 626 quantocius
489 550 689 610 advertamus:
732 552 813 610 Nihil
838 556 870 610 in
892 555 1024 613 aedificio

33 635 171 709 reponitur
194 632 400 691 fundamento:
428 636 560 710 quisquis
585 635 683 710 itaque
707 638 750 693 sic
773 634 861 694 habet
883 641 916 695 in
939 639 1026 696 corde

33 721 149 788 mistum,
170 726 204 772 ut
217 719 245 773 ei
258 726 377 774 terrena
391 727 420 774 et
433 721 619 792 temporalia,
646 739 701 776 nec
715 739 749 776 ea
768 739 843 796 quae
862 723 945 780 licita
959 733 1028 779 sunt

33 821 78 879 que
91 817 227 857 concessa
239 810 409 876 praeponat,
424 801 645 858 fundamentum
654 801 742 860 habet
752 803 909 862 Christum.
924 805 958 864 Si
972 824 1026 875 au-

33 908 52 942 n
63 885 218 959 praeponit,
246 886 302 940 etsi
316 884 451 941 videatur
464 884 572 942 habere
585 885 673 943 fidem
686 885 813 960 Christi,
840 907 902 946 non
916 900 962 947 cst
980 902 1025 945 tc-

33 989 59 1026 m
80 969 110 1024 in
130 985 161 1024 eo
190 966 411 1024 fundamentum
434 966 587 1042 Christus,
615 971 664 1026 oui
692 973 763 1028 talia
787 983 1026 1048 praeponuntur:

35 1061 100 1108 anto
113 1052 219 1129 magis,
243 1053 269 1106 si
283 1052 424 1108 salutaria
436 1063 591 1129 praecepta
606 1063 798 1112 contemnens
814 1058 976 1113 committat
990 1059 1027 1113 il·

33 1138 82 1206 ita,
107 1151 164 1190 non
185 1137 392 1209 praeposuisse
416 1135 576 1210 Christum,
603 1137 654 1193 sed
678 1141 877 1214 postposuisse
902 1142 1027 1197 convin-

33 1239 85 1290 ur,
111 1235 193 1293 quem
212 1217 381 1292 posthabuit
402 1221 594 1294 imperantem
617 1221 680 1277 sive
701 1221 930 1294 concedentem,
959 1223 1027 1282 dum

33 1313 93 1358 ntra
116 1302 177 1358 eius
198 1303 341 1376 imperata
362 1305 426 1360 sive
449 1322 590 1361 concessa
613 1323 697 1361 suam
713 1325 767 1381 per
786 1304 900 1384 flagitia
919 1306 1027 1385 delegit

33 1388 108 1461 plere
132 1382 303 1442 libidineml
345 1384 466 1462 Siquis
487 1387 786 1463 itaqueChristianus
811 1389 910 1468 diligit
932 1408 1027 1445 mare·

33 1489 107 1540 cem,
132 1470 215 1544 eique
228 1467 390 1526 adhaerens
404 1489 494 1528 unum
509 1489 615 1547 corpus
629 1471 770 1544 efficitur,
797 1475 855 1530 iam
874 1475 906 1529 in
920 1471 1028 1530 hunda-

33 1563 86 1610 nto
100 1571 157 1609 non
170 1551 257 1610 habet
269 1551 426 1611 Christum.
448 1552 483 1611 Si
496 1557 562 1630 quis
575 1566 675 1613 autem
689 1556 788 1636 diligit
799 1575 922 1614 uxorem
935 1575 1028 1627 suam,

38 1635 195 1694 secundum
220 1635 384 1709 Christum,
410 1639 477 1714 quis
497 1640 526 1694 ei
545 1639 660 1697 dubitet
685 1642 718 1697 in
741 1640 935 1697 fundamento
963 1657 1028 1695 esse

33 1716 151 1776 ristuml
178 1718 212 1776 Si
225 1738 296 1776 vcro
310 1721 470 1778 secundum
482 1720 538 1778 hoc
552 1726 711 1794 saeculum,
725 1727 751 1781 si
765 1725 941 1795 carnaliter,
957 1725 986 1778 si
996 1724 1028 1780 in

33 1805 88 1860 rbo
103 1805 418 1878 concupiscentiarum,
433 1807 509 1862 sicut
523 1815 553 1878 et
565 1817 669 1884 gentes
684 1826 759 1883 quae
771 1805 1028 1886 ignorantDeurn,

33 1909 74 1944 nm
87 1886 142 1943 hoc
156 1886 315 1944 secundum
326 1890 445 1946 veniam
460 1889 596 1946 concedit
609 1892 787 1965 Apostolus,
812 1893 871 1946 imo
883 1909 936 1965 per
948 1890 1028 1963 Apo·

33 1975 93 2029 lum
106 1970 250 2029 Christus.
274 1969 376 2028 Potest
388 1991 460 2051 ergo
472 1981 502 2029 et
513 1975 569 2029 iste
579 1972 687 2030 habere
697 1976 730 2030 in
743 1973 935 2030 fundamento
943 1971 1029 2029 Chri-

34 2075 72 2111 m.
117 2053 151 2112 Si
170 2057 248 2111 enim
268 2055 296 2110 ei
314 2054 387 2110 nihil
407 2057 475 2111 talis
489 2053 653 2112 allectionis
673 2058 892 2130 voluptatisque
905 2071 1027 2128 praepo-

32 2162 51 2210 :,
72 2139 203 2214 quamvis
218 2136 443 2212 superaedificet
455 2139 551 2216 ligna,
571 2139 710 2209 foenum,
729 2139 880 2212 stipulam,
895 2134 1027 2192 Christus

42 2222 283 2292 fundamentum,
302 2229 421 2295 propter
434 2219 489 2276 hoe
502 2222 601 2277 salvus
615 2221 673 2276 erit
683 2239 737 2295 per
750 2221 859 2298 ignem.
898 2217 1027 2275 Delicias

32 2325 89 2381 ppe
102 2303 268 2362 huiusmodi
280 2322 454 2379 amoresque
468 2313 615 2375 terrenos,
629 2313 749 2378 propter
763 2304 949 2382 coniugalem
963 2303 1028 2378 qui-

32 2411 46 2446 n
67 2390 200 2464 copulam
219 2405 278 2444 non
298 2387 494 2460 damnabiles,
520 2388 721 2445 tribulationis
739 2388 819 2464 ignis
843 2394 964 2442 exuret:
992 2385 1028 2442 ad

32 2493 68 2529 mr
82 2475 186 2550 ignem
198 2472 349 2546 pertinent
363 2481 392 2527 et
405 2471 563 2542 orbitatcs,
590 2481 620 2527 et
638 2488 830 2546 quaecunque
845 2469 1027 2526 calamitates

32 2577 56 2614 re
71 2556 216 2612 auferunt
226 2552 307 2611 haec.
351 2554 393 2610 Ac
406 2571 459 2628 per
472 2553 527 2610 hoc
542 2555 570 2610 ei
583 2556 634 2629 qui
647 2553 832 2623 aedificavit,
857 2554 914 2608 erit
927 2550 1028 2607 aedifi-

32 2644 57 2696 io
73 2642 132 2696 ista
147 2638 303 2710 danrnosa;
331 2639 399 2712 quia
413 2657 474 2694 uon
487 2635 605 2693 habebit
618 2637 695 2712 quod
708 2633 985 2712 superaedificavit,
999 2644 1029 2690 et

32 2745 79 2780 um
95 2724 256 2779 amissione
273 2721 466 2792 cruciabitur,
481 2721 585 2796 quibus
598 2719 723 2776 fruendo
738 2721 841 2795 utique
853 2718 1027 2774 laetabatur.

32 2810 104 2883 lpcr
118 2806 197 2862 hunc
212 2806 312 2882 ignem
331 2806 430 2861 salvus
450 2806 508 2860 erit
525 2806 631 2861 merito
650 2803 850 2874 fundamenti,
876 2802 947 2877 quia
960 2803 1028 2856 etsi

32 2912 76 2947 rm
91 2891 191 2962 idsan
206 2887 354 2945 Christum
368 2886 474 2945 habere
487 2889 602 2961 mallet,
616 2907 634 2944 a
646 2896 835 2964 persecutore
847 2903 1027 2962 proponere·

32 3017 39 3046 ,
69 2974 145 3030 illud
160 2971 276 3030 Christo
291 2991 351 3029 non
364 2982 606 3048 praeponeretur.
650 2971 724 3028 Vide
737 2973 769 3028 in
783 2970 916 3046 Apostoli
928 2967 1025 3026 verbis

32 3061 128 3114 rinem
143 3055 349 3114 aedificantem
363 3076 452 3132 super
466 3055 691 3114 fundamentum
705 3049 804 3133 [hoc],
830 3071 951 3124 aurum,
977 3070 1025 3107 ar·

33 3153 117 3213 tum,
138 3140 250 3214 lapides
264 3142 421 3215 pretiosos:
451 3139 511 3206 Qui
524 3141 588 3195 aine
601 3159 693 3196 acore
707 3150 770 3208 eat,
784 3139 897 3212 inquit,
911 3137 1027 3210 cogitat

32 3233 137 3282 erant
153 3221 230 3291 Dei,
249 3223 385 3300 quomoda
394 3221 521 3296 placeat
534 3217 607 3275 Deo.
630 3219 704 3275 Vide
718 3222 808 3274 alium
821 3217 1026 3273 aedificantem

35 3328 70 3379 a,
101 3307 243 3374 foenum,
270 3305 420 3375 stipulam:
451 3298 623 3368 Quiaatem
636 3301 1026 3358 matrimonioianctasest,

32 3394 82 3460 rit,
101 3389 224 3463 cogitat
235 3403 309 3463 qaae
318 3393 388 3439 sant
398 3383 507 3452 maadi,
521 3383 660 3459 quomodo
668 3381 795 3458 placeat
806 3380 903 3436 uxori,
921 3375 1026 3433 Vniaa-

32 3490 117 3547 usqae
132 3485 208 3544 opas
220 3466 325 3544 [quale
340 3463 413 3542 sit],
427 3463 692 3538 aaaaifestabitar:
707 3464 770 3520 dies
784 3463 859 3520 enim
874 3456 1025 3536 [Domini]

32 3551 152 3610 arabit
158 3570 170 3625 ,⁰
196 3549 258 3606 dies
275 3549 375 3623 utique
389 3547 607 3604 tribulationis:
622 3548 759 3624 quoniam
774 3547 804 3601 ia
819 3547 905 3620 igne,
920 3543 1026 3618 inquit,

32 3636 178 3694 elabitur.
202 3631 390 3706 Eandemque
404 3631 622 3688 tribulationem
634 3633 736 3708 ignem
749 3638 853 3699 vocat,
867 3627 944 3682 sicut
957 3625 1026 3681 alibi

32 3733 96 3778 tur:
131 3715 214 3774 Vasa
227 3715 323 3792 figuli
329 3714 586 3792 probatfornaa,
605 3723 636 3770 et
648 3713 778 3770 homines
792 3713 885 3768 iastoa
897 3709 1026 3767 tentatio

32 3802 196 3862 relationis.
223 3799 273 3872 Et,
293 3796 525 3876 Vniascaiasqac
536 3813 609 3874 opas
621 3795 707 3874 quale
717 3797 770 3866 ait,
784 3796 864 3871 ignis
871 3791 1025 3872 probabit.

32 3891 104 3947 uiua
120 3901 198 3966 opaa
212 3883 439 3966 paratarma,
466 3887 635 3958 (permanet
654 3879 734 3938 eninr
747 3877 823 3957 quod
837 3877 960 3955 quisque
976 3893 1021 3930 co·
