2602 4416
83 251 1083 288 -w-

530 503 672 562 DlVl

126 645 510 724 ‘AVRELM
574 655 1060 738 AVGVS'ltNl

386 816 627 872 HtPPONENstS
648 822 809 878 crisconi

313 951 387 1014 AD
428 949 889 1038 MARcsstrhtltvm

74 1101 201 1204 DE
276 1100 842 1214 CIVITATE
912 1113 1117 1240 DEI,

181 1277 1004 1378 conuunrnonnos

396 1453 555 1520 LIBER
588 1457 792 1525 PRIMVS.
846 1497 851 1510 ·

81 1625 1104 1660 Q—-

411 1763 777 1824 PRAEFATIO

269 1892 314 1945 De
332 1895 451 1962 succepti
468 1897 556 1964 operit
574 1897 683 1950 coneilio
702 1906 729 1948 et
746 1908 915 1968 urguntento.

69 1993 346 2080 Glorioairaimeru
361 2018 512 2074 civitatem
526 2017 605 2091 Dei,
631 2019 695 2076 rive
715 2021 747 2075 in
760 2017 816 2075 hoc
831 2027 998 2094 temporum
1013 2039 1115 2092 curru,

70 2118 139 2155 cum
153 2101 236 2156 intcr
249 2101 358 2174 impios
371 2103 582 2180 peregrinatur
596 2119 635 2158 cx
651 2103 710 2159 lide
722 2104 847 2174 vivens,
867 2106 976 2160 sivein
991 2105 1041 2160 illa
1055 2113 1115 2160 rto-

68 2184 185 2239 bilitate
205 2183 287 2239 aedis
307 2192 464 2257 aeternae,
492 2203 578 2260 quam
593 2205 674 2243 nunc
688 2195 844 2260 exspectat
855 2205 910 2261 per
927 2189 1114 2261 patientiam,

68 2266 166 2341 quoad
181 2284 279 2342 unque
293 2269 409 2324 iustitia
424 2277 616 2325 convertatur
628 2271 660 2326 in
672 2269 828 2342 iudicium,
842 2270 981 2344 deinceps
991 2271 1114 2344 adeptu-

69 2368 100 2406 ra
112 2367 169 2422 per
185 2352 400 2406 excellentiam
410 2352 538 2408 victoria
550 2353 656 2408 ultima
670 2361 701 2408 et
711 2369 785 2428 pace
797 2354 941 2427 perfecta,
955 2353 1013 2410 hoc
1025 2371 1114 2426 opere

68 2451 84 2488 a
109 2441 142 2488 tc
160 2433 324 2504 morituro,
351 2443 383 2488 ct
395 2453 459 2490 mea
478 2435 678 2509 promisione
688 2433 805 2508 debito,
832 2435 992 2493 defendere
1006 2436 1113 2493 adver·

70 2533 123 2572 our
143 2534 212 2588 cos,
242 2519 295 2592 qui
308 2515 465 2574 conditori
480 2520 544 2575 eiua
560 2517 631 2574 deca
652 2535 723 2576 auor
736 2519 925 2593 praeferunt,
949 2520 992 2576 fill
1021 2521 1113 2575 caris-

69 2601 142 2654 sime
169 2599 361 2672 Marcelline,
385 2603 511 2676 suscepi.
568 2601 710 2678 Magnum
741 2619 815 2674 opus
848 2611 879 2656 et
900 2601 1038 2656 arduum:
1063 2600 1115 2655 aed

70 2681 154 2738 Deua
169 2684 288 2740 adiutor
301 2692 406 2740 noster
419 2694 474 2740 eat.
518 2683 690 2754 Nemmio,
717 2683 823 2756 quibua
838 2681 952 2737 viribus
973 2683 1114 2754 oportit,

72 2773 107 2819 ut
132 2767 347 2837 persuadeatur
365 2769 500 2841 superbia
525 2773 636 2842 quanta
658 2767 698 2822 rit
719 2766 816 2821 virtue
837 2762 1028 2836 humilitatis,
1056 2781 1114 2839 qua

71 2847 107 2903 fit
119 2857 155 2904 ut
173 2851 272 2908 omnia
297 2862 418 2908 terrena
433 2850 588 2908 cacumina
609 2850 766 2922 temporali
784 2849 947 2905 mobilitate
961 2849 1110 2920 nutantia,

70 2949 131 2988 non
145 2933 275 2990 humano
290 2943 435 3010 usurpata
447 2935 543 3006 fastu,
569 2931 620 2988 aed
635 2931 737 2990 divina
762 2935 860 3011 gratia
887 2931 995 2988 donata
1023 2933 1110 2988 celai-

70 3013 142 3072 tudo
169 3017 371 3074 tranecendat.
416 3016 482 3075 Rex
503 3018 582 3074 enim
600 3025 631 3074 et
643 3015 788 3074 Conditor
801 3015 938 3073 Civitatis
958 3015 1058 3087 huius,
1073 3014 1109 3069 de

69 3103 233 3176 qua'loqui
253 3103 457 3172 instituimur,
486 3103 520 3157 in
547 3098 703 3180 Scriptura
716 3101 832 3175 pepulit
848 3101 910 3155 rulo
933 3099 1113 3156 sententiam

70 3182 192 3241 divinae
205 3185 283 3262 legis
297 3185 431 3258 aperuit,
455 3201 513 3260 qua
527 3184 711 3256 dictumest,
731 3183 815 3241 Deua
829 3182 967 3260 ruperto
981 3182 1112 3251 reclutit,

69 3265 226 3324 humilibus
248 3279 349 3326 autem
361 3269 416 3326 dot
428 3270 572 3344 gratiam.
598 3283 599 3288 ’
617 3266 683 3324 Hoc
702 3285 775 3324 rero
795 3265 874 3342 quod
892 3264 951 3322 Dei
971 3273 1033 3336 ert,
1060 3281 1111 3319 au·

68 3351 176 3424 perbac
188 3369 306 3426 quoquc
328 3352 445 3410 annuae
462 3353 586 3426 spiritur
600 3349 725 3408 inflatur
741 3349 879 3421 affectat,
906 3357 1042 3425 amatque
1056 3343 1113 3401 ribi

48 3487 49 3490 ,
69 3434 100 3490 in
114 3433 253 3491 laudibus
268 3434 339 3507 dici,

134 3517 264 3574 Parcere
281 3518 442 3590 subiectis,
469 3527 499 3574 et
513 3517 659 3574 debellare
674 3516 826 3592 superbos.

72 3595 155 3656 Vnde
167 3603 259 3658 etiarn
273 3599 309 3657 dc
323 3610 444 3658 terrena
459 3601 608 3674 Ciuitate,
636 3617 712 3676 quae
736 3619 804 3657 cum
824 3595 970 3654 dominari
989 3597 1112 3668 appetit,

73 3685 127 3739 etei
149 3685 253 3759 populi
266 3687 412 3757 cernunt,
431 3687 497 3760 ipra
511 3688 540 3742 ci
554 3683 725 3741 dominandi
739 3683 829 3740 libido
844 3681 1030 3750 dominatur,
1052 3696 1114 3734 non

73 3776 116 3821 eat
135 3765 388 3841 praetercundum
412 3771 549 3841 cilentio,
583 3767 724 3843 quicquid
744 3767 844 3823 dicere
870 3764 1000 3836 suscepti
1025 3760 1113 3816 huius

73 3853 168 3922 operia
183 3852 262 3908 ratio
277 3855 424 3926 portulat,
451 3861 481 3908 et
494 3853 620 3910 facultas
636 3850 739 3986 daturA
761 3933 781 3984 2
