2576 4396
221 201 282 258 276
449 197 547 260 D'lVl
571 193 758 256 svaran
780 192 1036 254 AVGVSTlNl

222 355 336 411 animae
348 351 496 410 bominum
508 350 645 407 nesciunt
666 346 850 408 immunditia
868 347 1004 405 elationis
1021 342 1155 418 inflatae,
1184 345 1267 404 elae-

221 438 355 495 monibus
369 436 478 498 similos
496 433 647 510 superbia,
672 451 732 490 non
745 433 879 489 scientia.

601 583 724 642 CAP.
767 581 880 640 XXl.

297 683 428 753 Adonem
438 681 543 734 modom
552 679 686 734 Dominus
695 679 810 733 coluerit
820 679 989 734 torneator
1002 679 1176 734 innotescere.

284 771 344 847 lpsi
357 780 454 828 autem
467 770 621 828 daemones
635 771 723 828 etiam
735 769 792 826 hoo
805 771 847 826 ita
859 771 972 842 sciunt,
995 778 1029 826 ut
1042 769 1135 826 eidem
1147 768 1267 828 Domi-

222 874 262 914 no
275 855 446 912 infirmitate
460 857 557 912 carnia
570 855 671 912 induto
685 853 828 911 dixerint:
858 851 939 924 Quid
950 853 1031 911 nobie
1045 863 1075 911 et
1088 853 1158 926 tibi,
1185 851 1268 914 Iesu

222 936 401 997 Nenenene?
430 937 546 997 Venisti
561 950 632 997 onte
652 948 766 1018 tempos
778 938 910 1016 perdere
924 955 987 994 nos.
1030 936 1146 995 Clarum
1163 942 1270 998 estin

221 1021 266 1078 bis
279 1022 394 1093 verbis,
421 1023 542 1100 quadiu
556 1025 600 1080 eis
614 1031 644 1078 et
658 1031 741 1078 tanta
759 1023 884 1078 scientio
903 1030 982 1093 erat,
1009 1030 1038 1077 ct
1062 1022 1169 1077 caritas
1193 1041 1270 1081 non

222 1114 294 1162 crat.
329 1103 457 1162 Poenam
470 1107 575 1182 quippe
588 1125 670 1163 suam
680 1104 877 1162 formidabant
889 1104 923 1161 ab
938 1107 1008 1178 illo,
1022 1121 1082 1160 non
1096 1106 1128 1161 in
1141 1105 1196 1160 illo
1211 1109 1270 1166 iu-

221 1191 331 1246 stitiam
344 1188 516 1267 diligebant.
543 1189 672 1247 Tantum
683 1207 754 1246 vero
768 1191 810 1246 eis
824 1190 970 1260 innotuit,
989 1197 1130 1264 quantum
1142 1190 1270 1250 voluit:

221 1281 336 1330 tantum
358 1282 455 1330 autem
476 1275 584 1346 voluit,
611 1282 752 1351 quantum
770 1273 906 1348 oportuit.
950 1269 1010 1329 Sed
1023 1273 1168 1344 innotuit,
1196 1293 1273 1334 non

221 1359 300 1414 sieut
311 1356 434 1435 Angelis
453 1359 580 1430 sanetis,
608 1359 658 1433 qui
672 1359 734 1413 eius
749 1355 908 1412 seeundum
922 1354 954 1412 io
966 1355 1043 1433 quod
1057 1354 1114 1412 Dei
1126 1353 1271 1417 Verbum

221 1451 283 1512 est,
310 1442 483 1516 participata
503 1442 679 1498 aeternitate
696 1439 902 1517 perfruuntur3
928 1439 980 1495 sed
992 1441 1070 1495 sicut
1082 1439 1123 1494 eis
1136 1447 1270 1499 terren-

221 1525 266 1581 elis
289 1524 531 1581 innotescendum
553 1525 624 1596 luit,
652 1537 690 1581 ex
716 1542 837 1600 quorum
861 1524 1016 1600 tyrannica
1042 1521 1269 1599 quodammodo

221 1615 365 1686 potestate
383 1607 479 1665 fuerat
496 1608 673 1665 liberaturus
691 1607 922 1683 praedestinatos
939 1608 972 1664 in
990 1625 1073 1662 auum
1084 1624 1220 1684 regnum
1237 1623 1271 1670 ct

221 1693 346 1771 gloriam
362 1709 476 1766 semper
494 1711 628 1748 veraeem
647 1701 677 1748 et
697 1693 842 1748 veraciter
864 1691 1078 1766 sempiternam.
1120 1688 1271 1752 lnnotuit

222 1794 292 1854 ergo
306 1774 510 1847 daemonibus,
535 1793 595 1832 non
612 1774 709 1850 perid
726 1775 801 1850 quod
818 1783 863 1831 ert
878 1776 938 1830 vita
950 1783 1085 1844 aeterna,
1111 1775 1271 1838 etlumen

222 1858 456 1916 incommutabile
471 1857 548 1936 quotl
559 1859 705 1916 illuminat
717 1860 791 1935 pios,
805 1859 854 1914 cui
866 1857 989 1916 videndo
1003 1856 1167 1932 perfidem,
1182 1877 1271 1936 quae

221 1946 254 2000 in
266 1945 316 1999 illo
330 1951 391 2012 cst,
406 1940 493 1998 corda
505 1941 698 2015 mandentum
717 1942 768 1998 sed
781 1960 833 2017 per
847 1941 986 2018 quaedam
999 1941 1172 2015 temporalia
1186 1961 1273 2005 auae

221 2027 339 2084 virtutis
353 2023 456 2082 effecta
469 2034 499 2080 et
511 2027 725 2082 occultissimae
744 2027 830 2104 signa
847 2026 1046 2101 praesentiae,
1073 2043 1149 2100 quac
1164 2045 1272 2108 ange.

221 2112 286 2167 licis
300 2109 435 2165 sensibus
449 2110 537 2164 etiam
549 2111 744 2188 malignorum
757 2111 911 2184 spirituum
923 2109 1019 2184 potius
1031 2125 1116 2184 quam
1128 2109 1273 2172 infirmi-

221 2195 275 2250 tati
287 2191 437 2248 hominum
449 2202 569 2266 possent
582 2211 646 2249 esse
660 2195 826 2269 conspicua.
858 2191 993 2268 [lenique
1006 2191 1119 2268 quaudo
1135 2212 1174 2250 ea
1185 2213 1273 2271 pau.

221 2278 311 2331 lulum
325 2274 530 2350 supprimenda
542 2275 697 2347 iudicarit,
724 2286 754 2333 et
771 2277 921 2352 aliquanto
941 2278 1028 2332 altius
1041 2277 1143 2348 latuit,
1173 2278 1272 2340 dubi.

220 2359 295 2415 tavit
307 2357 343 2413 dc
355 2359 407 2414 illo
419 2356 592 2416 daemonum
605 2361 758 2436 princeps,
777 2379 901 2437 eumque
914 2361 1055 2430 tentarit,
1068 2377 1106 2415 an
1120 2357 1273 2425 Christus

222 2449 300 2498 esset
313 2443 485 2516 explorem,
504 2451 646 2519 quantum
660 2461 691 2500 se
705 2445 815 2501 tentari
827 2445 890 2520 ipse
902 2444 1049 2518 permisit,
1062 2451 1095 2499 ut
1107 2441 1275 2510 hominem

222 2543 309 2602 quem
323 2525 459 2605 gerebat,
484 2526 521 2583 ad
546 2535 665 2585 nostrae
686 2529 860 2586 imitationis
883 2536 1057 2604 temperaret
1079 2534 1274 2606 exemplum.

219 2608 290 2667 Post
302 2611 383 2666 illam
395 2627 466 2667 vero
486 2613 694 2684 tentationem,
721 2631 787 2669 eum
799 2613 920 2691 Angeli,
947 2613 1025 2668 sicut
1040 2611 1186 2686 scriptum
1209 2631 1274 2693 est,

219 2694 422 2752 ministrarent
435 2695 479 2766 ei,
505 2694 576 2752 boni
588 2697 690 2771 utique
709 2705 739 2752 et
758 2697 869 2768 sancti,
896 2713 930 2750 ac
952 2713 1004 2770 per
1024 2692 1078 2750 hoe
1102 2697 1275 2770 spiritibus

218 2777 374 2834 immundis
387 2777 538 2834 metuendi
551 2787 581 2835 et
592 2779 753 2851 tremendi,
775 2781 870 2858 magis
885 2779 1036 2858 magisque
1048 2779 1277 2846 innotescebat

218 2860 406 2917 daemonibus
419 2869 547 2936 quantus
561 2873 655 2934 esset,
681 2873 715 2920 ut
728 2865 756 2920 ci
772 2863 900 2933 iubenti,
927 2864 1056 2937 quamvis
1069 2863 1101 2918 iu
1113 2863 1169 2921 illo
1187 2887 1272 2930 aon-

217 2933 370 3000 tcmiibilis
383 2942 535 3001 rideretur
547 2947 644 3004 carnis
658 2947 830 3020 infirmitas,
856 2947 995 3003 resistere
1008 2947 1108 3002 nullus
1121 2949 1272 3014 auderet.

577 3095 700 3156 CAP.
744 3096 882 3156 XXll.

253 3190 326 3256 Quid
336 3190 447 3246 intersit
457 3192 595 3248 eeimtim
606 3204 760 3249 sanctornm
769 3194 947 3266 Angelorum,
968 3203 996 3249 et
1005 3194 1150 3250 scientim
1160 3201 1235 3256 elae-

677 3281 791 3320 mimum.

281 3351 337 3410 llis
350 3354 442 3432 igitur
455 3357 577 3435 Angelis
587 3356 671 3414 bonis
681 3357 776 3414 omnis
790 3357 982 3432 corporalium
991 3359 1276 3441 temporaliumque

218 3455 318 3494 rerum
331 3439 471 3511 scientia,
497 3458 555 3516 qua
575 3438 717 3498 inflantur
735 3439 906 3513 daemones,
931 3443 999 3498 oilie
1013 3451 1073 3498 est:
1100 3461 1168 3502 non
1183 3449 1277 3524 quod

216 3540 318 3580 earum
330 3522 429 3600 ignari
442 3532 526 3595 sunt,
553 3521 605 3579 sed
618 3522 696 3598 quod
707 3524 766 3580 illis
780 3523 853 3592 Dei,
876 3543 933 3600 qua
945 3525 1199 3601 sanctificantur,
1219 3529 1283 3593 ca,

216 3608 289 3663 ritas
303 3624 371 3662 cara
384 3613 445 3678 eat,
458 3625 527 3682 prae
540 3608 622 3664 cuius
636 3625 695 3664 non
708 3615 824 3664 tantum
837 3609 1028 3684 incorporali,
1045 3626 1155 3668 verum
1169 3617 1278 3676 etiam

216 3689 445 3746 incommutabili
468 3699 499 3746 et
518 3687 659 3748 ineffabili
680 3689 910 3767 pulchritudine,
938 3694 1020 3750 ouius
1034 3699 1141 3748 sonmo
1157 3713 1278 3760 amore

215 3771 417 3841 inardescunt,
431 3775 528 3830 omnnia
541 3791 615 3850 quae
628 3775 706 3832 inira
719 3783 803 3846 runt,
827 3783 857 3832 et
870 3774 946 3851 quod
958 3773 1029 3832 illud
1042 3783 1088 3830 est
1105 3793 1175 3836 non

216 3872 305 3931 seque
317 3858 396 3931 ipsos
410 3856 488 3914 inter
500 3859 565 3914 illas
579 3867 786 3930 contemnunt,
813 3867 846 3916 ut
863 3875 901 3915 ex
921 3866 980 3916 toto
994 3855 1069 3935 quoel
1084 3856 1163 3920 boni
1176 3877 1281 3942 aunt,
