2510 4404
80 210 83 216 .
180 160 241 216 374
405 154 501 213 DlVl
522 152 710 211 AVRELll
737 150 989 211 AVGVSTlNl

180 311 302 366 duorum
317 307 528 366 incredibilium
547 309 604 362 iem
622 305 729 362 fecturm
745 303 890 375 videmus,
916 313 949 362 ut
967 305 1050 380 quod
1081 299 1148 365 erat
1172 310 1212 364 in.

181 393 333 464 credibile,
348 392 479 448 crederet
490 389 627 447 mundus:
655 408 706 445 eur
719 387 748 444 id
762 387 837 464 quod
850 389 998 463 reliquum
1011 401 1061 446 est
1076 391 1214 466 despera-

180 486 238 548 tur,
252 485 284 532 ut
296 477 382 532 etiam
394 475 448 530 hoc
461 475 569 543 veniat,
592 472 667 548 quod
679 471 848 528 incredibile
860 472 984 530 credidit
998 475 1151 546 mundus,
1166 496 1215 531 ssc-

181 570 214 616 ut
227 561 284 616 iam
296 561 387 628 venit,
402 557 478 634 quod
492 557 623 614 similiter
636 555 806 636 incredibile
819 555 890 626 fuit,
916 566 1028 613 utrem
1041 567 1110 614 tam
1123 559 1216 614 incre-

181 642 297 699 dibilem
310 642 440 698 crederet
454 640 592 712 mundus,
615 640 730 716 quando
743 637 858 716 quidem
869 638 925 696 hoe
938 648 1110 716 utrumque
1124 643 1217 698 incre-

181 725 279 798 dibile,
293 745 414 802 qnorum
427 724 555 780 videmus
570 743 674 794 unum,
696 725 818 780 alterum
831 723 990 794 credimus,
1006 725 1041 780 in
1056 724 1176 782 eisdem
1187 729 1218 782 li·

180 811 252 866 teris
265 809 444 884 praedictum
457 809 506 878 sit,
518 825 569 881 per
583 825 654 882 ques
669 806 791 862 credidit
802 803 945 864 mundusl
977 805 1021 862 Et
1035 809 1106 882 ipse
1121 810 1219 865 modus

181 912 237 968 quo
250 892 375 950 mundus
388 890 525 962 credidit,
551 891 577 946 si
595 889 811 962 consideretur,
837 889 1040 946 incredibilior
1053 893 1217 949 invenitur.

181 976 345 1033 lueruditos
359 974 526 1030 liberalibus
541 973 715 1049 disciplinis;
740 984 769 1030 et
782 975 910 1045 omnino,
930 984 1086 1050 quantum
1100 975 1140 1032 ad
1154 978 1218 1031 isto-

182 1079 246 1115 rum
260 1053 407 1114 doctrines
420 1060 541 1129 attinet,
555 1059 710 1132 impolitos,
724 1077 784 1114 nou
796 1059 904 1132 peritos
918 1059 1142 1136 grammatica,
1164 1079 1216 1115 non

183 1151 309 1200 armatos
324 1141 492 1214 dialectica,
513 1160 574 1198 non
587 1141 735 1198 rhetorica
748 1139 878 1212 inflatos,
900 1143 1069 1216 piscatores
1087 1141 1215 1200 Christus

184 1245 250 1284 cum
261 1227 373 1282 retibus
386 1224 455 1282 fidei
467 1225 504 1282 ad
517 1243 595 1281 mare
609 1223 693 1282 huius
706 1227 813 1282 saeculi
831 1225 1025 1300 paucissimos
1047 1227 1153 1298 misit,
1179 1236 1216 1281 et·

182 1329 237 1386 que
250 1311 291 1366 ita
304 1327 341 1365 ex
355 1311 433 1366 omn'i
442 1328 552 1387 genere
563 1319 621 1366 tam
631 1311 737 1365 multos
751 1310 855 1384 pisces,
869 1317 898 1364 et
908 1317 990 1364 tento
1001 1309 1215 1378 mirabiliores,

183 1403 291 1470 quanto
304 1395 431 1450 seriores
445 1394 531 1448 etiam
543 1395 619 1468 ipsos
633 1390 818 1466 philosophos
832 1393 916 1468 cepit
950 1391 1084 1448 Duobus
1100 1395 1163 1450 illis
1176 1395 1215 1448 in-

184 1477 384 1548 credibilibus,
411 1478 436 1533 si
448 1478 559 1552 placet,
585 1479 644 1534 imo
668 1478 737 1551 quia
755 1477 869 1549 placere
888 1475 983 1546 debet,
1003 1474 1156 1533 addamus
1168 1475 1215 1531 hoc

182 1563 309 1618 tertium.
332 1559 391 1616 lam
404 1579 474 1637 ergo
488 1561 545 1616 tria
558 1569 626 1616 sunt
639 1559 830 1639 incredibilia,
844 1578 918 1634 quae
931 1568 1034 1614 tamen
1049 1559 1213 1616 factasunt.

183 1643 356 1700 Incredibile
370 1653 414 1698 est
426 1642 572 1700 Christum
585 1644 782 1720 resurrexisse
793 1645 931 1714 incarne,
946 1651 977 1697 et
990 1643 1023 1699 in
1038 1646 1160 1700 coelum
1172 1643 1214 1698 sd-

184 1726 330 1784 scendisse
346 1745 412 1781 cum
425 1745 526 1782 carne:
540 1726 711 1782 incredibile
725 1735 770 1782 est
782 1725 920 1784 mundum
932 1745 996 1782 rem
1009 1737 1075 1782 tam
1090 1727 1213 1784 incredi-

183 1810 270 1866 bilem
290 1809 459 1866 credidisse:
486 1809 654 1865 incredibile
679 1819 724 1866 est
742 1809 873 1866 homines
893 1808 1060 1887 ignobiles,
1090 1811 1211 1878 infimos,

183 1894 389 1968 paucissimos,
415 1892 563 1967 imperitos
582 1911 645 1948 rem
657 1902 716 1950 tam
735 1893 949 1964 incredibilem,
975 1901 1037 1948 tam
1061 1892 1212 1950 efficaciter

184 1976 308 2048 mundo,
326 1986 363 2032 ‘et
380 1977 412 2033 in
432 1978 482 2032 illo
500 1977 588 2032 etiam
608 1976 701 2032 doctis
720 1976 1058 2052 persuaderepotuisse.
1106 1977 1211 2034 Horum

184 2062 272 2118 trium
288 2060 501 2117 incredibilium
517 2061 641 2134 primum
659 2063 765 2116 nolunt
782 2062 848 2132 isti,
874 2079 940 2116 cum
962 2061 1072 2135 quibus
1092 2064 1210 2139 egimus,

185 2143 317 2216 credere3
344 2144 502 2215 secundum
520 2153 664 2222 coguntur
682 2153 710 2200 et
729 2140 864 2216 cernere3
891 2143 1044 2218 quodnon
1058 2146 1212 2202 inveniunt

183 2227 261 2284 unde
280 2229 319 2284 sit
336 2228 459 2298 factum,
487 2229 512 2282 ri
535 2245 595 2283 uon
619 2226 741 2283 credunt
758 2229 884 2283 tertium.
917 2225 1114 2284 Resurrectio
1142 2239 1210 2284 certe

185 2310 308 2382 Christi,
335 2312 408 2366 etin
426 2312 536 2367 coelum
553 2329 618 2366 cum
637 2327 725 2368 carne
744 2311 775 2368 in
789 2329 845 2386 qua
863 2311 1026 2368 resurrexit
1049 2311 1210 2380 adscensio,

184 2403 246 2452 toto
260 2395 317 2464 iam
330 2393 437 2450 mundo
455 2393 637 2468 praedicatur
651 2403 680 2450 et
693 2393 834 2452 creditur:
862 2395 887 2450 si
909 2393 1058 2450 credibilis
1078 2414 1142 2452 non
1161 2405 1208 2461 est,

184 2477 262 2534 unde
276 2487 337 2534 toto
356 2487 500 2534 terrarum
524 2476 592 2533 orbe
614 2479 672 2534 iem
696 2478 806 2534 credita
828 2473 888 2534 esti
923 2476 957 2534 Si
979 2479 1068 2533 multi
1091 2479 1208 2546 nobiles,

184 2562 337 2632 sublimes,
364 2561 441 2618 docti
464 2579 526 2628 cam
550 2579 581 2616 se
604 2561 712 2617 vidisse
731 2562 886 2631 dixerunt,
910 2569 939 2616 et
961 2560 1042 2636 qrrod
1066 2562 1206 2619 viderunt.

185 2643 332 2700 diffamare
346 2654 496 2716 curarunt,
513 2645 553 2700 eis
568 2645 707 2701 mundum
720 2644 877 2702 credidisse
891 2663 950 2700 uon
963 2646 1074 2700 mirum
1088 2657 1149 2716 est;
1163 2644 1206 2700 sed

184 2729 258 2784 istos
271 2727 363 2786 adhuc
378 2728 495 2784 credere
508 2730 585 2784 nolle
598 2728 753 2802 perdurum
764 2737 822 2805 est:
842 2730 868 2784 si
881 2737 977 2783 autem
990 2737 1024 2782 nt
1037 2747 1146 2784 verum
1159 2739 1206 2794 est,

184 2814 294 2886 paucis,
309 2814 448 2882 obscuris,
461 2813 599 2882 minimis,
622 2811 746 2868 indoctis
760 2829 823 2866 eam
837 2831 867 2866 se
881 2810 989 2867 vidisse
1003 2809 1170 2868 dicentibus
1184 2825 1207 2865 et

186 2896 376 2951 scribentibus
390 2893 512 2950 credidit
524 2893 664 2966 mundus,
679 2913 731 2951 eur
743 2895 827 2968 pauci
841 2891 1081 2965 obstinatissimi,
1102 2897 1152 2970 qui
1164 2914 1204 2949 re-

184 2987 364 3048 manserunt,
378 2979 435 3050 ipsi
446 2977 552 3032 mundo
566 2978 624 3034 iam
637 2978 767 3036 credenti
780 2977 873 3034 adhuc
887 2996 978 3052 usquc
991 2996 1055 3033 non
1070 2976 1204 3035 creduutl

186 3061 243 3127 Qui
255 3069 407 3134 propterea
421 3078 542 3116 numero
557 3062 665 3139 exiguo
681 3063 869 3140 ignobilium,
892 3061 1071 3133 infimorum,
1093 3064 1202 3136 imperi-

186 3154 281 3200 torum
292 3141 440 3199 hominum
454 3143 592 3216 credidit,
615 3148 684 3220 quia
701 3148 733 3202 in
749 3155 809 3200 tam
829 3145 1076 3202 contemtibilibus
1090 3147 1203 3202 testibus
1250 3167 1251 3216 ι

185 3228 276 3284 multo
290 3224 452 3284 mirabilius
473 3227 610 3284 divinitas
631 3248 661 3284 se
679 3231 741 3304 ipsa
761 3231 912 3304 persuasit.
944 3226 1073 3304 Eloquia
1088 3248 1205 3304 namque

185 3311 435 3388 persuadentium,
458 3330 532 3386 quae
545 3311 693 3385 dicebant,
716 3314 789 3368 mira
803 3312 923 3369 luerunt
935 3311 1024 3382 faeta,
1038 3331 1101 3368 non
1114 3314 1204 3369 rerba.

187 3398 243 3463 Qui
256 3397 332 3453 enim
347 3395 491 3452 Christum
505 3398 536 3451 in
552 3414 638 3452 carne
652 3398 861 3466 resurrexisse,
889 3405 917 3450 et
935 3413 998 3450 cum
1019 3396 1072 3450 illa
1089 3398 1122 3452 in
1143 3415 1204 3451 coe-

186 3468 247 3539 lum
259 3478 444 3536 adscendisse
458 3498 517 3536 non
530 3478 679 3552 videraut,
700 3479 730 3535 id
749 3499 780 3535 se
794 3479 901 3535 vidisse
915 3479 1122 3550 narrantibus,
1150 3497 1202 3535 non

186 3565 369 3636 loquentibus
384 3573 511 3634 tautum,
525 3563 576 3618 sed
590 3566 675 3619 etiem
688 3563 810 3620 mirifica
823 3561 996 3618 facientibus
1009 3563 1098 3639 signa
1111 3561 1201 3618 crede-

186 3645 265 3700 bant.
291 3645 429 3702 Homines
444 3649 558 3722 quippe,
573 3665 644 3722 quos
658 3649 754 3718 unius,
769 3648 815 3702 vel
829 3655 862 3702 ut
872 3648 1002 3716 multum,
1017 3645 1140 3702 duarum
1151 3647 1201 3700 liu·

187 3744 309 3802 guarum
330 3728 418 3784 fuisse
432 3740 587 3800 noverant,
609 3740 728 3805 repente
747 3731 856 3807 linguis
875 3729 1001 3785 omnium
1020 3732 1151 3806 gentium
1164 3731 1200 3782 lo·
1250 3789 1251 3794 η

188 3817 308 3882 quentes
321 3811 491 3868 mirabiliter
505 3813 667 3871 audiebant.
703 3812 841 3870 Claudum
863 3813 897 3869 ab
911 3811 1045 3868 uberibus
1061 3815 1159 3870 matris
1171 3808 1200 3865 sd
1250 3837 1251 3840 ¹
