2590 4396
262 201 323 260 DE
348 201 567 262 ClVlTATE
590 199 672 266 DEl
702 211 781 270 ΗΒ.
806 215 864 273 lll.
1054 225 1093 280 ⁷3

58 380 111 418 non
137 355 327 427 abhostibus,
354 373 416 412 non
434 355 469 412 ab
488 357 602 414 alienis.
643 359 680 418 Si
693 373 744 420 aut
755 370 935 440 perpetravit
960 380 1011 429 aut
1037 376 1092 432 im-

57 444 167 516 perarit
194 439 254 495 hoc
284 437 446 509 Romulus3
472 442 567 518 magis
593 443 657 516 ipsc
683 446 741 502 fuit
767 446 978 526 Romanorum,
1004 475 1091 532 quam

54 527 130 582 Paris
159 523 369 580 Troianorum
395 531 496 596 caput:
523 543 577 580 cur
591 526 685 603 igitur
712 527 852 587 Troianis
878 535 952 591 iram
969 537 1088 602 deorum

53 609 228 684 provocavit
255 607 305 660 ille
324 607 440 660 alienae
459 607 596 685 coniugis
611 619 722 684 raptor,
750 621 780 670 et
793 615 955 674 eorundem
970 619 1090 680 deorum

55 695 177 749 tutelam
193 689 338 746 Romanis
352 689 493 745 invitavit
505 691 562 745 iste
576 693 623 747 sui
636 693 737 750 fratris
751 697 921 755 extinctorl
944 700 978 758 si
992 713 1091 762 autem

52 775 120 832 illud
133 775 238 831 scelus
254 790 270 827 a
284 772 364 828 lacto
380 773 563 848 imperioque
576 772 695 834 Romuli
714 781 844 836 alienum
864 792 925 855 est;
951 789 1090 860 quoniam

52 861 148 916 debuit
162 858 272 931 utique
284 855 444 926 vindicari,
471 863 534 912 tota
557 855 613 914 hoc
632 861 681 917 illc
707 863 812 919 civitas
827 863 908 936 lecit,
935 868 1014 942 quod
1027 879 1090 925 tota

52 942 226 1011 contemsit3
255 949 285 994 et
294 958 357 995 non
370 940 430 995 iam
442 938 579 1013 fratrem,
606 943 657 999 sed
669 953 800 1019 patrem,
828 948 906 1022 quod
931 952 1017 1022 peius
1032 963 1088 1022 est,

53 1025 167 1083 occidit.
212 1021 349 1096 Vterque
363 1023 443 1079 enim
456 1023 514 1080 fuit
527 1025 679 1100 eonditor,
705 1030 756 1086 ubi
782 1031 858 1086 alter
885 1035 995 1090 scelere
1009 1036 1088 1091 abla-

51 1121 94 1166 tus
109 1127 172 1166 non
186 1107 354 1182 permissus
383 1113 430 1162 est
455 1125 520 1162 esse
545 1120 696 1188 regnator.
713 1157 716 1162 Δ
739 1112 807 1169 Non
821 1124 877 1185 est,
904 1125 938 1171 ut
950 1118 1088 1190 arbitror,

53 1192 126 1268 quod
141 1191 264 1248 dicatur
277 1187 350 1264 quid
363 1191 435 1245 mali
448 1188 539 1247 Troia
552 1197 706 1268 meruerit,
728 1205 762 1252 ut
774 1215 839 1252 eam
852 1197 894 1252 dii
907 1197 1089 1272 desererent,

53 1295 105 1351 quo
117 1283 223 1350 posset
235 1273 394 1351 extingui3
422 1273 534 1350 etquid
559 1275 632 1333 boni
656 1276 768 1348 Roma,
795 1288 829 1334 ut
843 1298 907 1335 eam
921 1280 962 1335 dii
974 1281 1089 1338 inhabi-

53 1367 156 1430 tarent,
184 1375 246 1434 quo
259 1366 366 1430 posset
378 1359 496 1434 augeri:
527 1359 587 1414 nisi
601 1359 680 1435 quod
706 1362 779 1417 vieti
792 1361 861 1417 inde
874 1362 1034 1440 fugerunt,
1062 1373 1091 1420 et

54 1442 132 1498 seed
151 1443 227 1497 istos
245 1458 322 1517 quos
349 1441 462 1514 pariter
480 1440 667 1515 deciperent,
695 1446 895 1501 contulerunt.
933 1444 995 1502 lmo
1019 1465 1089 1504 vero

56 1527 356 1595 ctillicmanserunt,
384 1522 421 1578 ad
447 1543 594 1582 cosulere
623 1545 677 1583 suo
693 1527 894 1601 decipiendos,
921 1532 972 1604 qui
984 1549 1089 1587 rursus

56 1608 166 1666 easdem
180 1617 277 1665 terras
288 1605 476 1680 habitarent;
503 1617 534 1664 et
558 1607 607 1667 hie
633 1611 750 1668 easdem
776 1620 856 1669 artes
870 1613 1004 1670 fallaciae
1019 1633 1087 1671 suno

54 1695 141 1771 magis
156 1695 247 1749 etiam
262 1689 450 1763 exercendo,
475 1694 637 1772 maioribus
654 1693 817 1753 honoribus
832 1697 952 1774 gloriati
967 1708 1046 1754 sunt.

450 1841 572 1900 CAP.
614 1843 701 1903 Vll.

168 1938 213 1992 De
224 1939 365 1993 eversione
382 1937 441 2003 liii,
461 1941 599 2008 quoddam
613 1939 702 1995 Marii
715 1942 842 1998 Fimbria
856 1945 966 1998 excidit.

111 2028 201 2087 Certe
215 2031 298 2086 enim
310 2029 450 2086 civilibus
464 2031 523 2086 iam
535 2031 619 2088 bellis
634 2035 833 2106 scatentibus,
861 2035 931 2109 quid
948 2035 1089 2092 miserum

52 2116 241 2170 commiserat
253 2111 358 2184 llium,
384 2122 449 2168 uta
467 2113 614 2188 Fimbria,
639 2115 840 2174 Marianarum
853 2119 982 2191 partium
994 2116 1088 2173 homi-

51 2218 85 2253 ne
109 2199 255 2272 pessimo,
283 2205 489 2269 everteretur,
519 2200 611 2255 multo
642 2199 773 2256 ferocius
807 2210 896 2277 atque
929 2200 1088 2274 crudelius,

51 2299 136 2355 quam
149 2275 413 2336 olimaGraecisi
440 2279 515 2338 Nam
541 2291 613 2338 tunc
626 2285 755 2339 etmulti
774 2284 843 2341 inde
868 2284 1030 2362 fugerunt,
1060 2295 1088 2340 et

50 2366 132 2420 multi
160 2365 305 2436 captivati
332 2364 438 2419 saltem
462 2365 495 2420 in
521 2367 665 2424 servitute
680 2367 831 2425 vixerunt.
870 2366 965 2424 Porro
990 2377 1089 2424 autem

50 2447 181 2503 Fimbria
194 2448 279 2520 prius
306 2446 437 2502 edietum
462 2451 633 2522 proposuit,
661 2469 700 2506 ne
723 2452 772 2507 cui
786 2459 975 2526 parceretur,
1000 2460 1089 2524 atque

49 2531 152 2586 urbem
166 2539 261 2586 totam
276 2540 460 2604 cunctosque
473 2531 505 2587 in
520 2551 554 2587 ea
575 2530 710 2588 hominos
725 2534 864 2589 incendio
880 2535 1088 2588 concremavit.

48 2613 114 2670 Hoc
128 2615 241 2669 meruit
254 2613 359 2684 llium,
388 2631 449 2669 non
468 2633 485 2670 a
500 2613 623 2671 Graecis
638 2633 712 2687 quos
726 2633 780 2669 sua
793 2617 964 2669 irritaverat
978 2615 1088 2686 iniqui-

46 2707 131 2768 tate,
159 2695 397 2754 scdaRomanis
412 2715 486 2771 quos
507 2715 562 2752 sua
588 2697 754 2752 calamitate
778 2705 1006 2773 propagaverat:
1034 2694 1090 2750 diis

45 2782 114 2835 illis
142 2781 342 2837 communibus
366 2778 404 2835 ad
428 2779 501 2838 haec
528 2778 696 2856 repellenda
712 2777 786 2836 nihil
811 2779 999 2851 iuvantibus,
1026 2796 1090 2850 seu,

45 2861 130 2938 quod
144 2881 247 2919 verum
260 2873 316 2934 est,
332 2861 408 2920 nihil
420 2865 596 2921 valentibus.
630 2863 781 2939 Numquid
794 2873 824 2919 et
834 2872 906 2919 tuno
920 2863 1089 2918 abscessere

47 2965 154 3003 omnes
169 2946 266 3022 adytis
281 2949 402 3023 arisque
417 2948 529 3004 relictis
557 2948 609 3020 dii,
638 2947 744 3022 quibus
769 2947 842 3004 illud
869 2945 1006 3021 oppidum
1029 2956 1089 3002 ste-

46 3041 146 3103 terat,
174 3039 244 3104 post
263 3032 403 3105 antiquos
425 3029 608 3088 Graecorum
622 3033 707 3108 ignes
726 3033 889 3105 ruinasque
902 3027 1089 3103 reparatum?

44 3113 79 3169 Si
94 3124 200 3170 autem
214 3115 432 3185 abscesserant,
460 3133 578 3171 eausam
591 3115 725 3190 requiro:
752 3125 782 3170 et
796 3113 1009 3189 oppidanorum
1023 3115 1089 3188 qui-

44 3197 112 3254 dem
126 3205 242 3272 quanto
255 3199 377 3254 invenio
389 3199 557 3272 meliorem,
583 3207 666 3254 tanto
680 3197 857 3254 deteriorem
871 3197 1001 3252 deorum.
1044 3193 1090 3251 llli

44 3284 126 3337 enim
142 3290 252 3336 contra
265 3280 425 3336 Fimbriam
438 3291 537 3354 portos
566 3283 745 3353 clauserant,
772 3291 806 3337 ut
819 3279 919 3356 Syllae
934 3288 1090 3336 servarent

43 3367 198 3443 integram
213 3365 381 3420 civitatem:
407 3361 476 3419 hinc
490 3383 540 3420 eos
555 3367 648 3421 iratus
663 3363 813 3436 incendit,
833 3366 881 3438 vel
893 3364 991 3438 potius
1005 3362 1089 3434 peni-

43 3459 90 3503 tus
107 3449 272 3504 exstinxit.
316 3445 420 3502 Adhuc
433 3456 532 3502 autem
545 3449 700 3503 meliorum
721 3449 849 3522 partium
863 3448 996 3503 civilium
1009 3443 1090 3518 Sylla

43 3531 105 3587 dax
119 3533 194 3603 fuit,
222 3529 319 3586 adhue
345 3530 435 3584 armis
462 3531 673 3602 rempublicam
699 3548 874 3605 recuperare
899 3527 1090 3584 moliebatur:

42 3613 155 3671 borum
184 3615 335 3670 bonorum
359 3613 514 3668 initiorum
543 3613 675 3669 nondum
703 3615 794 3669 malos
822 3621 947 3668 eventus
979 3606 1089 3664 habuit.

43 3699 125 3764 Quid
142 3717 219 3776 ergo
250 3697 358 3752 melius
387 3695 466 3751 cives
494 3696 574 3752 illius
599 3697 680 3751 urbis
700 3695 798 3751 faeere
811 3688 994 3768 potueruntl
1022 3690 1091 3767 quid

42 3777 226 3838 honestiusl
262 3779 334 3854 quid
359 3775 494 3834 fideliusl
528 3778 599 3853 quid
624 3777 757 3835 Romana
783 3777 935 3851 parentela
960 3774 1090 3854 dignius,

43 3883 133 3938 quam
154 3865 277 3922 meliori
298 3880 406 3919 causae
426 3860 628 3919 Romanorum
648 3863 798 3918 civitatem
812 3875 949 3929 servare,
976 3868 1006 3914 et
1020 3876 1090 3914 con-
