2590 4396
219 233 258 288 74
438 221 536 294 DlVl
568 215 752 276 nvnuull
777 213 1026 272 AVGVSTlNl

220 388 266 434 tra
280 373 455 449 parricidam
468 370 617 429 Romanae
640 362 818 436 reipublicae
843 372 941 438 portas
960 360 1113 418 clauderet
1139 363 1177 419 At
1189 363 1246 420 hoc

219 461 319 516 eisin
347 465 491 533 quantum
517 452 640 508 exitium
663 447 797 515 verterit,
823 445 977 502 attendant
990 445 1160 502 defensores
1175 446 1245 502 deo-

218 561 293 600 rum.
337 539 533 598 Dcseruerint
558 531 599 586 dii
624 529 783 599 adulteros,
808 527 951 602 iliumque
976 526 1100 584 flammis
1115 528 1239 586 Graeco·

218 644 283 682 rum
295 622 479 698 reliquerint,
505 625 539 671 ut
553 631 590 668 ex
617 613 680 667 eins
709 611 856 668 cineribus
871 607 965 666 Roma
983 612 1093 667 castior
1107 629 1245 668 nascere-

218 718 281 764 tur:
309 723 362 762 eur
385 711 415 758 ct
440 707 544 772 postes
569 695 767 751 deseruerunt
793 691 914 750 eandem
937 695 1087 750 civitatem
1105 693 1246 750 Romanis

220 797 391 866 cognatam,
418 800 478 838 non
497 780 686 836 rebellantem
705 776 846 833 adversus
868 775 991 833 Romam
1003 776 1131 832 nobilem
1144 774 1246 847 filiam,

219 871 269 926 sed
282 866 455 924 iustioribus
467 864 530 918 eius
544 861 676 935 partibus
691 858 778 916 fidem
792 860 1059 916 constantissimam
1068 860 1246 933 piissimam·

218 970 274 1026 que
288 956 465 1018 servantem,
494 962 615 1018 eamque
641 942 793 1000 delendam
817 943 1012 1016 reliquerunt,
1038 959 1099 997 non
1115 940 1246 998 Graeco-

217 1050 283 1088 rum
296 1032 370 1088 viris
383 1030 527 1099 fortibus,
555 1025 607 1082 sed
619 1027 685 1082 rire
701 1026 890 1098 spurcissimo
904 1019 1122 1080 Romanorumi
1148 1023 1207 1080 Aut
1221 1027 1248 1078 si

217 1113 390 1187 displicebat
415 1111 471 1168 diis
486 1127 574 1169 eausa
586 1109 716 1181 partium
728 1105 927 1182 Syllanarum,
954 1107 1003 1162 eui
1028 1115 1181 1162 servantes
1195 1125 1248 1161 ur-

216 1197 282 1253 bem
307 1197 408 1254 miseri
430 1204 529 1269 portas
555 1194 737 1261 clauserant3
765 1208 818 1244 eur
844 1188 938 1244 eidem
955 1186 1055 1262 Syllae
1074 1197 1157 1244 tanta
1170 1189 1249 1245 bona

218 1280 429 1354 promittebant
442 1287 471 1333 et
482 1267 746 1350 praenuntiabanti
773 1271 819 1328 Αιι
833 1280 863 1326 et
873 1268 942 1325 hinc
954 1279 1158 1346 agnoscuntur
1173 1270 1248 1328 adu·

216 1364 325 1418 latores
352 1362 483 1417 felicium
507 1358 605 1433 potius
619 1373 707 1431 quam
719 1353 883 1410 infelicium
896 1347 1084 1408 defensoresi
1117 1351 1185 1408 Non
1199 1373 1249 1409 er·

218 1444 366 1522 gellium
392 1445 577 1512 etiamtunc,
606 1439 698 1494 abeis
726 1455 793 1492 eum
818 1435 1015 1505 desereretur,
1043 1453 1178 1490 eversum
1192 1446 1248 1490 est.

217 1525 293 1582 Nam
310 1525 466 1581 daemones
485 1523 522 1578 ad
547 1519 752 1594 decipiendum
773 1535 890 1590 semper
903 1517 1141 1595 vigilantissimi,
1167 1519 1249 1592 quod

217 1616 391 1680 potuerunt,
416 1606 562 1662 fecerunt.
617 1601 738 1658 Eversis
766 1602 871 1674 quippe
898 1609 928 1656 et
953 1600 1083 1656 incensis
1111 1601 1247 1656 omnibus

219 1708 284 1745 eum
310 1689 414 1763 oppido
441 1685 617 1755 simulacris,
656 1685 750 1740 solum
776 1681 927 1738 Minervae
961 1681 1014 1738 sub
1047 1689 1130 1738 tanta
1161 1684 1249 1738 ruina

217 1772 320 1845 templi
341 1773 441 1842 illius,
468 1779 503 1825 ut
520 1767 623 1824 scribit
648 1765 766 1835 Livius,
792 1766 943 1842 integrum
968 1763 1088 1820 stetisse
1112 1763 1249 1838 perhibe-

217 1862 275 1908 tur.
318 1851 386 1908 Non
409 1860 444 1908 ut
470 1850 619 1906 diceretur
640 1847 693 1904 Dii
705 1849 810 1920 patrii,
839 1864 964 1920 quorum
986 1864 1102 1919 semper
1123 1848 1174 1902 sub
1192 1866 1248 1902 nn-

217 1937 296 1990 mine
317 1933 408 1990 Trois
435 1943 491 2005 est,
517 1933 555 1989 ad
579 1949 682 1987 eorum
705 1928 836 1986 laudem:
861 1928 912 1984 sed
938 1948 976 1985 ne
1001 1928 1159 1999 diceretur,
1186 1929 1247 1985 Ex-

218 2035 334 2072 cessere
349 2035 450 2073 omnes
465 2015 561 2091 adytis
585 2015 705 2088 arisque
728 2013 839 2068 relictis
853 2009 905 2082 dii,
934 2011 971 2067 ad
985 2028 1086 2067 eorum
1100 2011 1247 2066 defensio-

217 2118 292 2156 nem.
332 2097 409 2155 lllud
423 2101 501 2155 enim
514 2115 600 2173 posse
614 2095 752 2170 permissi
764 2103 845 2165 sunt,
871 2113 932 2150 non
951 2093 1030 2150 unde
1055 2095 1248 2169 probarentur

220 2190 366 2255 potentes,
395 2181 445 2238 sed
459 2181 537 2238 unde
555 2187 726 2254 praesentes
741 2179 998 2234 convincerentur.

591 2327 714 2385 CAP.
762 2325 875 2384 Vlll.

441 2425 483 2476 An
495 2424 614 2475 debuerit
626 2423 665 2474 dii
675 2423 768 2474 iliacis
782 2421 870 2474 Roma
884 2421 1024 2474 committi.

280 2513 346 2571 Diis
360 2516 462 2590 itaque
477 2513 572 2569 lliacis
585 2521 653 2587 post
667 2511 775 2568 Troiae
788 2513 880 2588 ipsius
895 2512 1101 2568 documentum
1115 2529 1171 2586 qua
1182 2521 1248 2568 tan-

218 2599 283 2654 dem
295 2597 452 2672 prudentia
466 2595 559 2653 Roma
570 2593 764 2651 custodienda
778 2597 931 2652 commissa
945 2591 1010 2650 esti
1036 2593 1156 2651 Dixerit
1168 2598 1248 2669 quis-

216 2683 305 2756 piam,
333 2683 392 2738 iam
419 2698 469 2736 cos
497 2677 607 2734 Romae
632 2675 900 2748 habitaresolitos,
928 2677 1043 2754 quando
1059 2688 1249 2754 expugnante

216 2763 345 2820 Fimbria
359 2763 466 2818 cecidit
478 2761 573 2816 lliuns.
599 2759 683 2815 Vnde
696 2779 768 2838 crgo
782 2761 865 2816 stetit
877 2759 1028 2816 Minervae
1043 2757 1248 2816 simulacrumi

217 2843 345 2914 Deinde,
366 2846 392 2900 si
405 2843 481 2916 apud
494 2842 616 2898 Romam
630 2835 725 2914 erant,
753 2841 869 2918 quando
884 2841 1012 2898 Fimbria
1027 2841 1134 2898 delevit
1147 2841 1248 2905 Ilium:

217 2926 344 2982 fortasse
358 2924 434 3000 apud
449 2923 535 2982 Ilium
549 2935 649 2996 erant,
677 2925 792 3000 quando
818 2943 835 2980 a
863 2923 955 2980 Gallis
981 2926 1045 3000 ipsa
1058 2923 1150 2981 Roma
1163 2936 1250 2999 capta

217 3017 247 3062 et
260 3009 382 3064 incensa
396 3016 453 3064 est:
477 3016 522 3063 set
534 3018 568 3063 ut
579 3017 650 3064 sunt
672 3007 773 3063 auditu
788 3007 963 3080 acutissimi,
989 3015 1128 3082 motuque
1155 3009 1248 3063 eeler-

217 3091 295 3159 rimi,
324 3089 360 3144 ad
375 3109 477 3146 vocem
490 3093 604 3146 anseris
619 3091 678 3147 cito
691 3089 859 3162 redierunt,
885 3100 918 3146 ut
936 3093 1038 3146 saltem
1052 3089 1250 3164 Capitolinum

217 3173 335 3242 collem,
363 3174 412 3248 qui
438 3181 635 3244 remanserat,
661 3181 831 3229 tuerentur:
860 3182 1007 3229 caeterum
1021 3175 1056 3228 ad
1076 3175 1133 3228 alia
1148 3171 1249 3228 defen-

218 3253 312 3310 denda
325 3257 420 3311 serius
435 3265 505 3312 sunt
517 3255 614 3312 redire
636 3257 814 3312 commoniti.

609 3403 730 3462 CAP.
774 3403 841 3461 lX.

214 3500 340 3553 Aciliam
348 3518 456 3568 pacem,
476 3517 544 3569 qliae
564 3501 611 3552 sub
623 3497 729 3618 Npmge
748 3517 831 3582 regno
844 3501 921 3571 ficit,
942 3501 1001 3552 deos
1015 3501 1186 3568 praestitisse
1197 3519 1252 3552 cre-

662 3585 694 3619 en
713 3583 757 3618 um
776 3577 821 3620 cst.

278 3673 318 3730 Hi
333 3677 420 3730 etiam
431 3673 557 3730 Numam
567 3673 743 3746 Pompilium
753 3693 956 3732 successorem
967 3673 1086 3732 Romuli
1100 3674 1251 3731 adiuvisse

214 3755 392 3828 ereduntur,
418 3765 452 3811 ut
465 3764 528 3810 toto
542 3756 629 3834 regni
643 3757 690 3810 sui
702 3764 833 3832 tempore
856 3774 958 3830 pacem
980 3755 1116 3828 baberet,
1144 3767 1175 3812 et
1187 3757 1252 3813 lani

213 3847 329 3915 portas,
356 3857 432 3913 quae
445 3839 529 3894 bellis
542 3847 643 3914 patere
657 3841 803 3910 assolent,
830 3837 994 3896 clauderet:
1022 3859 1057 3896 eo
1070 3842 1177 3896 merito
1192 3844 1251 3896 sei-
