2602 4416
221 211 261 264 20
437 200 533 260 DlVl
566 195 749 258 AVRELll
780 193 1033 254 nvovsT1N1

222 357 271 410 ille
286 371 387 408 carere
409 351 454 408 his
470 351 606 407 omnibus
621 348 740 416 maluit,
767 363 853 420 quam
879 343 948 400 deos
972 361 1024 418 per
1046 360 1119 416 quoa
1139 345 1260 400 iuravit

224 432 382 492 offendere.
427 433 488 492 Sed
501 431 571 507 quid
583 430 724 486 faciamus
738 426 923 498 hominibus,
949 427 1000 500 qui
1012 427 1189 502 gloriantur,
1205 435 1257 481 ta-

223 521 281 574 lem
294 536 326 574 se
338 515 475 576 habuisse
489 516 593 584 civem,
608 513 724 586 qualem
736 511 842 566 timent
854 507 960 566 habere
974 503 1140 566 civitateml
1162 507 1257 573 Quod

223 601 324 658 sinon
337 601 455 667 timent,
482 597 541 651 talc
555 612 627 671 ergo
641 593 751 668 aliquid
777 595 862 668 quale
880 591 987 648 accidit
1000 589 1131 667 Regulo,
1159 591 1257 646 etiam

224 684 338 740 civitati
350 690 410 737 tam
424 679 592 755 diligenter,
620 678 780 752 quamille,
807 675 876 731 deos
903 675 1012 731 colenti
1036 671 1169 728 accidere
1193 689 1254 744 po·

223 767 317 822 tuisse
331 763 491 831 fateantur,
517 767 551 815 et
564 757 738 816 Christianis
754 758 933 832 temporibus
948 775 1008 813 non
1022 755 1255 812 calumnientur.

223 844 332 900 Verum
348 845 417 916 quia
436 842 471 898 de
485 843 546 898 illis
566 839 741 899 Christianis
769 850 834 897 orta
848 842 980 914 quaestio
1001 847 1061 908 est,
1089 837 1141 911 qui
1161 837 1256 892 etiam

224 927 334 998 captivi
347 925 428 980 ducti
442 933 526 996 sunt3
552 921 608 980 hoc
627 926 801 980 intueantur
814 932 844 978 et
856 931 991 993 taceant,
1017 921 1068 994 qui
1087 919 1254 974 saluberri-

222 1025 287 1064 mac
300 1007 440 1082 religioni
457 1006 527 1063 hinc
555 1005 741 1078 impudenter
765 1014 853 1079 atque
877 1003 1079 1077 imprudenter
1104 1000 1256 1056 illudunt:

223 1089 333 1162 quiesi
346 1088 402 1144 diis
419 1107 521 1145 eornm
533 1088 641 1162 probro
656 1105 717 1143 non
731 1087 805 1157 fuit,
832 1085 911 1160 quod
923 1085 1136 1142 attentissimus
1151 1085 1256 1138 cultor

223 1172 351 1242 illorum,
365 1169 434 1227 dum
440 1173 481 1226 ei
496 1168 690 1229 iurisiurandi
702 1168 788 1224 fidem
801 1176 943 1238 servaret,
956 1168 1052 1239 patria
1060 1166 1167 1236 caruit,
1183 1183 1256 1220 cum

223 1253 310 1308 aliam
316 1271 378 1310 non
389 1251 521 1324 haberet,
536 1253 728 1326 captivusque
741 1248 922 1324 apudhostes
935 1250 1112 1323 perlongum
1123 1255 1257 1304 mortem

223 1335 367 1408 supplicio
394 1354 489 1392 novae
516 1334 698 1390 crudelitatis
726 1335 841 1389 occisus
870 1340 930 1403 est3
956 1329 1166 1385 multominus
1196 1347 1255 1384 no-

221 1435 289 1472 men
303 1417 519 1473 criminandum
533 1426 579 1472 est
591 1414 806 1486 Christianum,
832 1416 864 1470 in
879 1414 1060 1486 captivitate·
1066 1417 1257 1466 sacratorum

221 1513 354 1568 suorum,
368 1499 419 1570 qui
433 1515 591 1570 supernam
602 1499 727 1569 patriam
740 1499 841 1553 veraci
854 1495 911 1552 fide
923 1499 1145 1568 exspectantes,
1163 1493 1258 1548 etiarn

221 1579 253 1634 in
266 1579 328 1634 suis
343 1578 461 1636 sedibus
472 1580 646 1654 peregrinos
664 1597 695 1633 se
710 1597 775 1634 csse
788 1585 944 1635 noverunt.

598 1693 714 1751 CAP.
766 1691 871 1751 xvi.

223 1787 391 1856 Anstupric,
411 1805 479 1857 puae
494 1789 577 1842 etium
586 1772 743 1842 sanctarum
752 1789 831 1862 forte
846 1787 983 1856 uirginum
995 1796 1035 1838 est
1043 1805 1125 1857 posca
1140 1789 1257 1856 captiui-

274 1864 326 1920 ιιι,
346 1857 528 1911 contaminari
538 1858 759 1926 potueritoirtus
769 1857 920 1912 animatior
930 1857 1077 1910 voluntatis
1088 1873 1208 1910 assensu.

282 1943 424 2022 Magnum
439 1963 510 2002 sene
524 1947 635 2003 crimen
649 1965 681 2002 se
695 1956 801 2021 putant
822 1947 950 2002 obiicere
969 1944 1160 2017 Christianis,
1186 1966 1256 2002 cum

225 2043 328 2084 eorum
341 2037 557 2106 exaggerantes
572 2031 789 2102 captivitatem,
815 2027 927 2083 addunt
947 2030 1036 2082 etiam
1055 2038 1156 2101 stupra
1171 2047 1253 2084 com-

222 2110 322 2181 mista,
351 2127 412 2166 non
426 2113 520 2166 colum
532 2112 565 2167 in
577 2113 674 2167 aliena
686 2112 876 2168 matrimonia
888 2110 1083 2186 virginesque
1096 2119 1254 2183 nupturas,

223 2190 275 2258 sed
289 2193 377 2247 etiam
389 2193 422 2247 in
436 2191 576 2266 quasdam
589 2195 837 2250 sanctimoniales.
864 2190 922 2247 Hie
935 2210 1008 2247 vero
1017 2211 1079 2248 non
1092 2191 1176 2264 fides,
1191 2211 1253 2248 non

222 2273 328 2344 pietas,
354 2291 416 2329 non
429 2275 493 2346 ipsa
506 2276 601 2332 virtus
630 2293 705 2350 qnae
731 2275 849 2330 castitas
865 2273 989 2344 dieitur,
1018 2274 1070 2329 sed
1083 2283 1185 2331 nostra
1198 2293 1253 2347 po-

222 2355 282 2409 tius
297 2353 457 2428 disputatio
477 2358 556 2412 inter
577 2357 719 2430 pudorem
738 2366 826 2432 atque
850 2356 995 2412 rationem
1013 2355 1185 2432 quibusdam
1201 2374 1253 2411 co-

222 2444 354 2492 aretatur
367 2440 525 2514 angustiis.
568 2438 631 2496 Nec
644 2449 761 2496 tantum
776 2456 912 2495 curamus
931 2434 979 2493 hic
1002 2440 1106 2494 alienis
1128 2456 1252 2512 respon-

222 2517 337 2575 sionem
358 2519 493 2593 reddere,
521 2530 663 2597 quantum
689 2524 761 2596 ipsis
785 2522 895 2578 nostris
922 2514 1162 2577 consolationem.
1206 2519 1255 2576 aa

221 2599 317 2674 igitur
329 2602 361 2657 in
373 2605 476 2674 primis
489 2606 619 2677 positum
632 2613 720 2678 atque
745 2603 908 2673 firmatum,
934 2603 1075 2659 virtutem
1097 2620 1154 2677 qua
1171 2612 1254 2657 recte

221 2682 343 2754 vivitur,
359 2685 395 2740 ab
409 2687 501 2740 animi
514 2687 583 2740 sede
596 2687 732 2741 membris
748 2687 880 2758 corporis
894 2687 1048 2757 imperare,
1062 2691 1255 2758 sanctumque

222 2779 330 2833 corpus
344 2783 401 2819 usu
415 2765 483 2820 fieri
498 2775 618 2822 sanctae
632 2769 809 2822 voluntatis:
833 2785 890 2840 qua
902 2769 1079 2823 inconeussa
1098 2783 1134 2820 ac
1155 2767 1255 2821 stabili

220 2853 431 2915 permanente,
459 2847 599 2920 quiequid
611 2849 690 2902 alius
705 2847 740 2902 dc
756 2866 897 2920 corpore,
924 2850 972 2904 vel
984 2851 1015 2904 in
1035 2863 1159 2919 corpore
1172 2847 1255 2902 fecc-

220 2925 271 2994 rit,
298 2923 377 2997 quod
390 2927 455 2981 sine
467 2935 589 3000 peccato
603 2931 723 3001 proprio
740 2947 802 2986 non
814 2931 912 2986 valcat
926 2931 1046 3000 evitari,
1059 2937 1176 3001 praeter
1191 2931 1255 2984 cul-

221 3022 287 3078 pam
305 3009 535 3080 essepatientis.
586 3009 646 3067 Sed
669 3013 819 3086 quianon
838 3015 934 3069 solum
955 3010 1034 3089 qnod
1052 3011 1089 3066 ad
1108 3010 1251 3081 dolorem,

221 3089 422 3144 verumetiam
440 3091 518 3164 quod
535 3091 572 3146 ad
596 3093 748 3152 libidinem
772 3097 915 3168 pertinet,
947 3097 979 3151 in
1005 3111 1129 3168 corpore
1155 3095 1251 3149 alieno

220 3171 383 3242 perpetrari
410 3181 524 3246 potcst3
555 3176 695 3250 quicquid
722 3179 781 3232 tale
808 3178 920 3234 factum
938 3177 1045 3245 luerit,
1073 3179 1130 3231 etsi
1153 3185 1253 3230 reten-

220 3259 282 3307 tam
298 3257 537 3314 constantissimo
560 3260 658 3314 animo
679 3259 852 3332 pudicitiam
878 3278 939 3315 non
959 3259 1089 3328 excutit,
1114 3257 1255 3332 pudorem

221 3342 320 3390 tamen
333 3335 455 3409 incutit3
482 3359 519 3394 no
537 3340 677 3396 credatur
690 3342 801 3398 factum
815 3361 882 3397 enm
894 3343 1001 3397 mentis
1016 3337 1105 3395 etiam
1116 3342 1253 3396 volunta-

220 3424 268 3487 te,
293 3415 371 3491 quod
384 3417 450 3474 fieri
462 3421 589 3477 fortasse
603 3425 668 3478 sine
685 3426 783 3479 earnis
797 3425 896 3498 eliqua
908 3426 1065 3496 voluptate·
1075 3441 1136 3478 non
1149 3423 1252 3494 potnit.

589 3534 658 3591 CA
680 3535 713 3590 P.
754 3534 788 3590 X
801 3535 888 3591 Vll.

352 3611 396 3664 De
406 3619 491 3664 morte
500 3614 656 3666 uoluntaria
667 3613 698 3664 ob
708 3622 807 3665 metum
813 3631 916 3681 poenae
927 3615 981 3678 riae
991 3615 1133 3667 dedecoris.

284 3699 325 3754 Ae
339 3717 391 3772 per
402 3699 458 3757 hoe
472 3710 502 3756 et
514 3717 590 3774 quae
604 3719 636 3757 se
650 3701 835 3773 occiderunt,
863 3721 901 3759 nc
916 3704 1076 3779 quicquam
1088 3702 1254 3759 huiusmodi

222 3791 409 3855 paterentur,
436 3785 500 3860 quis
515 3783 660 3840 humanus
678 3781 800 3840 affectus
816 3786 859 3842 eis
873 3788 949 3842 nolit
961 3782 1102 3863 ignoscit
1129 3784 1168 3840 Et
1181 3803 1254 3860 quaa
