2586 4396
211 185 268 242 1⁰2
434 180 532 240 mvl
552 177 741 237 AVRELH
762 178 1016 237 Avcvsuln'}

561 331 583 390 C
605 331 628 388 A
650 330 682 388 P.
724 328 881 388 thll.

206 423 250 486 De
259 438 359 484 ttcroto
375 425 490 498 oiiopuio
500 423 555 480 Dei
570 427 830 496 reuocatumque
845 429 870 480 ei
885 438 913 482 ct
927 430 1019 482 sentiri
1034 428 1235 487 sturemare
1259 466 1260 472 =

586 508 661 552 terro
672 498 853 567 promittitur.

269 589 415 670 Egressus
430 609 500 669 ergo
507 587 650 676 Abraham
663 589 699 646 de
712 587 820 646 Charra
839 591 1052 668 septuagesimo
1066 592 1166 667 quinto
1180 610 1233 648 an·
1261 646 1262 664 ,

207 696 247 734 no
260 677 364 732 aetatis
379 693 464 745 suae,
491 675 648 730 centesimo
666 682 762 730 autem
780 674 998 752 quadragesimo
1017 684 1047 730 ct
1066 677 1170 750 quinto
1184 695 1234 750 pa-

206 762 261 817 tris
281 761 341 831 sui,
363 777 428 815 cum
440 755 515 813 Loth
527 755 588 812 filio
603 757 704 813 fratris
719 766 748 812 et
761 755 834 814 Sara
848 759 973 835 coniuge
986 759 1117 832 perrexit
1129 761 1162 814 in
1176 769 1233 814 ter-

206 864 271 902 ram
284 840 432 912 Chanaan,
447 851 476 897 et
488 843 621 916 pervenit
633 859 724 916 usque
737 840 774 897 ad
786 839 919 913 Sichem,
941 842 992 898 ubi
1004 861 1110 898 rursus
1123 845 1234 918 accepit

207 929 340 986 divinum
353 926 512 995 oraculum,
526 923 562 980 de
575 943 631 1000 quo
643 925 685 980 ita
698 926 836 998 scriptum
850 935 909 982 est:
922 924 964 982 Et
977 928 1123 1004 apparuit
1133 924 1235 982 Domi-

206 1028 261 1068 nus
274 1007 423 1078 Abrahae,
438 1019 468 1066 ct
480 1010 559 1066 dicit
572 1007 633 1064 iili:
645 1005 757 1065 Semini
770 1019 820 1064 tuo
834 1009 907 1066 doio
919 1012 1031 1065 terrum
1044 1007 1127 1065 hunc.
1153 1008 1234 1065 Nihil

207 1093 254 1152 hic
268 1093 303 1148 dc
315 1093 366 1148 illo
379 1094 490 1150 semine
502 1094 680 1166 promissum
692 1102 747 1164 est,
766 1093 797 1150 in
811 1111 866 1169 quo
880 1101 960 1167 pater
973 1091 1069 1150 factus
1083 1101 1125 1148 est
1136 1094 1233 1148 omni-

207 1197 257 1234 um
272 1177 417 1255 gentium:
438 1176 489 1232 sed
502 1175 537 1232 dc
548 1177 599 1232 itlo
613 1178 687 1248 solo,
701 1176 736 1232 de
749 1194 805 1252 quo
818 1185 900 1252 pater
915 1186 960 1232 est
972 1178 1044 1234 unio
1057 1174 1235 1234 lsrailiticae

208 1263 321 1344 gentis;
340 1257 444 1320 abhoc
458 1263 536 1318 enirn
550 1261 661 1318 semine
674 1269 753 1316 terra
766 1262 816 1316 illa
829 1279 963 1335 possessa
977 1270 1030 1316 cst.

582 1411 704 1470 CAP.
747 1409 860 1468 XIX.

207 1511 251 1566 De
263 1513 349 1566 Sorae
356 1511 492 1582 pudicitia
500 1510 530 1562 ire
540 1508 662 1580 Aegypto
674 1525 726 1578 per
735 1506 824 1560 Deum
841 1505 991 1570 custodita,
1010 1524 1088 1576 quom
1100 1507 1240 1562 Abrohom

399 1598 452 1634 nou
461 1596 571 1632 uxorem
581 1595 657 1631 suom
668 1595 722 1631 estc
733 1579 855 1641 dixerat,
866 1577 912 1628 ced
921 1593 1046 1629 sororem.

267 1687 383 1745 Deinde
396 1686 549 1743 aedificato
563 1686 605 1742 ibi
618 1687 714 1764 altari,
729 1696 758 1741 et
771 1687 907 1743 invocato
921 1683 997 1756 Deo,
1012 1684 1159 1744 Abraham
1171 1705 1240 1760 pro-

208 1775 304 1832 iectus
317 1781 363 1827 est
375 1771 459 1842 inde,
474 1779 504 1826 et
515 1768 658 1827 habitavit
673 1771 705 1825 in
719 1788 833 1841 cremo,
855 1778 942 1846 atque
955 1768 1025 1828 inde
1036 1771 1081 1826 ire
1094 1772 1126 1826 in
1139 1771 1240 1849 Aegy-

207 1854 386 1934 ptum-famis
400 1855 575 1911 necessitate
590 1855 753 1928 compulsus
765 1861 819 1909 est.
848 1851 904 1908 Vhi
920 1871 1042 1911 uxorem
1061 1872 1145 1912 suom
1166 1855 1242 1912 dixit

208 1957 351 2010 sororem,
364 1936 439 1996 nihil
450 1939 599 1994 mentitus.
621 1935 695 1994 Erat
708 1938 786 1994 enim
797 1945 826 1992 et
833 1933 910 2012 haec,
919 1938 986 2012 quia
998 1939 1164 2012 propinqua
1179 1949 1243 1996 erat

208 2024 366 2103 sanguine:
391 2024 470 2080 sicut
484 2023 570 2078 etiam
583 2019 658 2078 Loth
672 2019 771 2078 cadem
783 2021 1016 2096 propinquitate,
1039 2039 1128 2096 quum
1141 2021 1242 2080 fratris

209 2110 273 2166 eius
288 2116 366 2164 esset
377 2106 473 2178 filius,
497 2106 589 2162 frater
608 2107 670 2161 cius
689 2114 734 2161 est
747 2103 851 2162 dictus.
877 2103 978 2180 ltaque
997 2123 1119 2162 uxorem
1135 2108 1243 2177 tacuit,

208 2210 268 2250 non
281 2193 413 2270 negavit,
427 2191 561 2268 coniugis
574 2189 713 2246 tuendam
726 2187 897 2264 pudicitiam
909 2189 1092 2266 committens
1106 2188 1189 2258 Deo,
1214 2200 1243 2246 et

206 2274 349 2334 humanas
362 2274 484 2332 insidias
500 2291 606 2334 navens
620 2283 653 2330 ut
665 2270 767 2330 homo:
781 2273 919 2347 quoniam
933 2273 959 2328 si
971 2274 1133 2347 periculum
1147 2291 1241 2348 quan-

207 2370 269 2417 tum
283 2360 381 2415 caveri
393 2366 524 2433 poterat,
537 2375 598 2414 non
612 2364 745 2428 caveret,
763 2357 857 2433 magis
871 2364 1001 2412 tentaret
1013 2355 1127 2426 Deum,
1155 2375 1241 2432 quam

207 2451 338 2519 speraret
355 2443 387 2498 in
405 2440 511 2498 Deum.
545 2439 666 2517 Deque
685 2459 719 2496 re
739 2449 841 2496 contra
861 2441 1085 2498 calumniantem
1098 2439 1239 2496 Faustum

206 2525 410 2586 Manichoeum
423 2527 495 2582 satis
513 2525 652 2582 diximus.
690 2521 826 2598 Denique
839 2523 950 2580 iactum
963 2533 1023 2596 est,
1037 2524 1114 2599 quod
1127 2523 1164 2579 de
1178 2522 1241 2582 Do-

206 2613 287 2668 mino
301 2612 477 2685 praesumsit
490 2608 643 2667 Abraham.
670 2607 746 2666 Nam
758 2605 871 2664 Pharao
884 2625 939 2663 rex
951 2608 1094 2686 Aegypti,
1113 2609 1165 2682 qui
1179 2627 1245 2664 eam

206 2695 262 2752 sihi
275 2713 398 2753 uxorem
411 2703 578 2768 acceperet,
603 2694 737 2771 graviter
749 2690 874 2748 afflictus
888 2691 992 2748 marito
1006 2691 1140 2750 reddidit.
1185 2690 1244 2748 Vbi

207 2779 283 2836 absit
292 2788 326 2836 ut
337 2777 500 2846 credamur,
515 2778 611 2832 alieno
624 2777 781 2834 concubitu
794 2773 886 2832 fuisse
897 2775 1050 2848 pollutam:
1066 2777 1135 2850 quia
1148 2778 1244 2832 multo

207 2871 252 2918 est
266 2861 444 2931 credibilius,
458 2857 513 2916 hoc
525 2858 548 2915 P
587 2878 709 2916 raonem
722 2859 820 2916 iacere
836 2857 1038 2918 afflictionibus
1051 2861 1166 2938 magnis
1180 2878 1243 2916 non

206 2945 298 3002 fuisse
310 2945 489 3018 permissum.

594 3086 716 3144 CAP.
759 3086 846 3146 XX.

207 3179 249 3235 De
259 3182 402 3236 secessione
411 3182 484 3236 Loth
495 3192 522 3236 et
533 3183 673 3251 Abrahae,
693 3202 762 3254 quoe
781 3187 836 3240 illis
851 3189 926 3240 tolca
942 3187 1061 3240 caritate
1071 3184 1246 3253 complacuit.

267 3270 396 3330 Reverso
410 3275 502 3353 igitur
513 3274 658 3338 Abraham
669 3294 707 3333 cx
717 3277 850 3356 Aegypto
864 3279 896 3339 in
909 3280 1005 3334 locum
1017 3275 1095 3334 tunde
1107 3286 1247 3346 venerat,

149 3431 153 3440 .
205 3367 278 3416 tunc
292 3355 366 3414 Loth
380 3357 479 3416 fratris
493 3359 572 3417 filius
586 3360 687 3419 abillo
701 3363 733 3418 in
746 3371 855 3418 terram
868 3360 1076 3431 Sodomorum,
1096 3360 1181 3416 salva
1195 3377 1248 3416 ca-

205 3444 304 3514 ritate,
318 3441 462 3500 discessit.
489 3443 605 3502 Diuites
620 3446 728 3520 quippe
739 3443 810 3501 facti
824 3455 920 3517 erant,
932 3454 1121 3520 pastoresque
1133 3445 1249 3500 multos

204 3545 345 3602 pecorum
357 3524 463 3584 hahere
479 3538 647 3603 coeperant,
662 3529 766 3603 quihus
780 3529 858 3586 inter
872 3548 904 3588 se
917 3528 1092 3600 rixantibus,
1108 3545 1142 3583 eo
1157 3526 1249 3584 modo

205 3608 384 3667 familiarum
398 3629 515 3669 suarum
528 3631 691 3690 pugnacem
708 3611 884 3670 discordiam
902 3615 1080 3670 vitaverunt.
1123 3608 1248 3666 Poterat

208 3693 314 3766 quippe
326 3692 407 3766 hinc,
422 3704 456 3751 ut
469 3705 538 3752 sunt
548 3694 684 3765 humana,
699 3697 786 3752 etiam
799 3697 878 3752 inter
890 3698 969 3771 ipsos
983 3695 1080 3768 aliqua
1091 3694 1160 3750 rixa
1173 3711 1249 3750 con·

209 3791 342 3850 surgere.
369 3775 499 3834 Proinde
516 3777 571 3836 hoe
591 3780 698 3835 malum
710 3781 913 3852 praecaventis
926 3775 1059 3836 Abrahae
1078 3775 1168 3832 verba
1190 3778 1251 3834 ista

209 3855 330 3912 suntad
345 3855 435 3916 Loth:
461 3857 525 3918 Nou
543 3863 672 3920 sitrico
691 3862 771 3920 inter
788 3881 833 3918 me
854 3873 884 3919 et
897 3873 943 3933 te,
966 3872 994 3920 ct
1011 3863 1089 3916 inter
1100 3871 1251 3937 pastores
