2592 4396
250 185 312 245 DE
341 185 555 246 CIVITATE
582 187 662 248 DEI
685 191 766 251 LIB.
786 193 865 255 XII
1006 204 1063 261 381

24 339 163 417 Angelis
181 339 215 395 in
234 348 353 397 aeterna
369 357 441 415 pace
460 340 643 415 sociandum,
669 345 828 403 novissima
845 350 964 408 inimica
975 364 1067 411 morte
1084 403 1086 408 .

25 424 205 480 destructa:
232 424 281 479 cui
300 425 406 499 populo
424 434 502 482 esset
518 423 602 484 huius
621 429 666 483 rei
688 429 883 487 consideratio
905 435 1068 509 profutura,

26 507 111 582 quod
125 523 169 562 ex
182 524 244 562 uno
257 504 373 564 homine
386 507 465 564 Deus
480 509 517 564 ad
530 511 784 569 commendandum
796 513 971 588 hominibus,
985 511 1067 594 q'uam

26 593 51 646 ei
79 599 177 669 grata
201 591 241 646 sit
264 592 350 647 etiam
371 593 402 648 in
420 592 551 666 pluribus
572 596 684 666 unitas,
707 615 801 674 genus
819 598 996 658 instituisset
1012 599 1067 658 hu·

25 693 163 732 manum.

391 791 511 851 CAP.
553 792 717 853 XXIII.

143 871 193 925 De
203 881 305 924 natura
315 871 446 925 damonae
456 874 561 926 auinaue
571 885 680 930 creatae
690 878 728 929 ad
734 875 878 950 imaginem
887 880 952 937 Dei.

90 964 184 1022 Fecit
205 981 277 1040 ergo
294 961 375 1019 Deus
392 961 537 1020 hominem
549 964 586 1022 ad
598 968 755 1046 imaginem
779 968 823 1048 [et
835 969 1066 1049 similitudinem]

23 1069 123 1108 suam.
163 1045 268 1102 Talem
281 1049 384 1122 quippe
396 1049 441 1104 illi
455 1049 581 1106 animam
594 1054 715 1124 creavit,
731 1071 789 1128 qua
800 1073 853 1128 per
865 1057 1009 1113 radonem
1022 1067 1067 1115 at·

23 1155 82 1212 que
98 1131 333 1208 intelligentiam
346 1131 479 1186 omnibus
493 1142 571 1188 esset
582 1138 777 1208 praestantior
789 1138 961 1194 animalibus
974 1149 1068 1197 terre·

23 1219 141 1275 stribus
162 1223 193 1269 ιι
212 1214 381 1269 natatilibus
402 1223 431 1270 et
449 1216 633 1288 volatilibus,
661 1237 736 1292 quae
753 1228 882 1275 mentem
905 1219 1068 1282 huiusmodi

23 1322 89 1358 non
104 1298 261 1354 haberent.
303 1296 343 1354 Et
368 1317 435 1353 cum
460 1300 556 1355 virum
576 1307 692 1356 terreno
711 1301 866 1358 formasset
882 1320 920 1359 cx
938 1307 1068 1379 pulvere,

21 1389 119 1459 cique
132 1383 258 1438 animam
272 1383 386 1455 qualem
398 1380 476 1454 dixi,
498 1383 561 1438 sive
575 1401 660 1458 quam
674 1385 733 1440 iam
745 1386 855 1442 lecerat
867 1385 1007 1444 sufflando
1021 1389 1068 1446 in-

19 1468 170 1536 didisset,
185 1465 243 1520 sive
253 1466 349 1539 potIus
363 1463 503 1522 sufflando
517 1466 645 1536 lecisset,
660 1487 783 1546 eumque
794 1468 895 1526 ilatum
907 1489 993 1546 quem
1006 1471 1068 1528 sul-

20 1550 130 1608 llando
144 1548 232 1620 feeit,
244 1589 246 1596 ·
256 1544 337 1626 (nam
350 1548 418 1626 quid
432 1559 476 1606 cst
489 1549 569 1606 aliud
583 1550 711 1624 sufflare,¹
724 1572 809 1629 quem
821 1551 922 1610 ilatum
934 1551 1067 1633 facerei)

18 1639 157 1693 animam
172 1629 300 1688 hominis
315 1651 378 1688 esse
389 1635 545 1706 voluisset,
571 1635 659 1691 etiam
677 1638 832 1717 coniugem
849 1639 893 1694 illi
909 1639 941 1695 in
954 1637 1067 1696 adiuto-

18 1723 105 1776 rium
118 1716 286 1796 generandi
300 1734 337 1772 ex
350 1719 411 1773 eius
424 1720 516 1774 latere
529 1737 595 1776 osae
609 1718 741 1778 detracto
754 1722 835 1794 iecit,
848 1731 882 1779 ut
893 1720 983 1779 Deus.
1007 1722 1067 1781 Ne-

19 1824 82 1881 que
97 1803 184 1858 enim
196 1799 270 1856 haec
284 1803 394 1858 carnali
408 1803 618 1859 consuetudine
632 1806 790 1883 cogitanda
802 1815 889 1879 sunt,
917 1815 951 1863 ut
968 1807 1067 1864 videre

18 1891 155 1946 solemus
180 1884 300 1960 opifices
324 1903 362 1940 ex
383 1887 503 1942 materia
526 1905 700 1963 quacunque
726 1899 844 1946 terreno
869 1891 1067 1965 corporalibus

17 1972 178 2042 membris,
207 1967 286 2045 qnod
298 1969 370 2024 ortis
384 1969 527 2026 industria
539 1974 708 2045 potuerint,
733 1972 920 2029 fabricantes.
962 1974 1066 2032 Manus

16 2057 77 2114 Dei
90 2054 235 2130 potentia
248 2051 306 2108 Dei
319 2061 380 2124 est,
404 2054 454 2128 qui
472 2055 560 2108 etiam
576 2055 703 2112 visibilia
720 2057 907 2112 invisibiliter
921 2066 1053 2132 operatus

18 2140 80 2198 Sed
94 2137 175 2194 haec
188 2135 320 2192 fabulosa
331 2137 429 2211 potius
444 2155 530 2212 quam
542 2155 613 2193 vcra
627 2156 691 2193 esse
705 2139 896 2210 arbitrantur,
911 2140 961 2215 qui
972 2141 1065 2198 virtu-

16 2235 81 2281 tem
97 2242 135 2278 ac
149 2221 326 2296 sapientiam
338 2219 411 2290 Dei,
432 2238 489 2294 qua
506 2222 590 2277 novit
609 2230 638 2276 et
655 2231 753 2297 potest
767 2224 855 2279 ctiam
868 2224 932 2278 sine
946 2225 1065 2280 semini-

16 2310 77 2364 bus
94 2307 162 2381 ipsa
176 2313 257 2360 certe
269 2303 366 2360 Iacere
380 2305 506 2374 semina,
531 2323 568 2359 cx
583 2302 628 2360 his
643 2307 759 2362 usitatis
773 2317 802 2363 et
814 2306 990 2383 quotidianis
1004 2327 1063 2364 me·

16 2395 143 2448 tiuntur
157 2387 309 2463 operibus;
324 2407 439 2444 cavero
453 2406 527 2464 quae
538 2389 672 2463 primitus
686 2392 821 2447 instituta
835 2401 914 2462 sunt,
929 2393 1065 2466 quoniam

15 2493 80 2534 non
96 2481 268 2544 noverunt,
295 2471 451 2528 infideliter
469 2473 614 2548 cogitant:
641 2473 731 2538 Quasi
748 2492 808 2529 non
826 2471 898 2528 haec
917 2476 980 2548 ipsa
992 2492 1065 2548 quae

17 2565 181 2616 noverunt
206 2554 243 2611 do
267 2553 401 2612 humanis
428 2554 615 2627 conceptibus
641 2564 729 2629 atquo
747 2555 902 2629 partubus,
928 2557 954 2610 si
979 2558 1065 2610 inex-

13 2645 117 2719 pertis
143 2649 356 2712 narrarentur,
388 2636 607 2696 incredibiliora
627 2635 810 2694 vidercntur:
838 2639 970 2712 quamvis
989 2647 1018 2693 ot
1032 2657 1066 2694 ea

13 2730 86 2801 ipsa
100 2725 239 2801 plerique
248 2725 342 2802 magis
356 2732 479 2779 naturae
496 2719 696 2795 corporalibus
711 2721 818 2793 causis,
832 2739 917 2796 quam
931 2721 1064 2797 operibus

12 2811 148 2867 divinae
160 2809 268 2864 mentis
281 2809 441 2886 assignent.

390 2923 512 2982 CAP.
554 2919 706 2981 XXIV.

83 3023 132 3077 Aa
141 3023 225 3076 ullius
234 3023 278 3076 cel
286 3020 411 3074 minimae
422 3030 564 3074 creaturae
570 3030 684 3090 possunt
695 3019 851 3102 diciaassgeli
860 3030 1005 3076 creatores.

88 3114 153 3173 Sed
168 3133 236 3170 cum
248 3111 293 3168 his
307 3113 420 3167 nullum
432 3113 516 3168 nobis
529 3121 574 3168 ιιι
586 3110 675 3168 inhio
686 3111 768 3168 libris
782 3116 942 3192 negotium,
957 3116 1007 3191 qui
1019 3113 1065 3171 di·

12 3205 128 3260 vinam
146 3207 277 3255 mentem
294 3195 391 3252 lacero
409 3197 457 3253 vel
475 3215 578 3252 curare
596 3197 653 3252 ista
670 3215 730 3254 non
748 3197 878 3254 creduut.
901 3197 948 3254 Illi
969 3207 1065 3255 autem

13 3289 75 3362 qui
89 3283 215 3340 Platoni
228 3297 282 3336 suo
295 3279 434 3352 credunt,
455 3298 516 3335 non
528 3279 564 3335 ab
577 3281 629 3337 illo
643 3298 754 3336 summo
762 3279 833 3346 Deo
846 3283 897 3355 qui
909 3282 1066 3338 fabricatus

13 3379 72 3427 cst
84 3366 242 3436 mundum,
256 3363 309 3420 sed
322 3365 357 3421 ab
370 3365 436 3421 aliis
445 3363 618 3435 minoribus,
632 3382 703 3438 quos
714 3362 830 3437 quidem
839 3365 901 3437 ipse
912 3367 1065 3436 creaverit,

9 3452 176 3530 permissu
195 3451 259 3506 sive
278 3447 359 3504 iussu
378 3449 440 3503 eius
459 3447 596 3502 animalia
616 3446 694 3503 saeta
717 3463 780 3500 esse
799 3455 906 3502 cuncta
922 3448 1066 3517 mortalia,

15 3542 55 3594 in
77 3536 191 3612 quibus
209 3531 296 3588 homo
314 3533 502 3607 praecipuum
519 3527 630 3605 diisque
642 3532 713 3605 ipsis
726 3538 883 3606 cognatum
895 3537 1011 3584 teneret
1023 3529 1067 3583 lo·

11 3634 115 3692 cum3
135 3620 163 3673 si
178 3618 386 3691 superstitione
400 3622 529 3683 careant,
544 3629 601 3686 qua
614 3621 758 3689 quaerunt
768 3610 845 3667 unde
858 3612 934 3666 iuste
946 3609 1067 3666 videan-

11 3718 74 3760 tur
90 3719 183 3758 sacro
196 3709 227 3756 et
239 3700 383 3756 sacrificia
395 3699 494 3755 facere
507 3697 590 3771 quasi
603 3695 799 3754 conditoribus
813 3696 892 3766 suis,
919 3693 1004 3749 facilc
1019 3713 1067 3750 ca-

9 3790 142 3847 rebunt
156 3786 247 3841 etiam
258 3782 343 3840 huius
356 3783 501 3858 opinionis
516 3797 623 3836 errore.
656 3780 758 3854 Neque
771 3779 849 3834 enim
860 3778 905 3834 fos
921 3787 967 3834 ιιι
979 3781 1068 3835 ullius

10 3883 159 3931 naturae
185 3868 342 3946 quamlibet
359 3869 496 3924 minime
515 3865 704 3940 mortalisque
722 3871 880 3922 creatorem
898 3864 956 3921 nisi
974 3861 1069 3920 Deum
