2530 4392
175 194 268 268 ‘uua
437 199 537 259 utut
558 197 746 258 Avnuuu
767 196 1016 255 uvcvsuuu

210 355 402 420 transeundo.
421 354 460 414 Et
472 353 538 410 ideo
554 371 619 410 cum
633 351 694 409 dies
708 352 840 422 venerit,
854 368 911 425 quo
925 348 977 406 fiat
989 359 1019 405 et
1031 369 1184 425 corporum
1194 370 1227 408 re·

208 444 368 512 surrectio,
382 458 443 498 uon
458 437 598 495 advitam
610 437 645 494 de
658 435 855 492 monumentis
867 433 1041 509 procedent,
1056 433 1111 490 sed
1123 434 1159 491 ud
1170 436 1227 492 iudi·

208 531 302 600 cium3
328 524 365 581 ad
387 523 606 579 damnationem
629 521 758 590 scilicet,
786 536 860 593 quac
882 516 1009 598 secunda
1027 536 1111 574 mors
1133 518 1227 575 dicitu.

208 612 313 669 Donec
327 610 406 665 enim
418 607 560 663 finiantur
573 606 654 661 mille
667 603 750 672 unni,
764 603 931 677 quicunque
942 619 1002 657 non
1013 602 1139 675 vixerit,
1152 603 1227 674 idest,

209 697 265 751 isto
284 702 347 750 toto
366 701 496 765 ternpore
514 707 571 764 quo
591 690 690 766 agitur
708 687 802 760 prime
818 686 1013 757 resurrectio,
1039 705 1103 752 non
1127 687 1228 743 audierit

209 797 314 836 vocem
326 776 395 832 Filii
408 773 484 845 Dei,
499 773 577 829 etad
590 773 681 828 vitam
695 769 731 825 dc
744 778 838 824 morte
851 787 912 824 non
925 770 1097 842 transierit3
1122 769 1228 845 proiecto

210 863 242 918 in
257 858 384 917 secunda
396 857 624 927 resurrectione,
639 872 712 930 quae
726 853 822 908 carnis
838 861 891 923 cst,
905 853 1081 910 in-ntortem
1095 853 1228 910 secundm

211 963 276 1002 curu
288 945 351 1018 ipso
365 959 454 998 carne
468 939 616 996 transibit.
636 937 777 1012 Sequitur
791 937 885 1006 enim,
900 944 930 990 ct
941 935 1026 993 dicit:
1050 935 1141 996 Haec
1152 955 1229 994 retur·

209 1028 305 1084 rectio
320 1027 426 1102 primu
449 1035 504 1082 est.
542 1021 657 1082 Beatus
674 1032 702 1078 ct
717 1029 840 1076 sanctus
858 1021 909 1096 qui
923 1017 1011 1077 luctet
1026 1023 1059 1077 e'u
1078 1020 1137 1078 leuc
1149 1023 1229 1099 princ

210 1111 430 1168 resurrectione
436 1118 574 1186 portem,
588 1106 619 1160 id
632 1114 688 1175 cst,
702 1105 847 1178 particeps
861 1104 922 1158 eius
937 1113 989 1158 est.
1016 1103 1086 1179 lpse
1100 1116 1144 1161 est
1156 1113 1231 1160 auten

210 1194 356 1269 particeps
382 1193 457 1248 eius:
483 1193 610 1266 quinon
629 1189 723 1245 solum
741 1206 759 1243 a
777 1196 888 1256 morte,
916 1205 991 1261 quae
1005 1189 1037 1243 in
1050 1190 1178 1263 peccatis
1190 1197 1230 1254 cst,

210 1277 379 1348 reviviscit,
406 1293 508 1332 verum
522 1275 611 1330 ctiam
623 1275 655 1329 in
669 1291 704 1328 co
717 1269 797 1346 quod
810 1272 970 1342 revixerit,
997 1274 1187 1346 permanebit.
1206 1266 1229 1326 iu

212 1363 295 1431 istic,
314 1361 426 1434 inquit,
449 1359 579 1416 secunde
591 1374 668 1414 moro
682 1373 739 1412 nou
752 1352 841 1412 laudet
853 1363 1048 1431 potestatem.
1097 1355 1187 1414 Habet
1198 1371 1229 1408 er-

178 1507 187 1519 .
213 1463 251 1523 go
265 1445 297 1499 in
309 1444 447 1518 reliquis,
474 1441 509 1496 de
524 1442 626 1516 quibus
641 1440 774 1514 stuperiu
787 1437 843 1508 uit,
870 1435 990 1514 Reliqui
1014 1458 1119 1496 eorum
1136 1458 1187 1496 aaa
1201 1439 1229 1494 oi

213 1536 336 1596 uerunt,
360 1527 450 1583 donec
458 1523 615 1596 finiuntur
626 1523 707 1580 mille
722 1523 811 1578 aunt:
838 1523 976 1596 quoniam
989 1523 1048 1579 isto
1064 1533 1131 1580 toto
1144 1533 1230 1595 tempu

213 1612 252 1666 ria
266 1610 437 1678 intervallo,
464 1606 541 1682 quod
553 1609 634 1662 mille
648 1623 741 1662 annos
755 1614 857 1678 vocat,
883 1613 1146 1683 quantumcunque
1167 1607 1194 1660 in
1209 1622 1230 1658 eo

213 1693 335 1766 quisque
350 1709 451 1746 eorum
470 1691 548 1746 vixit
567 1691 599 1746 in
618 1708 756 1764 corpore,
783 1707 843 1745 non
856 1689 967 1744 revixit
980 1707 998 1745 a
1011 1700 1128 1761 morte,
1154 1692 1230 1762 inqu

214 1793 280 1830 eum
297 1773 416 1828 tenebat
435 1774 585 1845 impietas,
612 1782 647 1828 ut
660 1775 703 1828 sic
716 1771 921 1828 reviviscendo
934 1773 1045 1846 primae
1058 1774 1229 1830 resurrectio

214 1859 259 1912 nis
277 1857 422 1930 particeps
442 1855 527 1912 fieret
547 1865 634 1931 atque
655 1857 686 1912 in
706 1874 740 1912 eo
757 1864 936 1928 potestatem
955 1856 1088 1914 secunda
1102 1876 1177 1915 mors
1188 1873 1229 1912 uon

213 1939 341 1996 haberet.

628 2091 751 2148 CAP.
793 2090 834 2148 X.

215 2187 288 2252 Quid
301 2189 511 2256 respondendum
527 2189 564 2242 sit
579 2188 630 2251 eis,
651 2188 699 2256 qui
709 2198 826 2256 putant,
845 2189 1069 2243 resurrectionem
1082 2192 1122 2244 ad
1134 2192 1230 2242 coiacu-

443 2275 530 2326 poro,
546 2275 600 2312 uon
611 2257 692 2310 etiam
704 2259 740 2310 ad
748 2259 854 2312 uuituao
866 2259 1014 2328 pertinere.

279 2361 357 2418 Sunt
370 2364 421 2437 qui
434 2373 551 2438 putant,
564 2365 814 2421 resurrectionem
827 2364 887 2422 dici
899 2384 959 2422 non
973 2384 1059 2439 posse
1075 2369 1137 2423 nisi
1150 2383 1230 2439 corpo

211 2465 291 2504 rum:
310 2444 432 2521 ideoque
446 2448 533 2504 istam
546 2466 662 2524 quoquc
675 2449 707 2503 in
721 2447 889 2523 corporibus
902 2450 1025 2522 primam
1039 2445 1173 2507 'suturam
1185 2465 1230 2504 esu

212 2527 401 2586 contendunt.
424 2532 570 2610 ¹Quorum
584 2533 663 2587 enim
677 2539 737 2602 est,
763 2532 917 2606 inquiunt,
942 2533 1063 2604 cadere,
1094 2552 1191 2591 eorum
1201 2543 1230 2586 eu

213 2631 377 2692 resurgere.
405 2613 520 2672 Cadunt
533 2624 630 2671 autem
644 2633 766 2688 corpora
778 2615 947 2671 moriendo:
962 2633 1031 2671 nam
1045 2627 1076 2672 et
1088 2635 1109 2674 a
1122 2613 1230 2674 cadendo

212 2696 355 2754 cadavera
368 2707 587 2773 nuncupantur.
626 2697 694 2754 Non
708 2715 779 2776 ergo
794 2699 971 2770 animarum,
985 2701 1140 2776 inquiunt,
1153 2716 1229 2757 resur·

211 2782 304 2836 rectio
315 2789 413 2855 potest
427 2799 508 2853 csse,
535 2781 588 2837 sed
605 2799 768 2854 corporum.
809 2779 868 2838 Sed
882 2783 950 2857 quid
964 2792 1066 2839 contra
1081 2785 1229 2860 Apostolus

212 2863 327 2932 dicunt,
354 2865 405 2940 qui
419 2882 482 2920 eam
495 2867 743 2922 resurrectionem
757 2861 900 2940 appellati
937 2863 1011 2922 Nam
1025 2868 1186 2926 secundum
1197 2867 1228 2920 in-

211 2947 367 3016 teriorem,
394 2964 454 3002 non
468 2947 630 3004 secundum
644 2950 821 3004 exteriorem
839 2947 985 3006 homiuem
998 2952 1103 3026 utique
1115 2965 1228 3008 resurre-

210 3036 333 3098 xerunt,
360 3027 464 3102 quibus
482 3031 538 3087 ait:
565 3029 602 3088 St
618 3034 831 3090 resurrexistis
851 3051 914 3088 cum
931 3031 1065 3104 Christo,
1094 3051 1229 3112 puuctu-

209 3127 272 3166 sam
286 3113 477 3189 suutsupe'te.
506 3115 600 3181 Quem
609 3133 728 3171 sensum
738 3116 835 3172 verbis
847 3117 912 3172 aliis
926 3117 996 3172 aiibi
1007 3120 1119 3191 posuit,
1132 3117 1227 3172 dicens:

212 3191 250 3249 Vt
263 3197 500 3271 quemadmodum
517 3196 654 3256 Christus
668 3217 688 3255 u
706 3200 831 3256 mortuis
851 3201 1023 3256 resurrexit
1037 3217 1100 3277 per
1118 3201 1227 3276 glorios

206 3275 328 3349 Putris,
342 3281 386 3337 sic
400 3289 429 3336 et
443 3297 495 3338 uos
509 3284 540 3338 iu
554 3284 688 3340 nouitate
700 3285 786 3340 vitoe
799 3281 984 3340 ambulemus.
1015 3281 1096 3340 Hinc
1109 3295 1153 3338 est
1167 3280 1227 3336 etii·

207 3359 269 3417 lud:
296 3359 393 3440 Surge
412 3365 464 3439 qut'
477 3366 603 3437 dormit,
630 3375 660 3422 et
673 3382 801 3444 exsurge
815 3368 987 3436 amortuis,
1013 3376 1044 3423 et
1066 3362 1227 3424 illuminati!

207 3454 237 3501 te
253 3443 400 3503 curtetur.
428 3447 514 3513 Quod
527 3457 624 3504 autem
636 3447 756 3520 dicunt,
771 3467 831 3506 non
844 3468 930 3525 posse
942 3467 1108 3527 resurgere,
1122 3449 1177 3506 nisi
1189 3443 1226 3519 qui

208 3527 330 3600 cadunt3
358 3539 388 3585 et
400 3528 467 3586 idco
480 3541 587 3605 putant
599 3533 846 3589 resurrectionem
860 3533 896 3590 ad
910 3551 1041 3608 corpore,
1055 3552 1115 3590 nou
1129 3530 1165 3588 ad
1176 3529 1225 3584 ani·

207 3627 268 3665 mas
291 3614 455 3684 pertinere,
485 3616 554 3688 quia
576 3633 727 3689 corporum
749 3626 796 3672 cst
819 3615 936 3674 cadere:
961 3635 1013 3672 cur
1030 3635 1089 3673 non
1109 3614 1225 3674 andiunt

206 3688 271 3746 Nou
284 3695 435 3751 recedatis
448 3697 484 3754 ud
501 3697 568 3768 illo,
587 3717 623 3755 ae
636 3699 772 3756 cadatis:
785 3708 825 3771 et,
839 3697 898 3756 Suo
912 3699 1036 3757 Domino
1050 3709 1114 3756 stat
1123 3707 1175 3754 aut
1187 3711 1225 3748 ts·

206 3772 269 3868 dit:
289 3783 335 3868 ft,
352 3775 514 3855 Qutputet
526 3797 558 3838 se
570 3791 668 3851 stare,
681 3783 783 3839 uideat
797 3801 833 3840 ue
845 3782 958 3840 cudat?
985 3781 1060 3840 Puto
1074 3783 1150 3838 eninr
1163 3771 1225 3852 quod

205 3871 237 3908 ιιι
249 3871 356 3926 amma,
372 3875 430 3913 uon
445 3863 475 3916 in
492 3881 615 3938 corpore
629 3881 712 3920 casus
727 3867 783 3920 iste
797 3867 944 3923 cavendus
959 3876 1012 3922 cst.
1039 3865 1072 3924 si
1084 3867 1174 3942 igitur
1185 3875 1223 3913 ce·
