2602 4416
527 461 672 521 D1v1

241 607 531 684 AVRELII
571 611 950 690 AVGVSTINI

437 771 496 836 IN
534 773 757 838 LIBROS

75 926 199 1026 DE
284 923 847 1034 GJ'VITATE
931 931 1116 1032 DEI

350 1149 401 1190 EX
442 1149 594 1206 IPSUIS
634 1153 839 1196 avroals

168 1281 601 1342 RETRACTATIONVM
632 1286 767 1344 LIBRO
802 1287 1021 1346 SECVNDO

415 1429 774 1484 ARGVMEN'I'VM.

513 1594 688 1605 m

81 1705 200 1786 Interea
214 1721 309 1778 Roma
324 1719 491 1777 Gothorum
503 1721 690 1794 irruptione,
720 1723 874 1800 agentium
889 1724 943 1781 sub
957 1742 1029 1801 rege
1047 1724 1116 1782 Aia-

84 1808 159 1877 rico,
185 1814 276 1880 atque
290 1806 400 1877 impetu
415 1822 542 1882 magnae
561 1803 651 1858 eladis
677 1823 781 1862 eversa
796 1814 854 1862 est:
882 1809 967 1864 cuius
983 1810 1115 1864 eversio-

84 1909 148 1945 nem
166 1888 294 1944 deorum
320 1888 464 1944 falsorum
489 1889 713 1963 multorumque
732 1889 883 1960 cultores,
918 1908 991 1966 quos
1005 1892 1116 1946 usitato

83 1974 198 2028 nomine
210 1970 350 2048 Paganos
364 1989 526 2042 vocamus,
552 1971 585 2026 in
601 1968 799 2028 Christianam
811 1973 990 2051 religionem
1002 1974 1116 2030 referre

83 2064 234 2126 conantes,
260 2055 350 2109 solito
364 2054 500 2110 acerbius
529 2063 559 2109 et
584 2056 713 2110 amarius
740 2054 838 2112 Deum
862 2075 966 2112 verum
980 2055 1115 2129 blasphe-

81 2157 155 2194 mare
168 2145 343 2210 coeperunt.
380 2134 463 2193 Vnde
478 2156 533 2215 ego
548 2136 745 2194 exardescens
760 2140 824 2193 zelo
839 2137 942 2195 domus
961 2137 1044 2195 DEI
1063 2139 1116 2196 ad-

80 2240 179 2277 versus
194 2239 299 2276 corum
311 2217 517 2294 blasphemias,
533 2223 582 2278 vel
596 2239 725 2291 errores,
744 2221 835 2277 libros
849 2220 885 2278 de
909 2221 1040 2279 Ciuitate
1055 2220 1118 2280 Dei

81 2306 204 2360 scribere
225 2304 356 2358 institui.
418 2303 504 2369 Quod
520 2321 594 2377 opus
612 2321 666 2376 per
686 2305 800 2380 aliquot
820 2323 915 2360 annos
935 2323 981 2360 me
1006 2308 1115 2376 tenuit,

82 2406 112 2442 co
127 2386 204 2462 quod
218 2387 278 2441 alia
291 2389 386 2442 multa
404 2387 662 2458 intercurrebant,
690 2405 765 2462 quae
779 2384 897 2443 differre
912 2406 973 2444 non
996 2397 1115 2461 oporte·

80 2480 138 2542 ret,
160 2479 190 2525 et
206 2489 253 2525 me
273 2471 356 2542 prius
375 2469 412 2524 ad
433 2468 607 2526 solvendum
634 2471 827 2544 occupabant.
871 2469 938 2528 Hoc
954 2479 1053 2527 autern
1079 2473 1116 2528 de

83 2552 208 2610 Ciuitate
225 2551 289 2609 Dei
310 2551 425 2629 grande
452 2570 525 2626 opus
557 2551 677 2608 tandem
694 2551 941 2630 vigintiduobus
960 2553 1044 2608 libris
1070 2562 1116 2608 est

82 2638 277 2692 terminatum.
324 2635 458 2701 Quorum
479 2637 610 2711 quinque
621 2636 710 2706 primi
736 2653 787 2689 eos
807 2635 960 2706 refellunt,
987 2635 1039 2708 qui
1066 2652 1114 2689 res
1147 2639 1151 2646 “

82 2715 220 2773 humanas
232 2719 275 2772 ita
291 2720 462 2791 prosperari
479 2719 602 2787 volunt,
630 2725 665 2772 ut
679 2715 717 2771 ad
734 2715 791 2772 hoc
810 2717 972 2772 multorum
991 2715 1115 2772 deorum

85 2801 207 2873 cultum,
233 2818 307 2876 quos
320 2799 435 2878 Pagani
448 2803 546 2857 colere
560 2808 800 2873 consueverunt,
824 2801 1027 2856 necessarium
1049 2817 1115 2856 esse
1172 2833 1174 2838 ·

82 2884 276 2956 arbitrentur;
304 2885 416 2959 etquis
429 2882 614 2957 prohibetur,
632 2885 709 2940 mala
722 2884 780 2940 ista
795 2883 908 2939 exoriri
919 2892 1008 2959 atque
1019 2882 1114 2940 abuu-

81 2965 146 3022 dare
156 2966 352 3024 contendunt.
396 2965 565 3043 Sequentes
584 2975 687 3024 autern
701 2968 833 3042 quinque
847 2965 989 3022 adversus
1004 2984 1055 3022 eos
1068 2968 1113 3022 lo-

80 3059 220 3122 quuntur,
243 3052 295 3125 qui
307 3050 442 3107 fatentur
454 3049 527 3106 haec
539 3051 636 3122 mala,
658 3069 714 3106 nec
736 3049 868 3106 defuisse
882 3067 1029 3124 unquam,
1058 3067 1113 3104 nec

80 3131 215 3189 defutura
228 3133 420 3204 mortalibus,
447 3143 477 3189 et
500 3151 534 3188 ca
549 3152 631 3190 nune
645 3151 769 3210 magua,
792 3151 873 3190 nune
894 3150 1003 3205 parva,
1023 3133 1113 3200 iocis,

79 3217 275 3289 temporibus,
298 3217 496 3292 personisque
509 3217 634 3272 variari:
655 3215 707 3272 sed
727 3214 850 3271 deorum
869 3217 1030 3272 multorum
1050 3215 1113 3269 cul-

78 3309 148 3371 tum,
171 3317 231 3375 quo
256 3301 299 3355 eis
320 3299 523 3371 sacrificatur,
545 3306 666 3372 propter
688 3299 780 3356 vitam
801 3307 1012 3372 postmortem
1030 3296 1113 3352 futu·

79 3400 150 3453 ram,
165 3401 231 3438 esse
245 3384 350 3438 utilem
363 3381 526 3456 disputant.
574 3381 630 3438 His
645 3400 717 3460 ergo
734 3381 834 3438 decem
845 3382 929 3437 libris
948 3379 1023 3436 duae
1036 3381 1112 3434 istac

77 3483 167 3520 vanae
178 3466 337 3538 opiniones
356 3463 541 3522 Christianae
554 3466 710 3542 religionis
724 3464 912 3522 adversariae
924 3463 1112 3519 refelluntur.

139 3547 195 3604 Sed
217 3549 424 3624 nequisquam
441 3567 496 3605 nos
516 3550 614 3604 aliena
624 3557 741 3605 tantum
754 3548 958 3626 redarguisse,
982 3563 1044 3600 non
1058 3561 1112 3599 au-

76 3639 244 3687 temnostra
260 3633 438 3703 asseruisse,
452 3630 692 3706 reprehenderet,
706 3630 737 3686 id
747 3632 811 3708 agit
823 3649 891 3704 pars
906 3631 999 3683 altera
1013 3628 1111 3700 operis

75 3711 174 3786 huius,
190 3731 268 3788 quae
282 3711 438 3769 duodecim
450 3715 533 3771 libris
548 3715 729 3770 continetur.
770 3713 956 3787 Quanquam,
971 3710 1022 3766 ubi
1036 3726 1111 3786 opus
1162 3719 1177 3728 ‘

75 3805 136 3868 est,
162 3798 244 3852 etin
267 3796 417 3870 prioribus
431 3796 532 3854 decem
559 3814 635 3872 quac
661 3805 764 3852 nostra
785 3805 857 3850 sunt
877 3809 1060 3863 asseramus,
1085 3799 1114 3844 et

836 3877 863 3932 Α
