2530 4392
203 212 264 269 soa
329 271 341 281 ,
434 182 1026 263 urvrsvuuuusvcvsrruu

203 363 356 421 coelorum.
399 359 466 414 Alio
485 353 571 414 inodo
588 359 682 436 igitur
700 355 923 435 intelligendum
942 366 986 413 cst
1007 375 1137 436 regnum
1150 363 1234 420 coelo·

202 465 278 516 rum,
292 445 342 500 ubi
356 443 440 500 ambo
453 451 532 514 sunt,
546 453 577 498 ct
589 443 638 498 ille
654 442 769 498 scilicet
781 442 833 518 qui
846 442 934 498 solvit
947 440 1025 517 quosl
1038 442 1143 515 docet,
1157 453 1187 501 ct
1198 447 1235 501 ills

204 530 254 606 qui
267 528 353 599 facit3
382 525 434 582 sed
446 527 497 582 ille
509 527 664 596 minimus,
680 527 734 582 iste
747 541 886 602 magnus:
914 527 971 582 alio
985 525 1073 581 modo
1088 536 1234 585 autemre·

205 630 297 692 gnum
311 613 458 668 coelorum
472 607 595 682 licien,
623 623 680 685 quo
694 627 755 688 non
769 610 860 666 intrat
874 611 932 665 nisi
945 611 995 665 illc
1009 611 1061 684 qui
1079 610 1164 667 iacit.
1204 613 1235 669 Ac

204 715 256 773 per
268 695 323 752 boc
335 695 386 751 ubi
397 703 553 770 utrumque
567 711 661 772 genus
676 703 735 764 est,
748 691 882 750 Ecclesia
896 703 957 764 est,
983 695 1080 768 qualis
1095 713 1178 752 nunc
1188 707 1235 753 cst:

205 782 255 837 ubi
268 790 367 838 autem
379 778 453 838 illud
466 780 562 835 solum
575 779 647 849 erit,
660 776 793 834 Ecclesia
806 786 862 848 est,
874 779 968 852 qualis
982 786 1055 833 tunc
1070 780 1141 850 erit,
1156 799 1235 855 qusn-

205 864 242 920 do
256 866 349 920 malus
363 865 395 919 in
415 880 449 919 cs
468 880 529 919 non
551 864 616 918 erit.
660 859 741 940 Ergo
753 859 887 916 Ecclesia
907 870 937 916 ct
955 879 1036 917 nunc
1057 871 1105 918 est
1124 881 1236 942 regnum

205 947 315 1005 Christi
336 963 519 1024 regnumque
542 947 698 1003 coelorum.
742 943 881 1022 Regnent
893 945 990 1020 itaquo
1004 963 1072 1002 cum
1091 947 1144 1002 illo
1162 949 1238 1004 etiarn

205 1050 284 1088 nunc
299 1031 394 1087 sancti
408 1030 487 1100 eius,
515 1031 600 1086 aliter
619 1028 753 1104 quidem,
780 1047 866 1102 quam
887 1037 959 1084 tunc
981 1029 1167 1105 regnabunt:
1190 1050 1238 1086 uec

205 1124 304 1171 tamen
318 1133 383 1170 cum
395 1114 446 1169 illo
460 1122 589 1191 regnant
599 1113 725 1184 sicania,
740 1113 870 1188 quamvis
884 1109 1054 1168 inEcclcsia
1069 1131 1137 1168 curn
1151 1115 1238 1169 tritico

206 1208 348 1255 crescant.
391 1195 532 1275 Regnent
549 1199 627 1254 cuim
648 1216 714 1253 cum
731 1197 782 1252 illo
802 1197 852 1271 qui
869 1195 980 1252 faciunt
998 1195 1077 1270 quod
1089 1197 1239 1270 Apostolus

205 1284 261 1339 ait:
287 1280 323 1340 Si
342 1283 555 1340 resurrexistis
574 1297 638 1338 csrrs
656 1279 792 1349 Cluristo,
820 1297 895 1356 quoe
912 1295 1028 1335 sursum
1047 1290 1122 1335 sunt
1141 1283 1239 1358 sopite,

205 1366 256 1424 ubi
278 1364 415 1423 Christus
437 1376 485 1424 est
508 1365 539 1422 ia
562 1366 689 1423 dextero
710 1361 771 1421 Dei
791 1364 912 1420 sedens:
939 1381 1013 1440 quae
1034 1379 1157 1418 sursum
1181 1375 1238 1421 sust

206 1451 352 1527 quaerite,
366 1468 422 1506 nou
435 1467 511 1526 quae
524 1466 614 1527 sequor
627 1457 750 1505 terram.
779 1445 825 1503 De
839 1447 973 1521 qualibus
987 1445 1058 1500 item
1072 1445 1160 1518 dicit,
1174 1447 1239 1522 quoi

206 1551 307 1590 eorum
321 1533 507 1589 conversatio
520 1534 560 1588 sit
576 1533 609 1587 in
625 1532 722 1588 coelis.
767 1529 919 1586 Postremo
943 1537 1073 1607 regnant
1097 1547 1166 1587 cusu
1189 1533 1239 1587 illo

206 1617 258 1690 qui
271 1634 306 1670 co
319 1615 404 1671 ruodo
419 1624 489 1672 suut
503 1617 535 1670 iu
548 1634 643 1693 regno
657 1616 736 1686 cius,
750 1623 784 1670 ut
796 1615 857 1670 siut
868 1615 957 1670 etiam
968 1613 1025 1687 ipsi
1037 1630 1168 1690 regnum
1180 1616 1239 1670 cius.

207 1697 361 1764 Quomodo
385 1707 482 1754 sutem
503 1707 574 1754 sunt
597 1717 724 1775 reguum
742 1696 870 1768 Christi,
898 1699 965 1774 qui,
990 1705 1026 1752 ut
1045 1697 1106 1752 alia
1126 1705 1239 1761 uccsuu,

206 1775 339 1856 quamuis
358 1781 399 1838 ibi
412 1783 474 1836 sint
485 1779 579 1837 donec
594 1783 774 1858 colligantur
787 1783 820 1838 in
833 1781 892 1837 fine
905 1781 1014 1836 saeculi
1027 1779 1064 1835 de
1076 1797 1175 1859 regno
1188 1783 1240 1838 eius

207 1865 305 1920 onmis
328 1862 487 1934 sandala,
514 1873 612 1920 tamen
639 1865 700 1921 illic
725 1883 777 1920 suo
804 1874 965 1940 quaeruut,
992 1881 1053 1920 non
1082 1881 1161 1939 quae
1185 1865 1240 1922 lesu

206 1944 335 2006 christis

273 2031 320 2090 Dc
333 2031 388 2090 boc
401 2051 473 2112 ergo
487 2051 581 2111 regno
591 2033 729 2102 militiae,
743 2033 774 2088 in
787 2049 847 2108 quo
860 2027 953 2088 adbuc
967 2047 1033 2088 euru
1045 2029 1133 2088 hoste
1147 2031 1241 2088 conlli·

206 2119 305 2196 gitur,
320 2128 350 2174 et
363 2116 521 2193 aliquando
536 2124 721 2195 repugnatur
734 2115 966 2194 repugnantibus
979 2116 1077 2186 vitiis,
1093 2115 1241 2192 aliquando

207 2201 378 2258 cedentibus
391 2203 568 2275 imperatur,
596 2199 688 2257 Aoncc
712 2201 851 2257 veniatur
876 2199 913 2256 ad
934 2199 1007 2256 illud
1029 2201 1241 2274 pacatissima

206 2303 346 2363 rognum,
370 2286 421 2342 ubi
441 2285 506 2342 sine
524 2283 611 2342 hoste
630 2283 817 2362 regnabitur,
844 2285 921 2340 etde
934 2281 989 2340 bac
1001 2285 1099 2358 prima
1115 2301 1241 2340 resuere·

205 2370 305 2424 ctione
322 2385 400 2444 quae
420 2387 499 2426 nunc
519 2378 584 2440 cst,
611 2367 685 2424 liber
701 2369 759 2424 iste
778 2369 822 2424 sic
841 2369 979 2444 loquitur.
1022 2365 1098 2424 Cum
1110 2369 1193 2423 enirn
1206 2365 1240 2422 ii·

206 2453 311 2525 risset,
325 2453 445 2532 alligari
455 2452 602 2510 diabolum
616 2453 696 2509 mille
710 2452 812 2524 anuis,
824 2460 857 2508 ct
868 2461 971 2528 postea
986 2450 1062 2507 solvi
1075 2449 1165 2508 brevi
1177 2461 1241 2507 ten·

205 2551 295 2612 porc3
324 2553 392 2598 mox
409 2535 630 2610 recapitulando
647 2534 717 2610 quid
737 2536 769 2591 in
788 2536 852 2592 istis
865 2537 946 2592 mille
958 2535 1045 2592 anuis
1056 2544 1134 2612 agat
1145 2533 1241 2592 Eccle-

206 2622 250 2677 sia
263 2623 310 2677 uel
323 2631 429 2700 agatur
442 2623 475 2678 in
489 2639 538 2691 ca,
564 2619 607 2676 Et
624 2620 701 2689 vidi,
729 2619 841 2694 inquit,
866 2619 950 2677 sedes
964 2628 995 2676 et
1008 2619 1150 2676 sedentes
1162 2636 1241 2698 sap«

206 2721 278 2776 eas,
302 2715 332 2762 et
344 2700 488 2763 iudicium
501 2705 671 2762 detumeat.
710 2700 778 2758 Non
791 2701 847 2759 hoc
859 2701 1023 2778 potandum
1036 2710 1083 2758 est
1096 2701 1135 2757 dc
1149 2703 1241 2760 ultius·

205 2786 316 2844 iudicio
332 2787 404 2844 dici:
431 2787 483 2844 scd
496 2787 580 2844 sedes
592 2787 841 2861 praepositorum,
866 2796 899 2842 et
912 2787 968 2861 ipsi
979 2787 1144 2925 proqpositi
1164 2787 1240 2843 intel-

205 2871 319 2949 ligendi
332 2879 419 2942 sunt,
432 2889 486 2944 per
500 2887 573 2946 quos¹
583 2869 718 2926 Ecclesia
731 2887 810 2928 nuuc
823 2869 1015 2948 gubernatur.
1053 2865 1188 2927 odicium
1199 2889 1241 2926 aa·

206 2964 266 3009 tem
278 2953 379 3009 clatum
391 2955 504 3010 nullum
516 2955 620 3010 melius
634 2952 838 3030 accipiendum
849 2953 983 3025 uidetur,
1009 2971 1100 3028 quam
1122 2953 1156 3010 isl
1175 2951 1242 3030 qual

205 3035 316 3092 (lictum
331 3045 390 3093 est:
421 3033 506 3105 Quae
517 3035 692 3114 ligaveritis
705 3039 736 3096 iss
749 3048 851 3110 terra,
874 3037 978 3115 ls'gctu
989 3046 1082 3094 mss
1095 3047 1127 3094 et
1140 3041 1174 3096 iss
1187 3055 1242 3095 cos-

206 3118 233 3176 lo
239 3136 251 3194 ,⁰
275 3129 306 3177 et
318 3137 394 3197 quus
407 3119 557 3178 solveritis
572 3121 603 3180 iss
614 3131 718 3194 terra,
741 3122 841 3180 soluta
854 3132 942 3180 eruat
954 3131 983 3178 et
995 3123 1027 3177 irs
1041 3120 1133 3178 coelo.
1169 3119 1242 3177 vno

205 3201 377 3280 Apostolus,
406 3201 488 3274 Quid
499 3205 576 3264 enim
588 3201 664 3262 mibi
674 3217 736 3278 est,
762 3207 875 3281 iuquit,
898 3205 934 3263 cle
945 3202 992 3261 bie
1006 3206 1059 3282 qui
1071 3203 1165 3274 foris
1183 3213 1242 3261 esst

119 3317 124 3324 -
205 3284 363 3346 iudicare?
385 3284 487 3346 Nonne
499 3289 535 3348 de
547 3287 594 3345 Ais
604 3291 658 3366 qui
675 3291 757 3347 intus
772 3299 844 3348 sunt
861 3305 912 3348 cos
930 3285 1110 3346 iudicatis?
1126 3287 1172 3346 Es
1187 3289 1243 3344 ssi-

204 3391 286 3444 mae,
306 3373 422 3448 inquit,
442 3375 742 3452 occisorumpropter
755 3368 1053 3440 testimonialem,
1083 3381 1114 3428 et
1120 3381 1243 3451 propter

204 3455 323 3514 verbum
336 3455 398 3514 Dei
402 3474 413 3512 .·
436 3455 609 3513 subauditur
621 3455 699 3532 quod
710 3466 813 3532 postea
823 3455 955 3513 slictmus
969 3464 1030 3526 est,
1046 3463 1243 3530 regnaverunt

206 3557 269 3596 curs
288 3537 358 3597 Iesu
378 3539 458 3597 mille
477 3541 582 3611 asub,
607 3541 723 3596 animae
737 3542 851 3598 scilicet
863 3539 1027 3616 Martyrum
1049 3536 1186 3594 nondun
1199 3535 1243 3592 sili

208 3623 379 3695 corporibus
392 3625 455 3678 suis
475 3621 606 3678 redditis.
648 3623 752 3700 Neque
767 3627 846 3680 enim
858 3625 975 3699 piorum
988 3623 1106 3678 animae
1122 3631 1243 3678 mortuo-

207 3719 272 3758 suun
288 3715 462 3777 separantur
476 3707 511 3763 ab
525 3705 669 3778 Ecclesia,
680 3725 759 3784 quac
773 3708 862 3765 etiarn
875 3725 955 3764 nunc
968 3716 1014 3762 est
1026 3723 1157 3782 regnum
1170 3703 1245 3762 Clui-

211 3784 259 3838 sti.
299 3783 440 3861 Alioquin
457 3807 514 3846 nec
534 3790 570 3846 ad
583 3793 675 3847 altere
687 3786 746 3847 lici
759 3791 844 3848 lieret
857 3805 958 3847 eoram
970 3789 1113 3846 maneria
1126 3789 1161 3845 in
1176 3805 1245 3845 con-

209 3867 412 3923 municationc
427 3875 558 3944 corporis
573 3871 699 3946 Christi3
725 3893 780 3930 nec
798 3873 908 3951 sliquisl
928 3872 1078 3951 prodesset
1091 3871 1129 3929 ssl
1142 3872 1244 3928 cissis
