2602 4416
228 219 268 274 48
452 205 550 267 mvl
576 201 763 263 AVRELll
786 200 1042 260 AVGVSTINI

230 375 312 437 runt,
341 381 408 420 curn
421 359 507 418 ludos
522 357 673 424 scenicos,
700 353 750 408 ubi
762 353 832 408 talia
847 352 1050 424 celebrantur,
1077 353 1264 426 dictitantur,

230 450 406 518 actitantur,
432 453 462 500 et
479 439 620 499 Romanis
646 435 777 492 moribus
804 436 993 508 invexerunt,
1022 446 1052 492 et
1065 439 1126 494 suis
1140 435 1264 492 honoris

231 533 286 588 bus
300 529 394 586 diceri
416 523 607 596 exhiberique
630 513 800 576 iusserunt?
826 517 886 575 Cur
911 536 983 596 ergo
1006 537 1067 576 non
1084 517 1265 597 hincmagis

232 607 289 690 ipsi
302 611 446 669 intellecti
459 614 529 663 sunt
546 621 608 676 non
622 619 688 658 csse
706 600 754 658 dei
765 602 846 673 veri,
872 621 928 658 nec
942 603 1064 660 omnino
1075 602 1169 681 digni,
1196 604 1260 677 qui·

232 697 287 755 bus
301 695 417 752 divinos
438 689 566 745 honores
585 685 715 742 deferret
732 686 783 740 illa
800 680 983 759 respublical
1011 686 1093 753 Quos
1112 687 1192 742 enirn
1204 668 1266 752 colii

232 780 352 836 minime
378 773 499 830 deceret
524 770 702 844 minimeque
729 776 896 842 oporteret,
927 769 953 826 si
977 768 1062 824 ludos
1090 777 1267 842 expeterent,

232 859 363 938 agendos
377 855 520 912 conviciis
541 852 758 923 Romanorum,
783 850 929 926 quomodo
949 869 1058 927 quaeso
1074 851 1193 908 colendi
1209 869 1261 925 pu-

232 943 287 998 tati
301 948 382 1010 sunt,
409 936 554 1014 quomodo
569 955 630 992 non
644 933 810 992 detestandi
823 937 944 1009 spiritur
958 936 1118 1006 intellecti,
1146 936 1199 1009 qui
1212 952 1268 1002 cu-,

231 1022 355 1098 piditate
367 1019 490 1078 fallendi
502 1021 582 1076 inter
597 1037 667 1074 suos
685 1016 814 1074 honores
834 1036 889 1074 sua
907 1018 1050 1074 celebrari
1068 1020 1193 1074 crimina
1211 1035 1261 1090 po-

232 1100 414 1180 poscerunt'l
433 1102 565 1177 Itemque
579 1100 716 1172 Romani,
730 1101 863 1174 quamvis
878 1101 937 1156 iam
949 1103 1159 1172 superstitione
1173 1101 1269 1170 noxia,

232 1197 450 1263 premerentur,
475 1194 510 1240 ut
536 1186 603 1240 illos
630 1183 701 1238 deos
715 1184 858 1252 colerent,
883 1200 957 1258 qnos
980 1181 1120 1239 videbant
1141 1185 1262 1239 sibive·

232 1272 325 1326 luisse
339 1271 471 1328 scenicas
494 1265 694 1340 turpitudines
718 1266 903 1337 consecrari,
934 1283 1005 1320 suae
1022 1273 1120 1320 tamen
1134 1265 1262 1344 dignita-

231 1355 271 1409 tis
284 1371 429 1410 memores
443 1370 477 1407 ac
489 1349 628 1424 pudoris,
654 1357 770 1404 actores
784 1348 888 1403 talium
900 1347 1066 1404 fabularum
1079 1366 1264 1422 nequaquam

232 1435 455 1492 honoraverunt
475 1451 557 1489 more
579 1431 781 1500 Graecorum,
812 1427 864 1485 sed
887 1431 966 1486 sicut
987 1429 1064 1502 apud
1090 1429 1263 1486 Ciceronem

233 1517 312 1573 idem
330 1515 432 1589 Scipio
445 1517 596 1589 loquitur:
623 1511 719 1584 „Cum
742 1521 837 1568 artem
858 1512 1002 1569 ludicram
1023 1529 1202 1586 scenamque
1221 1523 1263 1568 to·

234 1608 317 1671 „tarn
329 1599 437 1671 probro
456 1596 613 1666 ducerent,
639 1613 735 1671 genus
753 1593 783 1648 id
801 1593 953 1650 hominum
970 1612 1030 1650 non
1048 1593 1134 1651 modo
1152 1593 1263 1651 honore

233 1681 365 1754 „civium
378 1681 560 1754 reliquorum
572 1695 690 1748 carere,
717 1675 769 1732 sed
788 1678 877 1732 etiam
888 1679 969 1734 tribu
983 1679 1096 1734 moveri
1108 1680 1262 1734 notatione

235 1765 397 1836 „censoria
409 1763 579 1818 volucrunt.
587 1761 608 1792 ‘⁶
651 1758 808 1816 Praeclare
821 1777 904 1830 sane,
932 1768 962 1815 et
975 1757 1116 1816 Romanis
1129 1761 1263 1817 laudibus

233 1843 454 1904 annumeranda
472 1842 643 1918 prudentia:
671 1841 723 1898 scd
746 1843 853 1898 vellem
875 1861 907 1898 se
930 1844 993 1916 ipsa
1016 1852 1208 1918 sequeretur,
1234 1863 1262 1899 se

234 1931 412 1986 imitaretur.
467 1925 547 1984 Ecce
571 1927 650 1982 enim
672 1933 754 1982 recte
777 1925 911 2000 quisquis
934 1925 1044 1982 civium
1064 1925 1263 1983 Romanorum

234 2031 300 2068 ese
310 2013 447 2068 scenicus
460 2010 616 2087 elegisset,
643 2027 705 2065 non
719 2009 819 2066 solum
838 2009 866 2063 ei
886 2009 985 2064 nullus
1003 2008 1040 2064 ad
1057 2006 1202 2066 honorem
1215 2009 1262 2065 da·

233 2096 430 2166 baturlocns,
455 2093 669 2150 verumetiam
690 2092 822 2148 censoris
845 2100 917 2147 nota
938 2091 1048 2148 tribum
1071 2101 1176 2148 tenere
1198 2111 1262 2166 pro-

233 2179 327 2252 priam
342 2177 462 2234 minime
482 2175 643 2232 sinebatur.
688 2173 714 2230 0
733 2175 866 2231 animum
884 2175 1013 2231 civitatis
1032 2174 1128 2232 laudis
1148 2175 1261 2232 avidum

233 2277 433 2337 germaneque
445 2253 626 2316 Romanum!
654 2255 715 2314 Sed
735 2255 951 2330 respondeatur
962 2256 1046 2330 mihi,
1068 2276 1127 2334 qua
1138 2277 1262 2316 consen-

233 2351 322 2398 tanea
334 2343 452 2400 ratione
465 2339 599 2398 homines
619 2342 732 2396 scenici
744 2340 780 2397 ab
794 2341 875 2396 omni
887 2338 1000 2397 honore
1013 2343 1209 2415 repelluntur,
1236 2352 1263 2396 et

233 2423 297 2480 ludi
310 2425 422 2482 scenici
444 2423 566 2480 deorum
589 2420 751 2480 honoribus
774 2419 992 2480 admiscentur?
1019 2423 1086 2480 illas
1105 2423 1262 2480 theatricas

234 2515 314 2562 artes
328 2506 378 2564 diu
392 2509 488 2564 virtus
502 2504 637 2563 Romana
650 2524 711 2563 non
724 2515 862 2564 noverat:
889 2524 964 2582 quae
978 2507 1005 2562 si
1017 2507 1055 2563 ad
1068 2507 1261 2564 oblectamen-

233 2598 298 2646 tum
323 2591 484 2664 voluptatis
508 2588 655 2646 humanae
669 2598 894 2664 quaererentur,
920 2590 994 2646 vitio
1020 2609 1135 2648 morum
1153 2592 1261 2664 irrepe-

233 2679 302 2728 rent
313 2671 518 2730 humanorum.
563 2671 616 2728 Dii
628 2691 678 2728 ees
695 2673 753 2729 sibi
766 2673 898 2730 exbiberi
910 2674 1092 2746 petiverunt:
1119 2673 1262 2748 quomodo

235 2773 307 2832 ergo
321 2756 460 2812 abiicitur
478 2756 631 2826 scenicus,
658 2773 711 2828 per
729 2773 816 2828 quem
835 2756 944 2812 colitur
958 2751 1060 2814 Densi
1085 2755 1125 2812 Et
1142 2755 1261 2812 theatri-

233 2855 286 2894 cae
305 2838 385 2892 illius
405 2835 599 2909 turpitudinis
620 2836 791 2910 quofronte
819 2845 941 2894 notatur
955 2848 1054 2910 actor,
1081 2840 1107 2894 si
1123 2839 1262 2896 adoratur

233 2914 375 2973 exactori
400 2917 435 2974 In
456 2916 511 2974 hac
536 2919 741 2975 controversia
755 2917 863 2975 Graeci
885 2918 1068 2996 Romanique
1082 2930 1261 2978 concertant.

234 2999 342 3056 Graeci
358 3007 479 3074 putant,
505 3007 586 3055 recte
600 3018 632 3056 se
643 2998 790 3056 honorare
800 3000 933 3059 homines
948 3006 1097 3076 scenicos,
1123 3006 1194 3079 quia
1212 3023 1262 3060 co-

232 3084 301 3141 lunt
313 3081 450 3138 ludorum
464 3083 650 3139 scenicorum
662 3081 846 3160 flagitatores
866 3085 953 3143 deos:
979 3085 1107 3146 Romcni
1123 3106 1195 3143 vero
1211 3085 1262 3142 ho·

233 3163 362 3220 minibus
377 3167 503 3220 scenicis
524 3183 579 3221 nec
597 3167 739 3239 plebeiam
752 3167 879 3240 tribum,
905 3179 1016 3244 quanto
1033 3171 1131 3226 minus
1146 3179 1262 3227 senato-

233 3247 307 3302 riam
321 3248 434 3304 curiem
447 3246 635 3305 dehonestari
647 3246 770 3306 sinuntt
783 3249 818 3306 ln
831 3249 885 3306 hac
898 3250 1112 3326 disceptatione
1125 3251 1261 3310 huiusce-

231 3327 312 3385 modi
333 3331 522 3388 ratiocinatio
547 3349 690 3388 summam
711 3335 895 3407 quaestionis
920 3335 1054 3392 absolvit.
1091 3335 1263 3410 Proponunt

233 3409 355 3470 Graeci:
379 3410 413 3470 Si
426 3412 467 3469 dii
485 3416 558 3470 tales
578 3414 695 3470 colendi
712 3424 797 3486 sunt,
820 3415 955 3489 prolecto
969 3421 1059 3474 etiam
1076 3420 1151 3476 tales
1169 3417 1261 3474 homi-

231 3512 284 3550 nes
308 3492 482 3552 honorandi.
531 3497 695 3553 Assumunt
714 3496 856 3554 Romani:
891 3497 951 3554 Sed
974 3501 1057 3556 nullo
1081 3501 1167 3557 modo
1190 3503 1261 3556 tales

230 3573 363 3634 homines
380 3576 547 3634 honorandi
559 3587 639 3634 sunt.
690 3579 879 3636 Concludunt
899 3579 1072 3639 Christiani:
1101 3583 1189 3640 Nullo
1202 3600 1261 3639 mo-

229 3656 266 3712 do
282 3660 375 3736 igitur
388 3658 430 3715 dii
443 3662 517 3715 tales
532 3660 650 3715 colendi
664 3672 744 3718 sunt.
