2602 4416
292 204 355 262 DE
390 203 610 264 CIVITATE
638 207 718 267 DEl
745 211 826 272 ΗΒ.
854 215 876 273 1.
1065 225 1104 284 1³

478 355 606 415 csl’.
648 358 690 416 X.

128 435 211 500 Quod
225 436 328 489 sanetis
347 437 378 490 iu
388 435 532 490 amissione
546 455 637 492 rerum
647 444 836 509 temporalium
851 446 921 501 nibil
927 463 1030 518 pereat.

98 528 219 593 Quibus
235 535 319 584 recte
335 525 532 582 consideratis
550 537 639 604 atque
663 535 845 606 perspectis,
869 539 988 596 attende
1000 551 1100 602 utrum

60 610 172 684 aliquid
184 611 257 666 mali
271 609 417 666 acciderit
428 609 564 666 fidelibus
578 621 608 668 et
620 614 694 686 piis,
721 616 799 690 quod
814 619 857 673 eis
871 639 932 677 non
946 623 1099 684 iubenum

62 701 248 750 verteretur:
276 694 338 750 nisi
369 692 449 748 forte
461 693 624 768 putandum
645 706 707 770 est,
735 699 935 772 Apostolicam
954 707 1034 763 illam
1047 727 1099 766 va-

58 778 341 847 caresontentiam,
375 777 500 835 abiait:
534 775 649 837 Scimus
678 784 749 858 quia
778 783 970 860 diligentibus
1003 787 1099 848 Deum

59 862 159 916 amnia
185 870 371 936 cooperatur
390 862 421 916 in
440 861 550 918 bonum.
594 867 610 900 d
622 863 795 922 Amiserunt
819 871 918 924 omnia
951 889 1027 946 quae
1046 872 1098 930 ba·

58 939 186 999 bebanti
210 943 366 1018 Numquid
391 941 499 1000 fidem?
527 946 670 1022 numquid
696 947 855 1021 pietatem‘l
882 954 1025 1030 numquid
1050 958 1097 1013 in-

58 1028 178 1082 terioris
196 1025 328 1082 bominis
348 1028 441 1099 bona,
469 1029 520 1105 qui
536 1040 583 1086 est
608 1041 680 1088 ante
699 1031 795 1090 Deum
814 1033 916 1091 dicae?
936 1035 1002 1093 Hae
1027 1051 1099 1096 suut

60 1128 128 1183 opes
143 1108 396 1180 Christianorum,
423 1112 529 1186 quibus
543 1115 701 1186 opulentus
715 1115 831 1172 dicebat
841 1117 1015 1192 Apostolum
1041 1122 1099 1180 Eat

59 1203 155 1248 autem
173 1202 319 1270 quaestus
338 1208 465 1268 magnus
483 1196 590 1270 pietas
610 1215 674 1252 cum
692 1195 882 1268 sufficientia.
922 1200 1006 1259 Nibil
1023 1207 1098 1261 enim

59 1275 211 1332 intulimus
226 1276 258 1332 in
276 1273 356 1331 buno
373 1277 525 1345 mundum,
551 1279 606 1335 aed
627 1297 680 1335 nea
703 1281 830 1350 auferre
856 1282 972 1358 aliquid
987 1303 1098 1361 possu-

59 1375 136 1414 mus:
163 1357 306 1416 babentes
320 1369 421 1415 autem
433 1361 542 1416 aiotum
558 1371 588 1417 et
601 1371 815 1436 tegumentum,
838 1361 886 1418 bie
912 1369 1045 1422 contenti
1057 1369 1098 1423 si-

59 1458 133 1496 mue.
169 1437 243 1496 Nam
256 1442 310 1517 qui
320 1441 426 1498 uolunt
438 1443 546 1499 divites
559 1442 647 1514 fieri,
668 1444 804 1500 incidunt
816 1446 847 1500 in
861 1449 1056 1506 tentationem
1070 1461 1100 1507 et

61 1523 211 1597 laqueum,
240 1534 269 1580 et
289 1524 445 1582 desideria
462 1524 557 1582 multa
570 1525 668 1583 stulta
688 1536 719 1584 et
736 1529 842 1596 noxia,
869 1547 943 1604 quae
960 1543 1100 1608 mergunt

60 1603 188 1662 bominee
221 1608 253 1662 in
286 1607 445 1663 interitum
475 1619 505 1665 et
536 1609 749 1686 perditionem.
805 1609 909 1668 Radia
937 1623 983 1670 eet
1023 1617 1098 1672 enim

59 1690 182 1746 omnium
199 1689 347 1745 malorum
365 1693 517 1761 auaritia,
543 1710 630 1768 quam
650 1693 769 1768 quidam
791 1704 967 1770 appetentes
992 1715 1013 1753 a
1031 1697 1098 1768 fide

56 1781 311 1847 pererraverunt,
337 1783 368 1829 et
390 1775 582 1832 inseruerunt
600 1791 632 1830 ee
652 1774 802 1832 doloribus
820 1776 932 1833 multis.

746 1853 789 1933 (a
802 1860 840 1914 al.
854 1858 979 1918 CAPVT
991 1856 1056 1945 X.)

117 1941 234 2006 Quibus
254 1958 327 2018 ergo
339 1950 479 1996 terrenae
493 1939 615 1997 divitiae
629 1943 681 1997 illa
692 1944 861 1998 tentatione
878 1946 1043 2018 perierunt,
1070 1949 1099 2002 ei

58 2041 103 2079 eas
117 2025 161 2078 sic
175 2021 341 2096 habebant,
368 2023 613 2099 quemadmodum
625 2025 660 2080 ab
671 2026 730 2080 isto
744 2025 819 2081 loris
837 2043 985 2100 paupere,
1014 2031 1096 2085 intus

58 2106 145 2164 divite
172 2106 352 2180 audierant3
376 2106 408 2162 id
422 2116 483 2179 est,
510 2108 537 2163 si
561 2107 671 2164 mundo
698 2109 861 2166 utebantur
877 2118 1018 2186 tanquam
1036 2130 1098 2168 non

58 2199 189 2261 utentes,
210 2199 379 2264 potuerunt
391 2189 502 2262 dicere,
530 2190 608 2266 quod
622 2193 673 2247 ille
688 2193 821 2270 graviter
845 2201 977 2272 tentatus
997 2204 1027 2251 et
1041 2198 1096 2252 mi-

59 2276 131 2329 nime
144 2283 322 2348 superatus:
356 2272 461 2331 Nudus
476 2276 538 2331 exii
557 2275 593 2331 de
606 2285 692 2332 utero
706 2278 815 2332 matria
828 2295 926 2347 meae,
953 2279 1049 2336 nudae
1066 2282 1096 2334 in

60 2367 168 2414 terram
184 2363 340 2415 reuertur'⁸
385 2355 531 2414 Dominus
549 2359 653 2428 dedit,
683 2356 829 2416 Dominae
850 2359 993 2434 abstulit3
1018 2363 1097 2418 siout

59 2438 179 2497 Domino
186 2440 322 2518 placuit,
337 2443 383 2498 ita
388 2440 513 2512 factum
527 2451 590 2498 eet:
604 2443 646 2498 eit
659 2459 760 2502 nomen
767 2441 890 2499 Domini
895 2442 1079 2500 benedictam
1086 2464 1096 2500 .·

59 2533 89 2578 ut
100 2525 195 2580 bonus
212 2543 320 2580 servus
338 2541 461 2602 magnas
479 2525 636 2582 facultates
655 2523 778 2580 baberet
794 2528 894 2598 ipsam
912 2527 961 2582 eui
983 2525 1095 2582 domini

59 2609 258 2679 voluntatem,
285 2609 335 2664 cui
348 2607 542 2684 pedissequus
556 2615 656 2663 mente
670 2606 841 2677 ditesceret,
864 2625 920 2660 nec
936 2609 1112 2666 contrista-.

61 2699 143 2744 retur
157 2692 199 2745 eis
212 2692 300 2748 rebus
314 2693 421 2748 vivens
433 2693 575 2759 relictus,
595 2706 668 2763 quas
682 2689 742 2742 cito
762 2688 862 2742 fuerat
880 2689 1011 2744 monens
1025 2691 1096 2744 reli·

65 2781 178 2826 cturus.
207 2770 251 2828 llli
264 2782 366 2830 autem
379 2773 576 2844 infirmiores,
600 2773 652 2848 qui
666 2772 796 2828 terrenis
809 2769 855 2826 his
870 2771 968 2842 bonis,
995 2789 1098 2846 quam-

64 2857 106 2910 ιιι
119 2872 154 2909 ea
164 2873 226 2912 non
240 2866 461 2931 praeponerent
472 2857 609 2927 Christo,
623 2856 809 2931 aliquantula
821 2863 921 2912 tamen
936 2855 1098 2930 cupiditate

60 2937 276 3012 cohaerebant,
301 2949 446 3016 quantum
466 2939 539 2997 baec
561 2939 686 2997 amando
713 2941 920 3012 peccaverint,
947 2939 1097 3012 perdendo

60 3032 229 3078 senscrunt.
288 3023 419 3080 Tantum
438 3026 545 3098 quippe
559 3024 736 3093 doluerunt,
764 3031 907 3098 quantum
930 3039 963 3077 se
986 3022 1097 3079 dolori-

60 3107 110 3161 bus
125 3108 330 3164 inserverunt:
354 3109 434 3164 sicut
445 3109 619 3180 Apostolum
630 3106 743 3162 dixisse
756 3125 846 3180 supra
860 3108 1095 3162 commemoravi.

59 3189 225 3261 Oportebat
238 3193 329 3263 enim,
343 3199 378 3247 ut
392 3193 435 3246 eis
446 3190 605 3247 adderetur
619 3191 707 3246 etiam
722 3191 993 3262 experimentorum
1007 3188 1097 3244 disci·

58 3275 154 3344 plina,
181 3275 323 3349 aquibus
343 3274 444 3330 fuerat
457 3274 571 3331 tamdiu
585 3276 722 3352 neglecta
737 3274 904 3329 verborum.
930 3271 1007 3328 Nem
1032 3291 1100 3328 eum

59 3355 134 3411 dixit
145 3357 322 3430 Apostolus,
346 3355 408 3426 Qui
417 3357 520 3415 uoluat
533 3359 640 3415 diuites
650 3355 738 3427 fiori,
761 3357 897 3412 incidunt
910 3356 941 3410 ia
956 3355 1100 3411 tentatio-

60 3458 130 3510 nem,
145 3449 204 3496 etc.
224 3442 362 3514 proiecto
376 3443 409 3496 in
422 3441 535 3497 divitiis
550 3440 741 3514 cupiditatem
750 3437 956 3512 reprehendit,
979 3453 1040 3492 non
1054 3434 1099 3490 ia-

64 3524 214 3581 cultetem:
243 3527 296 3598 qui
308 3527 461 3598 praecepit
478 3525 559 3595 alibi,
578 3524 697 3594 dicens,
725 3519 870 3600 Praecipe
885 3518 1027 3578 diuitibao
1045 3513 1099 3575 bu-

63 3607 108 3660 ius
122 3609 240 3678 nandi,
264 3627 323 3665 uon
343 3608 469 3685 superbe
483 3624 605 3686 sapere,
631 3625 723 3682 neque
741 3623 866 3683 sperare
881 3605 911 3658 in
926 3603 1040 3656 incerto
1054 3601 1100 3658 di-

59 3690 214 3762 vitiarum,
233 3692 289 3748 aed
301 3694 332 3747 iu
347 3689 411 3747 Deo
424 3693 501 3760 oiao,
516 3693 567 3768 qui
578 3698 725 3768 praestat
739 3689 821 3744 nabis
835 3685 933 3742 omnia
947 3682 1100 3741 abundan-

60 3779 102 3826 ter
128 3775 171 3830 ad
185 3773 377 3845 fruendum:
403 3774 625 3845 benefaciant,
653 3773 763 3829 divitae
777 3772 841 3825 sint
856 3769 886 3821 in
900 3767 1038 3843 operibus
1052 3767 1101 3823 bo-

60 3856 118 3924 m'e,
135 3856 243 3928 facile
263 3858 418 3928 tribuant,
445 3859 670 3925 communicent,
698 3851 904 3910 thesaurizent
918 3849 1102 3920 sibifunda·
