2586 4396
226 221 266 277 ³4
359 253 360 256 =
450 201 1034 271 DlVIAVRELllAVGVSTlNl

226 379 292 446 pter
304 367 378 424 hanc
391 363 545 420 amandum
558 370 603 418 est
616 357 753 436 quicquid
765 356 843 412 aliud
854 364 978 412 amatur.
994 353 1085 412 Porro
1099 357 1126 412 si
1139 367 1250 416 tantum

227 460 351 522 amatur,
365 456 505 525 quantum
517 447 608 502 amari
621 444 710 522 digna
724 450 778 512 est,
797 436 869 518 (non
883 441 962 495 enim
974 438 1076 495 beatus
1089 450 1146 511 est,
1167 460 1250 516 aquo

226 539 290 612 ipsa
301 536 385 592 beata
397 533 459 588 vita
470 549 530 587 non
543 537 656 584 amatur
673 533 706 582 ut
724 525 813 603 digna
831 517 910 600 est,)
929 523 993 578 lieri
1011 541 1070 579 non
1089 533 1195 598 potest,
1219 535 1252 580 ut
1279 581 1280 584 ,

226 638 290 676 eam
304 618 354 693 qui
367 617 408 672 sic
422 623 509 684 amat,
523 631 582 669 non
597 620 747 667 aeternam
759 607 840 664 velit.
878 605 961 662 Tune
981 608 1073 684 igitur
1088 607 1171 663 beata
1183 609 1249 678 erit,

226 701 339 778 quando
353 708 471 756 aeterna
485 698 548 752 erit.
589 733 591 736 -

588 844 711 904 CAP.
752 841 901 900 XXVI.

230 950 306 1015 Quod
309 946 433 1020 solicitas
442 945 471 998 iu
478 943 607 1012 paradino
623 941 768 995 nicentium
783 939 840 992 sine
856 937 1029 991 erubescendo
1044 936 1172 1006 appetitu
1179 953 1253 1006 geoa-

417 1015 499 1068 raodi
508 1013 626 1082 officium
636 1011 766 1065 credendo
777 1009 814 1061 sit
823 1009 932 1076 implere
937 1008 1067 1076 ¹potuim.
1170 1015 1172 1020 ’

287 1121 410 1180 Vivebat
423 1123 521 1197 itaque
533 1119 617 1177 homo
631 1123 662 1176 in
675 1117 808 1194 paradiso
822 1118 897 1172 sicut
910 1117 1038 1188 volebat,
1054 1115 1191 1190 quamdiu
1203 1113 1254 1171 boe

229 1208 345 1265 volebat
353 1204 515 1280 quodDeus
526 1206 667 1260 iusserat:
680 1201 797 1259 vivebat
807 1201 909 1257 fruens
919 1199 993 1273 Deo,
1005 1199 1256 1275 exquobonoerat

229 1294 336 1349 bonus:
359 1289 478 1346 vivebat
491 1289 555 1344 sine
568 1289 627 1344 ulla
640 1295 785 1366 egestate,
808 1287 850 1340 ita
863 1303 977 1360 semper
988 1287 1090 1341 rivere
1107 1281 1214 1340 habens
1228 1286 1256 1338 in

229 1383 381 1452 potestate.
404 1371 492 1430 Cibus
506 1371 623 1444 aderat,
640 1391 678 1428 ne
692 1371 832 1439 esuriret3
855 1377 952 1448 potus,
965 1387 1003 1425 ne
1017 1369 1128 1440 sitiret3
1150 1369 1258 1445 lignum

231 1461 320 1531 vitae,
334 1476 372 1514 ne
384 1458 467 1513 illum
481 1466 599 1512 senecta
613 1456 793 1512 dissolveret.
811 1451 891 1509 Nihil
905 1452 1100 1526 corruptionis
1114 1453 1147 1507 in
1161 1470 1258 1527 corpo·

230 1543 324 1598 revel
337 1558 375 1596 ex
393 1557 515 1612 corpore
532 1541 606 1594 ullas
625 1539 774 1594 molestias
789 1537 857 1593 ullis
878 1537 939 1592 eius
953 1535 1086 1592 sensibus
1100 1535 1258 1613 ingerebat.

231 1624 335 1682 Nullus
346 1625 526 1680 intrinsecus
537 1622 665 1695 morbus,
679 1621 777 1678 nullus
789 1623 865 1676 ictus
875 1619 1057 1676 metuebatur
1068 1621 1258 1674 extrinsecus.

232 1707 353 1766 Summa
365 1708 397 1762 in
411 1724 499 1762 carne
512 1707 637 1778 ιιιιιίιι,
662 1707 694 1762 in
708 1707 805 1762 ιιιίιιιι
818 1713 880 1760 ιοιι
893 1704 1096 1779 tranquillitas.
1135 1699 1221 1759 Sicut
1231 1704 1258 1757 in

231 1790 365 1867 paradiso
379 1791 476 1846 nullus
490 1799 588 1846 aestus
601 1799 652 1846 aut
664 1790 776 1868 frigus,
802 1790 844 1844 ita
861 1789 893 1844 in
912 1789 973 1844 eius
990 1784 1170 1843 habitatione
1184 1787 1259 1842 nulla

233 1873 445 1950 excupiditate
466 1876 514 1930 vel
532 1875 635 1930 timore
654 1874 808 1940 accedebat
830 1873 926 1928 bonae
948 1871 1110 1929 voluntatis
1135 1867 1259 1927 offensio.

233 1957 314 2018 Nihil
327 1959 445 2014 omnino
459 1959 554 2030 triste,
569 1957 643 2014 nibil
656 1967 719 2015 erat
734 1959 862 2014 inaniter
874 1957 994 2012 laetum:
1012 1954 1153 2032 gaudium
1164 1971 1262 2010 verum

232 2043 456 2119 perpetuabatur
469 2059 507 2097 ex
521 2041 600 2116 Deo,
614 2045 645 2100 in
659 2061 744 2120 quem
756 2039 899 2119 flagrabat
911 2041 1027 2096 caritot
1041 2039 1076 2096 da
1089 2039 1179 2096 corde
1185 2056 1262 2116 paro

234 2137 264 2184 ct
277 2127 460 2183 conscientia
473 2126 548 2183 bona
562 2137 592 2183 ct
605 2125 671 2198 fide
684 2145 741 2182 non
747 2124 844 2196 ficto:
871 2132 958 2197 atque
971 2124 1048 2178 inter
1062 2141 1094 2178 se
1109 2123 1263 2199 coniugum

233 2209 292 2266 fida
306 2227 343 2265 ex
355 2207 477 2265 honesto
491 2227 589 2265 amore
601 2211 743 2279 societas,
765 2224 887 2263 concors
900 2207 1006 2262 mentis
1020 2205 1208 2280 corporisque
1220 2206 1263 2259 vi-

234 2294 317 2370 gilia,
337 2301 366 2346 et
378 2292 506 2346 mandati
519 2293 583 2346 sine
595 2291 694 2346 labore
708 2289 848 2347 custodia.
891 2287 959 2346 Nou
972 2288 1111 2345 lassitudo
1124 2287 1264 2366 fatigabat

233 2375 368 2444 οιίοιιιιιι,
389 2391 449 2429 non
463 2391 579 2430 somnus
592 2374 740 2450 premebat
751 2373 886 2430 invitum,
920 2370 954 2429 ln
967 2381 1049 2428 tanta
1062 2368 1206 2428 facilitate
1219 2391 1264 2426 re·
1279 2439 1280 2448 ἵ

232 2477 298 2514 rum
311 2467 339 2514 et
352 2457 492 2514 felicitate
505 2456 671 2528 bantinum,
697 2457 774 2513 absit
786 2465 819 2512 ut
835 2457 1032 2532 suspicemur,
1059 2475 1120 2529 non
1134 2458 1265 2530 potuisse
1279 2489 1280 2496 ι

160 2551 166 2564 ’
232 2543 343 2618 prolem
357 2541 417 2598 seri
430 2543 495 2598 sine
507 2541 637 2598 libidinis
650 2541 765 2598 morbo:
792 2539 843 2597 sed
855 2560 890 2597 eo
904 2541 1062 2598 voluntatis
1077 2549 1153 2596 nutu
1166 2559 1264 2597 move·
1279 2605 1280 2620 ,

232 2635 335 2682 rentur
348 2627 398 2682 illa
409 2626 537 2682 membra
551 2644 606 2701 quo
620 2635 751 2696 caetera,
777 2634 807 2682 et
819 2627 884 2681 sine
897 2623 1009 2681 ardoris
1022 2623 1199 2682 illecebroso
1215 2627 1263 2680 sti·

232 2712 309 2766 mulo
324 2728 389 2766 cum
402 2710 613 2785 tranquillitate
631 2710 723 2765 animi
736 2718 767 2766 et
780 2711 908 2783 corporis
923 2711 1005 2765 nulla
1018 2710 1209 2784 corruptione
1222 2711 1265 2764 in·

232 2794 380 2870 tegritatis
394 2792 598 2849 infunderetur
612 2794 725 2871 gremio
736 2794 857 2850 maritus
868 2794 979 2850 uxoris.
992 2791 1096 2868 Neque
1107 2795 1189 2849 enim
1200 2795 1266 2867 quis

234 2876 415 2947 experientia
428 2874 545 2950 probari
558 2894 617 2931 non
629 2884 742 2952 potest,
756 2876 821 2933 ideo
836 2876 1010 2934 credendum
1023 2895 1083 2933 non
1098 2886 1159 2950 est3
1173 2895 1266 2953 quan-

233 2959 269 3014 do
283 2959 348 3013 illas
363 2959 493 3030 corporis
505 2967 602 3032 partes
615 2979 675 3017 non
692 2970 794 3040 ageret
808 2961 939 3018 turbidus
958 2962 1052 3032 calor,
1079 2960 1132 3016 sed
1148 2971 1266 3036 sponta-

232 3058 289 3096 nea
301 3049 444 3118 potestas,
458 3042 535 3098 sicut
549 3061 620 3118 opus
631 3055 718 3118 esset,
733 3043 896 3117 adhiberet3
909 3046 951 3102 ita
961 3055 1031 3101 tunc
1041 3046 1175 3117 potuisse
1184 3053 1266 3100 utero
1279 3047 1280 3056 ’

233 3125 368 3202 coniugis
383 3125 463 3181 salva
476 3127 645 3204 integritate
657 3128 776 3186 feminei
789 3131 926 3206 genitalis
939 3129 1024 3186 virile
1038 3145 1144 3185 semen
1158 3129 1266 3185 immit-

233 3209 272 3280 ti,
292 3209 369 3264 sicut
385 3226 463 3265 nunc
480 3219 578 3284 potest
597 3212 697 3269 eadem
709 3214 880 3290 integritate
895 3215 975 3270 salva
989 3230 1026 3267 ex
1039 3220 1125 3268 utero
1139 3212 1267 3290 virginis

232 3289 328 3350 fluxus
350 3295 492 3350 menstrui
511 3299 625 3352 cruoris
644 3297 746 3352 emitti.
781 3295 891 3352 Eadem
904 3298 1006 3372 quippe
1019 3296 1067 3352 via
1079 3305 1182 3370 posset
1195 3294 1267 3350 illud

232 3377 333 3448 iniici,
355 3395 412 3453 qua
424 3375 478 3434 boc
491 3389 588 3453 potest
600 3381 675 3435 eiici.
709 3377 748 3435 Vt
761 3381 838 3436 enim
851 3380 887 3436 ad
897 3379 1067 3454 pariendum
1080 3397 1145 3436 non
1159 3379 1266 3436 doloris

233 3462 370 3539 gemitus,
384 3460 435 3516 sed
447 3463 625 3518 maturitatis
636 3464 775 3537 impulsus
784 3464 911 3519 feminea
921 3465 1032 3537 viscera
1044 3463 1213 3520 relaxaret:
1228 3463 1267 3517 sie

232 3544 269 3600 ad
282 3543 451 3604 laetandum
464 3554 494 3600 ιι
508 3544 731 3618 concipiendum
743 3566 802 3603 uon
821 3547 950 3604 libidinis
964 3547 1122 3626 appetitus,
1149 3548 1204 3604 sed
1215 3564 1267 3602 vo-

230 3627 374 3684 luntarius
388 3646 458 3684 usus
471 3637 607 3685 naturam
619 3637 770 3706 utramque
784 3633 986 3709 coniungeret.
1009 3628 1055 3686 De
1067 3629 1158 3686 rebus
1172 3631 1269 3706 loqui-

231 3725 295 3762 mur
310 3727 388 3766 nunc
400 3709 559 3784 pudendis:
573 3720 602 3767 et
615 3710 680 3767 ideo
693 3716 825 3788 quamvis
839 3723 908 3771 ante
920 3733 1006 3790 quam
1018 3731 1117 3768 earum
1130 3714 1268 3788 puderet,

234 3789 332 3858 quales
347 3810 410 3846 csse
422 3795 596 3866 potuissent,
611 3795 798 3854 coniiciamus
808 3807 841 3854 ut
849 3811 1017 3873 possumus3
1030 3805 1130 3852 tamen
1145 3814 1271 3853 neeesse

236 3876 299 3938 est,
323 3881 354 3926 ut
368 3883 466 3928 nostra
479 3874 634 3950 disputatio
646 3881 739 3958 magis
753 3881 903 3938 iraenetur
917 3900 965 3952 ea,
989 3898 1061 3955 quae
1075 3897 1130 3935 nos
1145 3889 1273 3937 revocat
