2602 4416
287 177 352 235 DE
376 173 594 234 CIVITATE
621 175 700 236 DEl
725 180 804 239 ΗΒ.
830 184 858 242 ll
1060 191 1099 249 ts

44 336 132 394 luerit
146 333 227 390 viva
240 329 393 400 moribus,
418 322 469 382 sed
480 326 560 401 picta
574 327 729 387 coloribus.
774 334 859 400 Quod
873 345 903 392 et
917 338 980 412 ipse
993 337 1097 399 Cicero

44 419 206 488 nesciens,
236 432 305 470 cum
320 431 384 467 eam
395 410 574 486 praeferret,
597 415 753 486 expressit.
798 415 858 473 Sed
869 421 960 491 alias,
974 424 1001 478 si
1015 421 1096 482 Deus

43 501 192 570 voluerit,
221 497 282 554 hoc
294 495 468 553 ridebimus.
510 489 618 550 Enitar
631 497 710 553 euim
723 515 778 554 suc
791 501 872 574 loco,
899 513 933 560 ut
945 506 1097 564 ostendam

43 582 214 641 secundum
229 579 423 636 definitiones
437 577 528 652 ipsius
543 575 713 652 Ciceronis,
740 584 845 657 quibus
859 585 930 661 quid
943 588 982 643 sit
994 606 1094 664 respu-

42 671 133 738 blica,
164 674 200 720 et
214 663 289 739 quid
302 664 342 718 sit
352 662 492 737 populus,
507 661 646 736 loquente
660 661 817 741 Scipione,
835 669 968 726 breviter
983 673 1097 746 posuit,

42 749 264 807 attestantibus
279 747 370 802 etiam
381 745 500 816 multis,
524 746 588 801 sire
598 747 707 821 ipsius,
733 750 796 806 sire
813 769 915 809 eorum
928 771 1002 828 quos
1016 755 1097 829 loqui

42 836 109 891 lecit
123 836 160 889 in
175 831 287 886 eadem
300 828 501 904 disputatione
524 831 698 904 sententiis,
724 850 874 911 nunquam
899 837 980 894 illum
1003 837 1097 894 finisse

42 917 278 993 rempublicam
305 914 375 988 quia
388 929 539 988 nunquam
552 913 584 969 in
598 931 633 970 ea
645 914 703 971 fuit
715 933 787 975 vers
813 919 935 976 iustitia.
980 919 1095 978 Secun-

44 1002 108 1057 dnm
131 999 355 1076 probabiliores
379 1004 478 1052 autem
509 995 711 1072 definitiones,
748 1017 802 1075 pro
830 1019 883 1059 suo
909 1003 994 1060 modo
1021 1021 1092 1079 quo·

45 1086 105 1140 dam
117 1082 298 1156 respublica
311 1080 382 1136 fuit:
399 1088 429 1135 ct
442 1081 546 1136 melius
560 1079 595 1137 ab
609 1083 825 1158 antiquioribus
838 1085 992 1157 Romanis,
1008 1105 1097 1161 qnam

45 1165 295 1242 aposteriorihus
309 1163 517 1220 administrata
536 1173 590 1220 est.
634 1163 711 1222 Vera
724 1176 823 1224 autern
835 1169 950 1224 iustitia
963 1187 1024 1226 non
1037 1179 1095 1241 est,

46 1254 100 1308 nisi
113 1253 147 1306 in
162 1265 202 1304 ea
215 1248 387 1323 repnbhca,
415 1248 496 1302 cuius
511 1247 648 1304 conditor
661 1259 818 1324 rectorque
831 1250 967 1308 Christus
981 1261 1044 1308 est:
1069 1253 1095 1309 si

47 1346 74 1391 et
85 1337 182 1410 ipsam
195 1331 419 1405 rempublicam.
424 1331 520 1405 placet
533 1329 651 1403 dicere,
677 1333 816 1406 quoniam
830 1351 895 1390 earu
911 1351 976 1388 rem
996 1335 1095 1407 populi

47 1437 128 1488 csse,
140 1433 259 1494 negare
273 1431 337 1470 non
350 1429 515 1488 possumus.
559 1412 594 1470 Si
607 1423 705 1470 autem
718 1412 774 1470 hoc
787 1433 912 1488 nomen,
935 1416 1013 1491 qnod
1025 1417 1094 1475 alibi

48 1503 194 1574 aliterque
204 1500 363 1576 vulgatum
385 1505 448 1568 est,
471 1498 506 1553 ab
520 1513 576 1553 ιιιιι
589 1506 711 1554 nostrae
723 1499 885 1556 locutionis
898 1508 944 1556 est
955 1499 1034 1556 forte
1046 1517 1092 1554 rea

48 1585 172 1654 motius3
198 1583 230 1638 in
246 1599 282 1638 ea
295 1588 379 1637 certe
394 1579 520 1637 Ciuitate
534 1591 581 1637 est
593 1597 664 1638 vera
677 1582 806 1655 iustitia,
821 1582 857 1638 de
871 1599 927 1658 qua
939 1581 1091 1658 Scriptura

50 1677 147 1724 sancta
170 1665 261 1722 dicit:
295 1662 440 1722 Gloriosa
454 1665 537 1722 dicto
550 1673 620 1722 suut
634 1663 670 1722 de
683 1675 713 1722 te
728 1663 844 1725 Civitas
858 1665 927 1725 Des'.

419 1813 535 1872 cnr.
579 1812 716 1872 xxrr.

51 1917 123 1980 Quod
131 1916 186 1970 diis
197 1913 386 1968 Romanorum
395 1913 471 1964 nulla
481 1927 598 1980 unquam
618 1928 685 1964 curs
699 1913 807 1984 fiscrit,
826 1931 859 1967 ιιι
878 1915 956 1968 molis
976 1915 1094 1968 moribus

419 1981 570 2049 respublica
581 1981 724 2049 deperiret.

107 2089 171 2148 Sed
185 2090 265 2164 quod
278 2089 412 2164 pertinet
425 2087 462 2143 ad
479 2097 666 2164 praesentem
692 2091 909 2164 quaestionem,
936 2090 1095 2166 quamlibet

49 2175 222 2231 laudabilem
236 2172 342 2228 dicant
352 2173 442 2228 istam
454 2172 546 2228 luisse
559 2173 607 2230 vel
620 2190 685 2228 esse
699 2173 921 2247 rempublicam,
934 2173 1094 2230 seeundum

51 2277 146 2315 corum
159 2265 301 2313 auctores
325 2255 514 2311 doctissimos
539 2258 598 2312 iam
619 2258 709 2334 longe
728 2265 798 2312 ante
812 2254 923 2314 Christi
936 2257 1094 2314 adventum

50 2343 172 2416 pessima
187 2359 222 2396 ae
236 2338 474 2418 flagitiosissima
491 2339 570 2396 facta
583 2347 660 2396 erat:
687 2341 745 2396 imo
759 2358 831 2396 vero
845 2343 924 2397 nulla
939 2351 1019 2413 erat,
1047 2349 1092 2396 at-

50 2444 100 2500 que
114 2426 238 2480 omnino
251 2425 385 2498 perierat
397 2421 604 2497 perditissimis
629 2423 768 2480 moribus.
812 2421 851 2479 Vt
857 2442 936 2500 ¹ergo
950 2443 1011 2480 non
1025 2443 1092 2498 pcr-

49 2511 119 2581 iret,
147 2509 190 2563 dii
212 2506 352 2562 custodes
378 2508 440 2561 cius
453 2509 559 2582 populo
573 2499 680 2562 cultbri
693 2524 745 2561 suo
760 2505 830 2560 dare
843 2509 1001 2579 praecipue
1014 2509 1092 2560 vitae

48 2609 79 2646 ac
92 2608 210 2646 morum
222 2599 383 2664 praecepta
396 2589 577 2662 debuerunt,
604 2607 622 2644 a
635 2605 692 2662 quo
706 2595 753 2642 tot
767 2588 901 2658 templis,
928 2595 973 2640 tot
994 2603 1093 2640 sacer-

48 2675 166 2729 dotibus
181 2682 209 2728 et
222 2672 438 2728 sacrificiorum
449 2673 626 2750 generibus,
649 2677 710 2723 tam
723 2668 931 2742 multiplicibus
945 2669 1094 2742 variisque

48 2758 163 2825 sacris,
189 2763 232 2811 tot
243 2756 331 2811 festis
346 2757 589 2826 solennitatibus,
613 2759 659 2810 tot
671 2760 881 2826 tantorumque
894 2750 1029 2806 ludorum
1045 2769 1093 2806 ce-

48 2839 233 2896 lebritatibus
250 2840 439 2895 colebantur:
454 2840 504 2896 nbi
517 2837 592 2894 nihil
604 2836 762 2894 daemones
773 2836 833 2891 nisi
842 2836 995 2913 negotium
1009 2853 1093 2892 suum

50 2931 193 3000 egerunt,
219 2941 282 2978 uon
296 2930 435 2978 curantes
453 2920 694 2997 quemadmodum
720 2919 765 2975 illi
789 2920 941 2990 viverent,
968 2921 1027 2974 imo
1042 2937 1092 2974 cu-

49 3015 148 3061 rantes
177 3014 211 3060 ut
235 3007 324 3060 etiam
349 3004 463 3080 perdite
485 3007 638 3074 viverent,
666 3003 734 3059 dum
747 3001 1029 3058 tameuhonorisuo
1042 3003 1094 3056 illa

49 3090 149 3144 omnia
162 3097 245 3143 metu
259 3088 368 3144 subditi
381 3089 594 3144 ministrarent.
627 3086 686 3144 Aut
699 3087 725 3141 si
738 3085 899 3156 dederunt,
915 3085 1093 3158 proferatur,

49 3170 242 3240 ostendatur,
267 3171 400 3248 legatur,
420 3187 492 3245 quas
506 3170 626 3226 deorum
638 3169 721 3246 leges
734 3169 779 3224 illi
793 3171 908 3225 civitati
921 3167 1003 3224 datas
1019 3185 1092 3223 con-

48 3254 207 3309 temserint
234 3251 377 3324 Gracchi,
410 3262 444 3308 ut
469 3253 661 3309 seditionibus
688 3260 796 3308 cuneta
823 3252 992 3324 turbarent3
1019 3267 1092 3325 quas

48 3336 180 3406 Marius,
209 3344 240 3391 et
253 3333 367 3409 Cinna,
382 3345 414 3392 et
426 3334 538 3406 Carbo,
561 3337 638 3391 utin
651 3335 728 3391 bella
742 3335 830 3389 etiam
842 3333 1094 3413 progrederentur

50 3420 166 3490 civilia,
195 3419 293 3474 causis
307 3420 502 3494 iniquissimis
519 3427 672 3492 suscepta,
699 3428 730 3476 ct
743 3417 902 3474 crudeliter
921 3425 1007 3495 gesta
1025 3429 1093 3467 eru-

48 3501 203 3576 deliusque
216 3501 316 3574 finita3
344 3519 418 3576 quas
431 3499 557 3577 denique
570 3499 654 3578 Sylla
666 3503 746 3575 ipse,
765 3501 848 3556 cuins
862 3503 971 3567 vitam,
985 3511 1093 3564 mores,

49 3583 144 3656 lacta,
158 3582 349 3640 describente
363 3583 504 3642 Sallustio
518 3586 643 3659 aliisque
653 3581 797 3640 historiae
811 3579 1013 3655 scriptoribus,
1028 3578 1094 3653 quis

46 3685 104 3723 non
132 3663 317 3723 exhortanti
362 3669 435 3736 Quis
462 3669 542 3724 illam
568 3666 774 3740 rempublicam
800 3683 861 3721 non
888 3671 959 3718 tuno
981 3661 1093 3735 perissa.
1170 3671 1174 3678 “

46 3745 199 3806 fateaturi

100 3839 150 3890 Au
177 3834 258 3892 forte
284 3849 408 3908 propter
433 3829 635 3889 huiuscemodi
654 3831 763 3888 civium
788 3845 885 3884 mores
900 3825 1094 3904 virgilianam
