2576 4396
261 222 322 280 DE
350 221 568 282 CIVITATE
594 225 678 283 DEI
702 227 783 285 LIB.
805 229 864 288 XI.
1014 239 1074 295 33⁷

42 380 160 451 iamper
173 391 260 430 suam
277 375 500 448 praescientiam
518 393 709 450 praeparasse
727 381 912 458 intelligatur
930 387 1074 461 quomodo

42 463 88 517 illo
101 467 234 516 uteretur
247 466 279 513 et
290 460 374 514 malo.

395 556 519 615 CAP.
562 556 720 617 XVIII.

41 654 79 708 De
89 653 294 722 pulchritudine
310 651 511 716 univcrsitatis,
531 670 599 721 quac
611 655 872 722 perordinationem
881 657 938 712 Dei
948 661 1031 714 ctiam
1041 680 1075 715 ex

250 722 452 774 contrariorum
460 722 501 791 Jit
511 724 676 791 oppositione
686 728 856 779 luculentior.

99 829 201 904 Neque
216 829 294 885 cuim
308 827 390 884 Deus
403 829 507 900 ullum,
528 848 587 886 uon
602 830 667 886 dico
679 835 867 909 angelorum,
894 836 945 892 sed
958 839 1006 893 vel
1019 836 1074 892 ho·

39 916 143 969 minum
156 920 282 982 crearet,
296 929 381 986 quem
393 913 501 968 malum
514 911 644 970 futurum
657 934 723 970 esse
735 919 927 990 praescisset,
949 921 1008 975 nisi
1020 938 1072 994 pa-

39 1001 107 1052 riter
120 1004 221 1052 nosset
234 994 338 1069 quibus
352 1013 401 1050 eos
415 995 560 1052 bonorum
573 998 674 1054 usibus
689 999 901 1072 commodaret,
929 1011 1017 1076 atquc
1032 1005 1073 1058 ita

39 1080 163 1135 ordinem
177 1079 361 1134 saeculorum
374 1086 515 1151 tanquam
526 1078 752 1153 pulcherrimum
767 1100 886 1139 carmen
899 1103 937 1139 cx
951 1087 1072 1158 quibus-

38 1164 97 1218 dam
124 1163 207 1236 quasi
232 1158 385 1216 antithetis
410 1158 589 1218 honestaret.
638 1161 791 1219 Antithcta
817 1167 894 1220 enim
920 1185 995 1240 quae
1021 1187 1072 1242 ap·

36 1248 193 1319 pellantur,
219 1245 250 1299 in
272 1245 452 1300 ornamentis
474 1245 652 1300 elocutionis
673 1245 972 1318 suntdeeentissima,
999 1267 1073 1322 quae

37 1327 135 1384 Latine
148 1328 330 1401 appellantur
343 1327 492 1400 opposita,
517 1327 566 1382 vel
580 1326 657 1401 quod
674 1330 841 1401 expresssiu
855 1329 980 1400 dicitur,
1000 1348 1073 1386 eou-

36 1411 181 1484 traposita.
206 1407 275 1465 Nou
295 1417 341 1463 est
357 1408 434 1482 apud
452 1427 508 1464 nos
528 1406 614 1465 huius
632 1410 768 1466 vocabuli
785 1411 983 1484 cousuetudo,
1007 1432 1072 1468 eum

35 1503 128 1550 tamen
149 1491 260 1547 eisdem
278 1492 459 1548 ornamentis
472 1491 633 1548 locutionis
654 1493 743 1550 ctiam
756 1513 853 1550 sermo
867 1494 990 1550 Latinus
1005 1504 1072 1550 uta-

34 1587 89 1648 tur,
103 1579 162 1632 imo
176 1576 296 1652 linguae
311 1575 441 1630 omnium
455 1576 598 1651 gentium.
624 1574 680 1632 His
694 1575 847 1633 antithetis
861 1579 950 1634 ctiam
962 1576 1071 1633 Paulus

34 1660 186 1734 Apostolus
200 1660 231 1714 in
246 1656 372 1712 seeundo
386 1656 422 1711 ad
434 1656 600 1714 Corinthios
613 1660 748 1734 epistola,
762 1662 843 1716 illum
857 1662 957 1716 locum
970 1662 1070 1717 suavi-

34 1752 75 1798 ter
89 1743 234 1815 explicat‚
256 1741 306 1795 ubi
324 1739 408 1795 dicit:
432 1737 490 1796 Per
504 1760 590 1797 arma
604 1743 740 1799 iustitiae
755 1763 774 1798 a
788 1745 905 1800 dextris
920 1754 950 1800 et
963 1763 982 1800 a
996 1745 1072 1799 aini-

35 1829 114 1894 otris,
122 1843 185 1902 per
196 1821 325 1898 gloriam
336 1832 365 1878 et
376 1822 602 1897 ignobilitatem,
611 1843 672 1901 per
685 1825 843 1896 infamiam
858 1836 888 1882 et
901 1825 1004 1884 bonam
1010 1826 1071 1897 fa-

34 1927 120 1983 mam;
133 1917 168 1964 at
180 1906 365 1973 seductores,
380 1913 409 1960 et
420 1922 559 1979 veraces;
575 1917 609 1963 at
624 1909 675 1984 qai
687 1909 861 1983 ignoramur
875 1918 905 1964 et
919 1910 1070 1983 cognosci-

33 2010 107 2064 mur;
121 1989 210 2066 paesi
221 1989 390 2055 morientes,
404 1997 434 2044 et
448 2007 513 2044 ecee
525 1989 668 2064 oioimas‚·
685 1999 719 2045 at
731 1992 865 2058 coerciti,
880 2000 910 2046 et
923 2009 980 2046 non
993 2009 1071 2046 mor-

34 2074 157 2145 tifieaii;
169 2081 204 2126 at
216 2071 333 2137 tristes,
348 2085 463 2145 semper
476 2079 575 2125 autem
587 2071 771 2145 gaudentem
794 2073 873 2127 sient
886 2071 982 2146 egeni,
996 2071 1071 2128 mal-

33 2166 75 2212 tos
87 2164 188 2212 autem
206 2153 355 2225 ditantea,·
380 2161 521 2228 tanquam
534 2151 611 2208 nibil
625 2152 775 2222 babentes,
804 2163 833 2209 et
855 2154 952 2209 omnia
967 2154 1070 2229 potti-

33 2240 140 2295 dentes.
168 2233 253 2292 Sicut
267 2252 337 2310 ergo
352 2235 410 2288 ista
425 2235 574 2289 contraria
588 2236 744 2292 contrariis
765 2236 898 2310 opposita
923 2236 1069 2292 sermonis

32 2317 280 2394 pulchritudinem
292 2315 432 2372 reddunt:
446 2318 488 2372 ita
500 2315 633 2391 quadam,
648 2337 708 2374 non
722 2320 890 2388 verborum,
905 2315 1070 2374 cedrorum

33 2403 199 2479 eloquentia
217 2399 431 2456 contrariorum
450 2401 633 2474 oppositione
654 2403 763 2456 saeculi
780 2400 966 2474 pulchritudo
990 2420 1068 2456 eom-

30 2489 154 2559 ponitur.
178 2483 368 2557 Apertissime
379 2479 435 2536 hoc
448 2483 575 2554 positum
589 2494 635 2539 cst
648 2485 680 2537 in
693 2483 768 2538 libro
779 2482 1000 2550 Ecclesiastico,
1013 2481 1069 2536 boe

30 2569 124 2625 modo:
156 2566 271 2623 Contra
284 2563 506 2620 malumbonam
520 2573 583 2634 est,
611 2576 641 2622 et
656 2574 761 2619 eontra
782 2565 999 2619 mortemoito:
1025 2565 1069 2616 aie

31 2651 228 2728 eontrapiam
236 2657 393 2724 peccator.
420 2643 462 2701 Et
481 2646 526 2700 oie
546 2645 662 2703 intuere
681 2647 712 2701 in
731 2645 828 2700 omnia
842 2661 934 2721 opera
947 2641 1069 2698 Altisoi-

31 2735 75 2802 mi,
88 2734 159 2790 bina
173 2742 204 2789 et
217 2729 298 2798 hina,
315 2747 401 2802 unam
415 2739 522 2784 contra
535 2747 631 2786 unam,

408 2844 531 2902 CAP.
573 2844 687 2903 XIX.

33 2944 99 3006 Quid
107 2943 281 2997 sentiendam
291 2941 418 2992 adeosnr
428 2940 459 2992 de
469 2956 499 2991 eo
510 2942 581 3008 qaod
589 2941 720 3010 scriptam
731 2949 788 2993 ott:
798 2939 902 2993 Diaisit
911 2937 988 2992 Deae
997 2941 1068 2993 inter

411 3011 494 3061 lacem
511 3019 539 3062 ct
553 3011 686 3064 tenebras.

93 3101 238 3168 Quamvis
251 3100 351 3173 itaque
364 3097 458 3153 divini
470 3101 615 3156 sermonis
631 3101 794 3157 obscuritas
808 3099 946 3156 etiamad
960 3099 1015 3155 hoe
1029 3101 1069 3154 sit

31 3185 123 3255 utilis,
149 3181 229 3258 quod
241 3183 341 3256 plures
354 3182 518 3236 sententias
530 3185 666 3239 veritatis
679 3185 771 3257 parit,
792 3185 865 3238 etin
879 3185 974 3244 lucem
988 3183 1067 3237 noti-

31 3267 83 3321 tiae
97 3265 253 3340 producit,
268 3263 337 3318 dum
349 3263 424 3318 alius
438 3279 504 3318 cum
517 3266 570 3336 sic,
592 3267 667 3321 alius
680 3267 724 3322 sie
737 3266 892 3340 intelligit3
915 3266 957 3320 ita
970 3275 1068 3318 tamen

30 3356 59 3401 ut
70 3348 150 3422 quod
163 3349 198 3402 in
212 3347 337 3402 obscuro
350 3347 415 3401 loco
429 3346 617 3424 intelligitur,
630 3351 678 3405 vel
691 3347 882 3403 attestatione
894 3363 994 3400 rerum
1006 3363 1068 3399 ma·

30 3431 214 3500 nitentum,
239 3430 289 3485 rel
310 3429 375 3483 aliis
394 3429 466 3482 locis
483 3430 603 3485 minime
621 3429 717 3486 dubiis
734 3436 897 3496 asserator3
922 3429 1070 3482 circeum

30 3515 115 3570 multa
129 3520 310 3580 tractantur,
324 3509 361 3566 ad
373 3509 404 3566 id
416 3527 532 3584 quoque
543 3514 743 3585 perveniatur,
757 3508 835 3583 quod
849 3509 943 3565 sensit
955 3508 1005 3560 ille
1019 3504 1070 3578 qui

30 3597 162 3668 scripsit:
176 3595 242 3650 sive
255 3593 287 3648 id
300 3591 416 3667 quidem
428 3594 529 3663 lateat,
544 3594 595 3649 sed
606 3612 644 3649 ex
654 3593 810 3649 occasione
820 3587 989 3644 tractandae
1001 3603 1069 3660 pro-

29 3675 135 3734 fundae
150 3677 342 3734 obscuritatis
357 3676 415 3730 alia
428 3674 570 3748 quomam
583 3695 654 3732 vera
666 3675 814 3731 dieantur:
829 3688 890 3726 non
903 3668 975 3724 mihi
986 3667 1070 3725 vide·
1126 3729 1132 3738 ,

29 3765 71 3812 tur
84 3761 121 3816 ab
137 3759 278 3835 operibus
292 3757 350 3813 Dei
364 3755 488 3812 absurda
507 3759 672 3827 sententia,
699 3757 725 3811 si
748 3772 813 3810 eum
836 3754 890 3838 lust
905 3753 956 3806 illa
976 3753 1070 3826 prima

31 3837 104 3897 laeta
118 3852 185 3912 est,
211 3841 312 3915 angeli
326 3840 418 3893 creati
432 3840 655 3914 intelliguntur,
670 3847 700 3893 et
713 3839 793 3894 inter
809 3841 928 3892 sanctos
941 3835 1070 3910 Angelos

753 3918 781 3978 Y
