2530 4392
194 229 256 286 ³22
428 218 532 278 niv!
561 214 748 277 AVRELH
770 211 1027 274 AVGVSTINI

194 380 256 438 iore
279 377 366 456 quati
390 389 480 452 nuper
504 372 697 448 unigenitum.
740 365 890 446 Numquid
902 368 965 424 'niti
975 365 1038 425 diei
1060 377 1109 426 eet
1128 368 1239 426 aufem

195 479 296 520 omnes
309 468 415 538 gentes
439 455 573 513 inimicae
587 462 707 512 sanetae
721 451 857 510 Civitatis
869 449 1078 522 Hierusalem,
1107 470 1189 528 quoe
1202 473 1240 510 ee

196 549 282 604 uiuet
296 552 402 602 eontra
415 559 495 611 eom,
521 538 551 595 id
564 547 627 610 eet,
655 537 821 596 eontruriee
839 544 908 592 eunt
925 536 973 606 ei,
1000 537 1070 607 vel,
1097 539 1183 594 sieut
1201 539 1240 594 elii

197 637 266 686 eunt
283 625 485 702 interpretati,
509 623 631 680 ueniunt
643 639 733 701 euper
747 637 826 692 eom,
848 619 878 676 id
892 629 951 692 eet,
973 629 1008 676 ut
1020 637 1092 676 eam
1108 621 1171 678 eibi
1185 622 1241 677 nut-

139 709 144 714 ’
196 713 313 770 iieiont:
328 718 380 768 eut
392 725 479 784 euper
494 706 611 762 domum
624 703 722 762 Devid
735 701 898 776 effundere,
912 713 944 760 et
954 721 1046 778 nuper
1060 702 1241 762 habitatore

197 795 328 854 eiusdem
342 792 477 852 Civitatis
492 789 636 865 Spiritum
649 789 764 866 gretiee
779 796 809 844 et
820 783 1066 844 misericordiae?
1106 787 1179 846 Hoe
1193 791 1242 846 uti-

197 899 253 957 que
265 877 324 936 Dei
342 885 403 947 eet,
429 884 459 932 et
477 891 516 932 ex
534 891 661 949 persone
674 871 732 930 Dei
745 871 854 929 dieitur
865 889 918 946 per
930 869 1132 946 Prophetern:
1163 884 1195 929 et
1206 883 1241 928 te-

196 981 264 1020 men
286 960 365 1018 hune
379 957 475 1016 Deum
487 956 560 1014 haee
572 967 633 1014 torn
645 973 753 1034 magne
767 964 797 1012 et
810 964 871 1012 tem
884 955 983 1012 divino
996 954 1169 1012 facientem
1186 975 1241 1012 rese

197 1046 330 1104 Christus
343 1041 488 1114 ostendit,
502 1039 691 1119 ediungendo
704 1048 790 1115 etque
803 1038 943 1096 dicende:
961 1037 1005 1096 Et
1018 1041 1195 1119 edepe‘ee'ent
1206 1042 1244 1097 ed

196 1149 258 1200 me,
277 1147 338 1208 pro
353 1145 385 1184 eo
399 1126 476 1204 quod
488 1125 726 1198 ineultueereet3
751 1131 782 1181 et
794 1123 943 1202 plangent
963 1138 1059 1200 teper
1074 1143 1144 1180 m
1158 1123 1240 1202 plue-

197 1223 277 1270 etum
294 1212 383 1289 quaet·
399 1227 491 1287 super
504 1209 693 1266 carissimum
706 1203 785 1281 (eive
800 1204 968 1282 dilectum)
995 1216 1026 1263 et
1040 1207 1186 1264 dolebunt
1196 1209 1238 1264 de

198 1296 260 1356 lore
278 1295 365 1373 quasi
381 1310 472 1372 euper
485 1292 692 1369 unigenitum·
723 1287 890 1348 Poenitebit
903 1290 1010 1365 qnippe
1022 1291 1058 1346 in
1071 1289 1124 1346 die
1138 1292 1187 1347 illa
1200 1289 1238 1346 iu·

200 1379 305 1451 deeos,
325 1378 414 1436 etiem
427 1394 477 1434 eoe
491 1376 542 1452 qui
554 1375 702 1449 eeeepturi
715 1382 784 1432 eunt
797 1371 941 1448 Spiritum
953 1374 1071 1450 gretiae
1086 1384 1120 1432 et
1132 1375 1237 1432 niteri-

202 1462 332 1534 oerdiee,
360 1459 438 1537 quod
455 1461 487 1516 in
506 1460 569 1518 eius
581 1459 721 1534 passione
730 1457 938 1514 insultaverint
951 1454 1089 1527 Christo,
1123 1477 1189 1515 eurr
1209 1456 1236 1512 ed

199 1566 265 1604 eum
278 1545 468 1621 adspexerint
480 1545 512 1602 in
527 1561 582 1600 sue
594 1543 748 1600 maiestate
761 1541 946 1611 venientem,
972 1558 1101 1616 eumque
1117 1561 1183 1598 eeee
1196 1559 1235 1598 oe

150 1643 153 1646 “
198 1630 375 1708 gnoverint,
402 1646 489 1702 quem
508 1627 600 1701 priue.
610 1624 750 1682 hrmrilern
766 1625 799 1680 in
812 1625 872 1680 euin
886 1625 1060 1697 parentibus
1072 1627 1236 1681 illuserunt:

201 1713 331 1788 quemvis
345 1720 375 1767 et
388 1711 446 1784 ipsi
453 1718 593 1784 parentet
606 1728 708 1768 eorum
722 1717 823 1766 tentae
836 1709 915 1765 iilius
928 1709 1093 1783 impietatis
1108 1719 1236 1766 auctore·

198 1802 388 1873 resurgentes
402 1792 542 1850 videbunt
556 1811 639 1862 eum,
652 1792 705 1848 eed
716 1791 860 1865 puniendi
873 1793 948 1862 iem,
962 1809 1024 1848 non
1036 1791 1139 1850 adhue
1153 1795 1237 1849 eorri·

199 1877 297 1957 gendi.
332 1875 400 1933 Nou
415 1877 515 1950 itnque
527 1873 583 1931 hoe
596 1877 662 1932 loeo
681 1877 739 1950 ipei
751 1875 937 1952 intelligendi
953 1885 1039 1946 eunt,
1067 1875 1123 1932 uhi
1136 1876 1237 1932 dietum

199 1972 259 2032 ert,
283 1959 326 2018 Et
349 1960 501 2038 effundam
522 1976 612 2037 super
636 1960 749 2016 domem
767 1957 871 2016 Deeid
895 1969 925 2016 et
942 1975 1035 2038 euper
1056 1958 1238 2018 habitatore·

199 2044 390 2108 Hierusalem
403 2041 552 2121 Spiritum
568 2044 693 2119 gratiae
707 2053 737 2100 et
756 2042 995 2117 miterieerdiee3
1022 2053 1054 2100 et
1074 2045 1237 2120 adspicienti

199 2131 241 2188 ud
252 2147 311 2199 me,
319 2147 381 2208 pro
395 2147 428 2184 eo
441 2126 517 2206 quod
529 2125 767 2184 ieeulteeerunt:
792 2125 844 2182 eed
858 2133 957 2184 temen
971 2125 1007 2182 de
1019 2127 1143 2183 illenim
1156 2129 1236 2202 stirpe

198 2215 372 2282 venientes,
386 2212 436 2287 qui
449 2229 503 2286 per
512 2209 609 2268 Elium
621 2211 672 2268 illo
686 2219 817 2284 tempore
831 2219 901 2266 eunt
914 2208 1066 2266 credituri.
1091 2209 1156 2269 Sed
1168 2213 1236 2267 eieet

199 2296 323 2352 dicimus
337 2294 467 2364 ludaeis,
493 2291 553 2350 Vos
566 2292 716 2350 oeeidietie
731 2291 896 2364 Chrirtum,
918 2295 1054 2370 quemvis
1068 2293 1125 2350 hoe
1138 2313 1237 2369 peren·

198 2389 243 2436 teu
258 2397 360 2434 eorum
370 2377 513 2434 fecerint:
526 2378 570 2436 eie
583 2386 615 2434 et
625 2377 677 2434 isti
690 2395 723 2434 ee
736 2375 876 2434 dolebunt
887 2375 993 2434 ieeiere
1008 2379 1138 2452 quodem
1149 2378 1237 2444 modo,

199 2461 277 2538 quod
288 2461 424 2518 fecerunt
436 2461 492 2532 ilii,
506 2478 545 2516 ex
557 2479 682 2540 quorum
695 2461 786 2536 etirpe
799 2459 991 2518 deeeendunt.
1015 2463 1160 2528 Quemvis
1172 2480 1236 2539 erpo

176 2561 180 2568 ’
199 2555 320 2621 eccepto
334 2543 448 2620 Spiritu
457 2545 572 2622 gratioe
586 2554 616 2600 et
625 2543 847 2604 mirerieordiee
858 2544 918 2602 iem
929 2543 1032 2602 fidele·
1044 2564 1106 2602 non
1122 2545 1236 2602 demna·

200 2629 310 2686 buntur
324 2647 391 2686 eum
408 2629 507 2703 impiis
523 2627 694 2703 perentibus
712 2629 790 2699 euie3
814 2627 955 2686 dolebunt
979 2638 1079 2686 tenen
1100 2639 1234 2705 tnequ-

198 2714 256 2788 ipei
278 2712 420 2783 iecerint,
443 2710 523 2786 quod
537 2711 573 2768 ob
592 2713 651 2770 iilis
671 2711 853 2768 factumest.
893 2710 961 2770 Non
983 2713 1079 2790 igitur
1098 2711 1235 2770 ddebunr

198 2806 284 2854 reetu
298 2797 446 2866 oriminis,
459 2794 510 2852 sed
522 2797 641 2869 pietatis
654 2791 771 2852 affeetu.
803 2793 883 2854 Sene
896 2795 948 2854 ubi
961 2797 1103 2853 dixerunt
1115 2795 1234 2874 Septue

199 2881 490 2958 gintointerpretee,
516 2877 557 2936 lit
571 2879 740 2958 edepiee'ent
753 2879 795 2937 ed
805 2897 865 2949 me,
887 2896 946 2956 pro
959 2899 992 2938 ee
1013 2881 1091 2958 quod
1111 2881 1233 2938 &tulte-

197 2971 320 3018 verunt:
347 2962 389 3016 eie
408 2963 636 3035 interpretatum
654 2965 699 3016 ex'
713 2960 864 3031 Hebraeo,
890 2961 933 3020 Et
950 2965 1121 3042 adspectant
1135 2965 1177 3022 ed
1188 2983 1233 3030 ιε,

198 3062 281 3121 quem
294 3041 491 3113 confixerunt.
535 3045 600 3110 Quo
619 3043 737 3118 quidem
759 3045 848 3103 verbo
864 3045 1031 3104 evidentius
1044 3045 1179 3104 Christe·
1192 3065 1234 3122 ep-

197 3134 282 3202 peret
295 3126 466 3190 crucifixus.
501 3124 561 3188 Sed
573 3128 625 3186 ille
637 3129 806 3200 insultatio,
822 3147 908 3204 quem
921 3127 1123 3207 Septuaginta
1134 3147 1233 3206 ponere

197 3211 377 3282 meluerunt,
391 3211 455 3268 eius
466 3211 623 3277 univereee
636 3231 699 3272 non
710 3211 803 3270 defuit
815 3214 957 3287 pusioni.
977 3212 1053 3270 Nem
1067 3223 1099 3270 et
1111 3213 1233 3280 detentu,

199 3304 229 3350 et
242 3295 382 3374 elligeto,
397 3303 426 3352 et
440 3294 629 3368 ediudieeto,
646 3305 675 3352 et
689 3296 846 3371 opprobrio
860 3297 1079 3374 ignominiosae
1091 3301 1184 3356 venes
1194 3301 1232 3354 in·

198 3377 286 3450 duto,
299 3387 329 3434 et
342 3379 435 3454 epinie
451 3389 607 3451 coronato,
621 3388 651 3435 et
664 3381 775 3436 enlemo
788 3381 820 3436 in
837 3381 931 3454 eapite
943 3397 1104 3455 pereueeo,
1129 3393 1160 3438 et
1174 3383 1232 3438 irri-

198 3461 303 3520 denter
315 3460 403 3520 ilexie
417 3461 544 3540 genibus
557 3461 696 3534 odorato,
723 3473 752 3520 et
765 3481 883 3522 erucem
895 3481 979 3520 suern
991 3467 1142 3537 portenti,
1168 3477 1196 3522 et
1206 3467 1229 3518 in

197 3547 281 3624 ligno
291 3548 350 3604 ium
361 3545 504 3620 pendenti
513 3548 614 3622 utique
624 3547 854 3606 insultaverunt.
876 3546 1004 3604 Proinde
1017 3548 1229 3624 interpretetio·

198 3647 266 3686 uem
279 3649 340 3686 non
353 3639 509 3705 requenter
523 3647 630 3702 unum,
647 3629 702 3688 eed
711 3640 866 3706 utramque
880 3631 1061 3708 iungentes,
1076 3651 1144 3692 eum
1157 3645 1184 3690 et
1194 3635 1230 3689 ie·

197 3711 401 3783 evitaverunt,
429 3721 459 3770 et
471 3713 660 3786 confixerunt
673 3714 814 3792 legimus,
840 3715 956 3789 plenius
969 3716 1130 3774 veritatem
1142 3717 1230 3776 Doni·

196 3794 282 3849 nicae
299 3797 446 3867 passionis
460 3799 655 3874 egrroeoiurus.
910 3853 914 3860 ,

263 3874 335 3944 Cum
350 3894 422 3954 ergo
436 3880 467 3934 in
486 3879 662 3954 prophetieie
676 3883 771 3938 literis
786 3881 821 3942 ud
838 3882 1029 3940 novissimum
1048 3884 1185 3942 iudicium
1197 3885 1230 3940 ta-
