2530 4392
190 225 254 285 DE
278 223 505 284 CIVITATE
530 227 608 286 DEI
630 229 714 286 ΗΒ.
736 229 815 288 XX.
964 237 1020 294 321

42 377 182 450 eranfeoi
191 379 271 436 ciam
286 380 358 436 eins.
380 377 522 436 Accedite
535 380 578 437 ad
589 397 645 452 me,
660 379 698 439 'et
710 383 813 441 andire
822 383 902 442 daec.
926 383 990 444 Non
1005 407 1025 445 a

42 464 138 540 incipoio
150 461 260 518 locatus
274 479 337 518 snm
351 464 382 520 in
396 462 585 520 abscondito:
612 466 866 540 quandofiebant,
880 469 922 525 idi
933 491 1024 528 eoam.

52 565 122 602 nnnc
136 543 276 602 Dominus
288 543 372 603 Dens
385 547 468 602 misit
480 565 534 615 me,
548 555 579 602 et
591 545 726 624 Spiritus
742 553 814 607 eins.
839 550 949 627 Nempe
962 556 1025 628 ipse

42 651 58 699 ¹,
80 629 126 703 qui
137 629 307 703 loquebatur
321 631 399 686 siout
412 629 556 685 Dominus
570 629 666 688 Deus:
694 643 860 690 nontamen
876 636 1024 714 intellige-

42 731 76 768 ur
93 711 166 768 lesus
184 711 331 782 Christus,
357 715 418 770 nisi
438 712 611 786 addidisset,
637 725 666 772 et
686 734 763 774 nanc
781 717 925 776 Dominus
941 719 1025 776 Dens

42 799 77 852 iit
90 815 144 865 me,
168 806 196 852 et
208 794 343 872 Spiritus
357 800 428 854 eins.
467 794 532 853 Hoc
546 799 625 854 onim
638 797 715 856 dixit
728 801 886 859 seeundum
901 804 1026 861 formam

44 881 87 950 vi,
112 878 144 934 do
161 897 192 934 re
210 879 308 935 futura
328 889 414 936 utens
436 883 589 955 praeteriti
602 886 741 958 temporis
755 887 859 942 verbo:
888 889 1026 963 quemad-

43 961 108 1018 dum
120 961 192 1036 apud
205 963 327 1019 eundem
340 962 517 1038 Prophetam
533 966 659 1043 legitur,
685 965 771 1026 Sicut
790 971 851 1026 ocis
867 973 908 1028 ad
926 975 1025 1029 immo-

44 1047 108 1104 dum
122 1047 222 1104 ductas
236 1057 289 1104 est.
311 1047 379 1104 Non
393 1049 540 1120 enimait,
555 1050 691 1108 ducetur:
706 1052 758 1108 sod
771 1071 824 1127 pro
840 1073 874 1110 eo
889 1054 965 1130 quod
979 1057 1024 1112 lu-

42 1150 88 1186 am
99 1139 169 1200 orat,
189 1132 344 1206 praeteriti
357 1134 496 1208 temporis
508 1133 632 1190 verbum
644 1137 751 1208 posuit.
773 1135 814 1192 Et
826 1137 943 1194 assidue
955 1157 1024 1214 pro·

42 1225 77 1271 sta
87 1247 90 1252 ·
102 1216 141 1270 sic
154 1216 291 1290 loquitur.

49 1297 104 1354 Est
116 1307 143 1354 et
156 1300 228 1354 alius
242 1300 324 1356 locus
339 1299 415 1374 apud
426 1297 611 1374 Zachariam,
626 1304 677 1378 qui
689 1301 744 1359 hoc
759 1303 911 1362 evidenter
925 1315 1025 1362 osten-

42 1425 44 1447 ,
69 1381 143 1456 quod
165 1383 397 1456 omnipotentem
420 1386 501 1440 misit
523 1387 724 1461 omnipotens:
751 1389 817 1462 quis
836 1407 938 1464 quem,
966 1392 1025 1445 nisi

42 1485 66 1521 rs
80 1464 165 1522 Pater
178 1465 273 1522 Deum
285 1467 309 1524 F
311 1464 413 1524 illumi
439 1467 515 1524 Nam
538 1470 580 1524 ita
602 1471 745 1545 seriptum
763 1481 819 1528 cst:
849 1471 935 1530 Haeo
950 1474 1025 1530 dicit

42 1551 126 1605 ninas
139 1552 331 1627 omnipotens,
346 1549 418 1608 Post
427 1551 556 1627 gloriam
567 1555 650 1610 misit
663 1573 707 1610 me
717 1571 807 1634 saper
819 1566 935 1632 gentes,
950 1575 1024 1632 qnae

42 1634 185 1690 liavernnt
197 1650 265 1708 oos‚·
289 1637 360 1712 qaia
375 1637 426 1712 pai
437 1637 577 1712 tetigerit
588 1653 655 1706 aas,
683 1641 770 1715 qnasi
781 1641 833 1716 qni
845 1643 948 1716 tangit
962 1659 1023 1718 psi-¹

42 1735 86 1772 am
106 1717 183 1774 oculi
201 1717 274 1773 eius.
314 1717 392 1776 Ecce
408 1737 462 1794 ego
476 1720 609 1792 inferant
622 1739 739 1777 monam
752 1741 846 1778 meane
859 1740 950 1801 snper
964 1739 1023 1794 eos,

42 1810 114 1857 rant
128 1801 283 1879 spoliabis
298 1804 349 1879 pai
365 1805 535 1860 servierant
548 1807 610 1878 eis,·
635 1813 666 1860 et
686 1807 870 1881 cognoscetis
893 1810 944 1884 poi
961 1803 1024 1865 Do-

42 1902 77 1940 as
92 1887 271 1962 omnmotens
286 1887 369 1942 misit
382 1905 436 1943 me.
479 1885 557 1943 Ecce
577 1887 651 1943 dicit
664 1886 810 1945 Dominus
825 1892 1023 1965 omnipotens,

42 1970 138 2024 omino
152 1971 352 2044 omnipotente
367 1971 544 2025 semiesum.
588 1973 661 2037 Quis
675 1969 723 2026 hic
737 1973 844 2028 audeat
856 1975 1023 2054 intelligere

50 2051 198 2108 Christum
214 2054 399 2128 loquentem,
423 2054 539 2108 seilicet
552 2053 655 2109 ovibus
670 2071 744 2126 quae
757 2057 908 2128 perierant
921 2056 1023 2110 domus

44 2131 89 2190 fill
103 2136 152 2191 Ait
165 2153 291 2211 namque
305 2137 337 2192 in
349 2135 525 2213 Evangelio,
539 2133 605 2191 Non
619 2153 682 2191 snm
693 2138 815 2206 missas,
830 2139 891 2193 nisi
903 2139 945 2194 od
957 2155 1024 2196 oves

42 2239 52 2276 s
71 2210 236 2297 perierunt
261 2221 361 2278 domus
375 2216 494 2276 Israil:
522 2237 594 2294 quas
619 2217 667 2273 hio
694 2221 874 2294 comparavit
898 2223 1024 2296 pupillae

42 2306 56 2358 ,i
71 2303 145 2373 Dei,
171 2314 293 2380 propter
315 2304 594 2360 excellentissImum
617 2301 784 2358 dilectionis
807 2301 959 2376 affectum3
987 2323 1024 2360 ex

44 2405 160 2466 genere
174 2390 273 2444 ovium
286 2389 375 2444 etiam
387 2389 443 2461 ipsi
449 2387 582 2462 Apostoli
596 2385 726 2442 fuerunt.
748 2384 806 2442 Sed
818 2397 886 2462 post
898 2389 1025 2466 gloriam

44 2473 208 2528 rrectionis
222 2473 322 2546 utique
334 2489 420 2541 suae,
435 2487 508 2544 quae
522 2479 590 2525 ante
604 2487 692 2544 quam
705 2468 806 2542 fieret,
831 2473 873 2526 ait
884 2471 1024 2550 Evange-

57 2551 225 2629 [loannes,
251 2555 390 2611 Nondum
403 2563 467 2610 erat
480 2551 610 2628 Spiritus
624 2551 727 2624 datus,
755 2551 839 2629 quia]
855 2551 940 2612 leons
953 2575 1025 2612 non-

55 2649 129 2696 erat
145 2637 356 2714 glorificatus,·
381 2639 469 2694 etiam
489 2656 577 2712 super
600 2647 706 2716 gentes
720 2639 827 2694 missus
842 2647 888 2694 est
900 2641 932 2694 in
946 2639 1024 2713 Apo-

42 2742 54 2778 s
72 2723 152 2778 suis:
180 2739 215 2777 aa
226 2723 269 2777 sic
282 2723 433 2796 impletum
446 2731 492 2778 est
505 2720 582 2798 quod
594 2723 626 2778 in
639 2720 755 2778 Psalmo
773 2723 902 2800 legitur,
928 2721 1026 2780 Erues

42 2808 74 2864 ie
96 2806 385 2863 contradictionibus
398 2806 522 2884 popuii,
550 2807 714 2863 constitues
734 2825 780 2864 noe
794 2808 825 2863 in
843 2817 934 2886 capnt
951 2825 1024 2884 gen-

48 2910 61 2946 :
91 2897 128 2945 ut
141 2891 197 2964 qui
209 2890 409 2964 spoliaverant
429 2888 592 2962 lencilino,
618 2889 783 2966 quibusque
796 2887 948 2947 lsrailitae
962 2908 1025 2946 ser-

42 2982 105 3042 int,
120 2972 240 3048 quando
254 2981 325 3029 sunt
338 2973 476 3051 gentibus
489 2973 612 3046 subditi,
625 2992 687 3031 non
700 2975 833 3031 vicissim
847 2975 948 3051 eodem
961 2993 1025 3030 mo·

42 3058 241 3127 soliarentur,
262 3056 314 3112 sed
327 3059 382 3131 ipsi
396 3058 489 3132 spolia
502 3057 609 3114 fierent
620 3056 831 3116 lrrsilitarum·
867 3057 934 3115 Hoc
948 3059 1027 3114 enim

45 3142 120 3196 tolis
135 3141 330 3215 promiserat,
345 3139 462 3210 dicens,
486 3138 610 3197 Faciam
623 3159 675 3200 ooo
682 3145 857 3220 piscatores
871 3141 1025 3199 dominans.

42 3226 76 3280 ni
92 3242 217 3296 eorum,
231 3223 281 3280 En
293 3221 347 3279 hoo
360 3225 434 3292 iam,
448 3221 700 3294 inquitlomiaes
714 3227 776 3280 eris
790 3227 921 3300 capiens.
951 3222 1026 3296 Spo-

42 3327 96 3386 rgo
112 3308 228 3364 fierent
242 3302 356 3383 [fient],
372 3306 422 3360 sed
435 3305 467 3359 in
481 3305 605 3375 bonum,
629 3313 770 3380 tanquam
784 3315 884 3380 erepta
896 3323 968 3362 rasa
981 3305 1027 3360 illi

42 3434 52 3462 ,
79 3393 136 3448 sed
152 3391 263 3448 fortius
277 3389 408 3466 alligato.

42 3486 108 3532 tem
122 3495 181 3552 per
196 3473 320 3530 eundem
333 3470 509 3545 Prophetam
523 3471 666 3527 Dominus
680 3473 821 3546 loquens,
835 3469 877 3526 Et
891 3472 964 3538 erit,
979 3471 1026 3525 in-

73 3563 109 3616 in
125 3558 266 3628 dioillo,
293 3575 436 3634 quaeram
450 3555 577 3628 anferre
590 3571 686 3611 omnes
700 3565 804 3630 gentes
819 3572 893 3630 qaae
905 3554 1028 3610 veniant

42 3664 71 3699 ·a
86 3641 309 3712 Hierusalem,
337 3651 367 3698 et
380 3639 532 3717 effundam
555 3656 646 3718 snper
660 3638 773 3695 domum
787 3637 904 3708 David,
931 3649 961 3695 et
974 3655 1028 3694 sn-

42 3728 236 3784 zabitatores
242 3723 435 3783 Hierusalem
446 3720 594 3801 Spiritum
605 3723 729 3798 gratiae
744 3731 773 3778 et
786 3723 1028 3794 misericordiae‚·

42 3812 198 3888 ispiciens
212 3811 254 3868 ad
264 3829 325 3878 me,
345 3826 407 3888 pro
427 3807 555 3884 eoquod
574 3805 810 3880 insultaverunt;
837 3816 867 3864 et
877 3806 1027 3884 plangent

43 3913 141 3952 ·eam
153 3893 315 3972 planctum
339 3887 427 3972 qnasi
446 3907 537 3972 snper
556 3892 756 3959 eooissimam,
784 3890 963 3966 etfldolednnt
977 3889 1028 3946 do-

699 3971 733 4030 X
