2592 4396
250 215 312 273 DE
337 213 556 274 CIVITA'I'E
582 217 663 276 DEI
688 219 767 279 LIB.
790 223 887 282 XIII.
1019 233 1080 290 405

43 371 221 448 Evangelia3
233 369 316 446 ligna
327 366 489 440 fructifera,
500 379 634 443 sanctos3
648 369 762 429 fructus
774 383 871 432 autem
882 397 995 453 eorum,
1009 402 1079 459 ope-

43 476 74 514 ra
88 468 204 524 eorum3
228 455 343 531 lignum
356 453 445 524 vitae,
460 463 594 510 sanctum
608 464 787 529 sanctorum,
801 461 903 535 utique
917 461 1080 540 Christum

42 543 153 619 lignum
165 539 310 594 scientiae
322 537 391 592 boni
409 546 439 593 et
456 539 543 610 mali,
569 541 720 613 proprium
736 543 898 600 voluntatis
917 547 1079 606 arbitrium.

42 625 99 681 Nec
113 641 146 678 se
159 623 226 696 ipso
240 621 348 696 quippe
360 619 447 677 bomo
462 619 563 678 divina
576 624 726 681 voluntate
746 634 893 685 contemta
907 631 966 686 nisi
978 635 1078 707 perni-

41 711 116 764 ciose
129 707 174 762 uti
186 712 299 780 potest:
320 713 406 780 atque
419 706 462 760 ita
475 703 573 776 discit,
588 706 657 782 quid
669 709 800 780 intersit,
815 720 914 769 utrum
927 713 1081 773 inhaereat

41 789 186 848 communi
197 787 332 844 omnibus
344 787 433 860 bono,
444 807 482 846 aa
493 791 611 865 proprio
623 791 794 850 delectetur.
809 791 850 851 Se
862 798 968 873 quippe
978 818 1079 856 amans

40 876 164 932 donatur
178 873 246 944 sibi,
266 881 300 926 ut
312 871 381 927 inde
394 873 567 945 timoribus,
578 877 815 953 moeroribusque
830 883 993 956 completus
1008 901 1078 940 can-

41 969 80 1014 tet
92 959 123 1014 in
138 956 266 1025 Psalmo,
287 956 314 1010 si
326 965 425 1012 tamen
439 959 515 1014 mala
528 976 582 1014 sua
595 961 699 1032 sentit,
725 959 774 1018 Ad
786 981 830 1019 me
844 963 941 1040 ι’ρσιαα
953 966 1079 1025 turbata

41 1053 83 1099 eet
95 1043 197 1100 animo
208 1058 291 1097 mea:
305 1043 513 1117 correctusque
526 1043 585 1099 iarn
599 1043 687 1116 dicat,
700 1043 919 1105 Fortitudinem
932 1069 1025 1108 meam
1038 1050 1081 1110 ad

41 1136 67 1184 te
80 1124 255 1182 custodiam.
282 1123 380 1196 Haec,
406 1133 436 1180 et
453 1127 478 1181 si
492 1144 549 1201 qua
567 1129 625 1184 alia
639 1127 819 1184 commodius
834 1128 892 1187 dici
903 1143 1030 1207 possunt
1042 1132 1078 1190 de

40 1206 230 1286 intelligendo
245 1208 417 1280 spiritaliter
429 1209 582 1284 paradiso,
606 1214 724 1268 nemine
741 1209 914 1284 prohibente
929 1216 1077 1276 dicantur:

41 1292 102 1348 dum
122 1302 222 1348 tamen
242 1299 273 1345 ct
289 1292 370 1348 illius
388 1290 530 1348 historiae
549 1295 660 1349 veritas
677 1294 847 1351 fidelissima
864 1314 964 1354 rerum
977 1308 1078 1377 gesta·

39 1395 99 1432 rum
112 1375 284 1432 narratione
298 1373 500 1432 commendata
511 1375 656 1433 credatur.

407 1491 528 1552 CAP.
571 1493 712 1554 XXII.

38 1591 76 1644 De
95 1592 251 1659 corporibus
271 1599 425 1645 sanctorum
442 1600 507 1660 pact
526 1595 760 1658 resurrectionem,
787 1611 855 1664 puae
880 1597 919 1650 ric
939 1597 1078 1666 spiritalia

260 1671 347 1727 nont,
362 1671 394 1714 ut
403 1679 455 1714 aaa
464 1663 494 1716 ia
504 1663 631 1730 spiritum
642 1681 707 1718 caro
717 1673 852 1718 certatur.

100 1750 231 1826 Corpora
245 1771 317 1830 ¹crgo
337 1753 482 1809 iustorum
497 1771 574 1829 quae
591 1756 623 1812 in
641 1757 857 1813 resurrectione
875 1757 975 1813 lutura
995 1766 1077 1829 sunt,

37 1854 128 1911 neque
143 1837 203 1892 ullo
222 1837 306 1914 ligno
320 1835 510 1913 indigebunt,
535 1856 591 1913 quo
611 1837 663 1896 liat
675 1849 708 1896 ut
720 1841 801 1896 nullo
814 1839 916 1898 morbo
929 1841 978 1898 vel
990 1858 1076 1896 sene-

37 1930 112 1976 ctute
130 1921 299 1976 inveterata
315 1921 494 1992 moriantur;
514 1941 609 1998 neque
629 1925 698 1980 ullis
716 1925 783 1980 aliis
804 1925 1003 2000 corporalibus
1022 1925 1076 1980 ali-

35 2005 150 2074 montia,
165 2003 269 2078 quibus
281 2002 431 2059 esuriendi
445 2022 479 2058 ac
493 2005 612 2060 sitiendi
625 2009 839 2080 qualiscunque
850 2009 985 2062 molestia
995 2007 1077 2063 devi-

35 2097 122 2144 tetur:
148 2087 290 2161 quoniam
303 2095 383 2144 certo
398 2096 428 2142 et
441 2089 521 2142 omni
537 2087 624 2144 modo
642 2087 808 2145 inviolabili
821 2107 943 2146 munere
957 2089 1077 2144 immor-

34 2173 155 2228 talitatis
170 2169 348 2241 induentur,
366 2178 398 2226 ut
412 2189 472 2226 non
486 2172 544 2225 nisi
556 2173 661 2242 velint,
675 2171 880 2246 possibilitate,
900 2189 960 2228 non
974 2188 1077 2227 neces-

34 2257 119 2312 sitate
130 2263 301 2312 vescantur.
325 2252 410 2320 Quod
421 2253 529 2332 Angeli
543 2272 658 2330 quoque
670 2255 828 2312 visibiliter
841 2264 871 2312 et
884 2255 1078 2312 tractabiliter

33 2347 220 2412 apparentes,
235 2354 296 2392 non
310 2338 379 2412 quia
391 2335 576 2416 indigebant,
591 2337 642 2396 sed
653 2340 721 2416 quia
734 2339 874 2397 volebant
887 2349 918 2397 et
929 2348 1077 2414 poterant,

33 2433 62 2478 ut
79 2420 249 2478 bominibus
270 2430 471 2498 congruerent
489 2423 533 2478 sui
557 2423 717 2478 ministerIi
739 2422 863 2497 quadam
881 2421 1077 2492 humanitate,

31 2506 178 2562 fecerunt.
211 2503 315 2579 Neque
336 2505 415 2560 enim
433 2506 465 2560 in
483 2503 687 2579 phantasmate
699 2503 830 2582 Angelos
845 2505 941 2560 edisse
954 2503 1077 2560 ereden-

31 2590 97 2646 dum
117 2598 182 2660 est,
207 2586 324 2662 quando
343 2605 393 2644 eos
412 2586 546 2643 homines
567 2585 692 2664 hospitio
713 2595 920 2660 susceperunt:
945 2587 1078 2660 quamvis

30 2683 131 2730 utrum
148 2671 258 2748 Angeli
277 2681 380 2726 essent
400 2671 624 2747 ignorantibus,
643 2671 791 2724 consimili
808 2669 893 2726 nobis
911 2667 1078 2746 indigentia

29 2759 112 2820 vesci
124 2755 308 2813 viderentur.
339 2751 423 2810 Vnde
443 2761 488 2808 est
508 2752 583 2828 quod
602 2753 644 2808 ait
657 2752 789 2830 Angelus
806 2754 839 2808 ln
859 2751 935 2809 libro
949 2750 1078 2809 Tobiae:

31 2839 57 2895 V
57 2840 189 2897 idebctia
204 2856 249 2895 me
262 2837 453 2907 manducare,
469 2837 522 2894 sed
532 2838 599 2894 cisa
611 2847 712 2894 cestra
725 2836 890 2912 videbatis3
909 2835 939 2892 id
954 2845 1009 2908 est,
1024 2855 1077 2892 ne-

28 2923 172 2979 cessitate
184 2919 339 2978 reficiendi
353 2923 496 2994 eorporis,
511 2921 587 2976 sicut
600 2939 653 2977 vos
667 2918 776 2992 facitis,
789 2940 836 2977 me
851 2921 949 2978 cibum
962 2938 1077 2976 sumere

27 3006 186 3082 putabatis.
234 3001 294 3061 Sed
312 3005 337 3058 si
356 3003 431 3060 forte
451 3005 487 3060 de
504 3005 627 3082 Angelis
646 3005 725 3060 aliud
745 3004 914 3062 credibilius
933 3005 1077 3078 disputari

26 3099 141 3165 potest:
168 3098 249 3146 certe
272 3085 345 3144 fides
360 3085 528 3144 Christiana
549 3089 584 3144 de
606 3090 669 3163 ipso
691 3087 847 3147 Salvatore
868 3109 930 3146 non
953 3088 1078 3158 dubitat,

26 3173 105 3248 quod
120 3175 214 3229 etiam
227 3180 293 3247 post
305 3173 569 3244 resurrectionem,
589 3173 648 3227 iarn
662 3171 777 3246 quidem
790 3175 823 3229 in
837 3174 963 3249 spiritali
977 3191 1077 3243 carne,

25 3257 78 3312 sed
92 3269 197 3314 tamen
217 3274 304 3327 vera,
329 3255 425 3310 cibum
439 3273 473 3310 ac
486 3265 588 3328 potum
601 3274 668 3310 cum
686 3255 837 3329 discipulis
852 3257 964 3312 sumsit.
1009 3254 1077 3311 Non

25 3343 106 3398 enim
121 3349 273 3416 potestas,
293 3337 345 3394 sed
358 3347 473 3416 egestas
488 3337 593 3395 edendi
606 3357 640 3395 ac
653 3337 772 3395 bibendi
785 3338 891 3394 talibus
906 3339 1077 3411 corporibus

23 3425 194 3480 auferetur.
219 3421 303 3479 Vnde
317 3431 347 3478 et
360 3423 504 3497 spiritalia
513 3432 615 3494 erunt3
630 3441 691 3480 non
706 3423 774 3496 quia
788 3438 911 3494 corpora
923 3437 987 3474 esse
1001 3417 1077 3472 desi-

25 3518 119 3581 stent,
136 3505 192 3564 sed
206 3507 276 3582 quia
289 3507 394 3580 spiritu
407 3505 578 3562 vivificante
591 3507 760 3562 subsistent.

390 3621 513 3680 CAP.
557 3620 721 3678 XXIII.

25 3721 99 3785 Quid
107 3721 322 3791 intelligendum
333 3720 369 3772 sit
380 3721 411 3772 de
422 3736 534 3788 corpore
542 3719 656 3773 animali
666 3726 693 3770 et
704 3717 734 3768 de
745 3731 879 3783 corpores
898 3713 989 3766 iritals'
995 3731 1006 3776 ;
1029 3724 1077 3766 out

122 3791 176 3862 qai
185 3789 341 3844 moriuntur
351 3789 380 3842 ia
393 3787 488 3854 Adam,
508 3789 555 3858 qai
565 3806 627 3842 ocra
639 3785 814 3857 vivificantur
824 3785 853 3838 in
885 3783 983 3837 'bristo

84 3881 167 3940 Nam
179 3882 258 3938 sieut
270 3898 392 3957 corpora
404 3882 472 3952 ista,
487 3896 563 3956 quae
573 3875 682 3936 habent
692 3878 819 3934 salmam
830 3878 990 3950 viventem,
1004 3895 1074 3933 non-
