2538 4392
209 213 265 272 ιιι
437 155 1029 262 n1vluvunu11'svevsum1

206 365 365 430 natusest,
384 363 504 413 aeterne
523 344 819 426 etque-immuuhilis
843 342 1009 424 significata
1033 351 1088 414 est,
1114 361 1169 418 per
1192 343 1241 402 hos

206 444 283 524 quod
295 437 465 500 adiunctum
478 444 534 508 est,
548 432 591 492 llo
603 453 660 492 nest
673 437 873 500 convertetur,
886 445 977 506 usque
984 427 1154 505 poenitebit
1167 446 1242 503 cusq

123 531 126 539 ⁴
206 529 341 608 queniam
354 543 412 584 non
426 531 472 580 est
484 521 564 577 siout
580 517 677 589 tomo,
710 524 745 574 ut
755 514 915 593 poeniteat
927 515 1007 570 eunt:
1032 513 1099 589 ι’ριι
1111 512 1242 570 minatur

204 621 236 670 et
246 627 304 669 nou
311 613 471 688 permonet
478 623 489 662 .·
513 602 545 660 id
558 611 617 674 est,
631 600 717 658 hemo
729 601 869 668 minatur,
881 606 914 654 et
922 613 983 653 nen
995 604 1165 670 permanat3
1185 613 1241 652 nen

207 703 304 752 eutem
317 691 412 763 Deus,
431 706 519 764 quem
532 704 592 743 nen
603 685 746 761 poenitet,
758 683 835 740 sieut
847 679 1005 738 hominem.
1038 677 1097 736 Vbi
1111 681 1191 736 enim
1201 682 1241 736 le-

151 841 152 844 *
205 779 296 857 gitur,
309 774 388 852 quod
401 771 639 848 poenitentem,
653 769 776 825 mutatio
788 783 886 824 rerum
898 763 1095 844 significetur,
1108 765 1240 820 immuta·

205 862 257 919 bili
267 855 463 936 praescientia
474 863 612 912 manente
624 852 733 910 divina.
742 850 881 930 Vbiergo
892 867 952 908 non
965 849 1117 924 poenitere
1126 847 1240 917 dieitur,

184 983 186 986 -
207 961 268 1002 nen
281 951 395 1000 mutare
408 939 594 1017 intelligitur.

270 1023 396 1082 Prorsus
410 1023 598 1084 insolubilem
609 1019 741 1079 videmus
758 1037 811 1095 per
827 1015 900 1074 haee
912 1015 1002 1074 verba
1014 1017 1153 1092 prolatam
1165 1014 1242 1070 divi-

207 1111 286 1169 nitus
300 1109 395 1166 fuisse
408 1107 587 1166 seutentiam
601 1105 636 1162 de
648 1106 706 1162 istu
720 1103 864 1161 divisione
876 1101 975 1176 pepuli
987 1099 1090 1168 Israel,
1106 1107 1133 1154 et
1145 1097 1242 1154 omui-

208 1211 246 1252 no
259 1202 438 1268 perpetuam.
473 1188 648 1266 Quicunque
664 1190 744 1246 enim
757 1186 795 1245 ad'
805 1184 954 1244 Christum
971 1185 1172 1254 transierunt,
1197 1183 1244 1237 vel

208 1287 378 1352 transeunt,
414 1279 463 1336 vel
487 1277 655 1336 transibunt
680 1274 766 1346 inde,
800 1281 885 1330 erant
908 1270 977 1328 inde
1001 1265 1167 1326 seeundum
1191 1264 1246 1353 Dei

207 1363 444 1440 praeseientiane,
459 1379 521 1418 nen
532 1361 693 1418 seeundum
704 1359 823 1438 generis
833 1355 954 1412 humani
962 1371 1052 1410 unum
1062 1352 1242 1427 eundemque

205 1453 351 1503 neumam.
373 1445 498 1502 Prorsus
518 1447 686 1522 quicunque
704 1461 742 1498 ex
761 1431 1114 1498 israelitisudhaerentes
1126 1435 1243 1493 Christo

205 1538 394 1605 perseverant
407 1529 440 1584 in
453 1529 516 1599 illo,
539 1545 690 1602 nunquam
703 1533 869 1588 erunteum
884 1523 928 1578 eis
935 1520 1098 1592 israelitis,
1120 1519 1172 1596 qui
1184 1521 1242 1575 eius

205 1611 321 1668 inimiei
331 1629 426 1684 usque
439 1611 471 1666 in
484 1610 573 1666 linem
585 1612 664 1666 vitae
677 1607 765 1687 huius
780 1626 844 1665 esse
856 1605 1032 1683 persistunt:
1057 1603 1111 1660 sed
1123 1605 1158 1660 in
1172 1602 1242 1659 divi-

206 1693 302 1763 sione‚
317 1710 391 1766 quse
403 1691 452 1748 hie
464 1694 671 1767 praenuntiato
684 1702 739 1765 ¹est,
753 1701 893 1766 perpetuo
906 1688 1126 1766 permanebunt.
1166 1685 1242 1743 Nihil

206 1776 285 1831 enim
297 1773 417 1848 prodest
430 1773 652 1832 Testamentum
670 1783 757 1832 vetus
771 1774 919 1830 demente
933 1771 1006 1833 Sina
1024 1772 1056 1827 in
1073 1771 1242 1827 seruitum

206 1875 371 1936 generans,
397 1859 457 1914 nisi
481 1859 550 1933 quia
572 1859 773 1916 testimenium
791 1855 923 1932 perhibet
943 1856 1138 1914 Testamenta
1161 1871 1243 1911 noso.

205 1941 347 2015 Alioquin
361 1959 450 2016 quum
460 1941 510 1997 diu
522 1943 631 2019 legitur
644 1940 780 2017 Moyses,
793 1941 928 1997 velamen
941 1957 1028 2012 super
1041 1937 1133 1996 eorde
1147 1955 1244 1994 eorum

206 2024 334 2098 positum
348 2033 408 2081 ests
435 2043 525 2100 quum
538 2033 637 2081 sutem
650 2021 856 2100 quisqueinde
869 2024 1020 2080 transierit
1032 2021 1070 2076 ad
1084 2017 1243 2090 Christum,

207 2105 357 2164 suferetur
369 2109 511 2165 velamen.
533 2107 763 2164 Transeuntium
778 2109 883 2182 quippe
899 2107 1027 2166 intentio
1038 2106 1105 2180 ipsu
1117 2113 1244 2161 mutatur

207 2188 243 2246 de
255 2191 408 2247 vetereed
419 2205 545 2264 novum;
559 2200 593 2248 ut
605 2209 666 2247 nen
677 2191 736 2246 ism
746 2192 872 2266 quisque
885 2190 1020 2248 intendet
1033 2187 1171 2263 aoeipere
1185 2205 1242 2243 eur·

207 2275 318 2343 nalem,
341 2273 392 2330 sed
414 2277 576 2349 spiritalem
596 2274 775 2332 felicitatem.
807 2271 931 2348 Propter
948 2271 1023 2348 quod
1043 2272 1109 2346 ipse
1122 2289 1243 2349 magum

113 2430 116 2435 .
206 2354 356 2430 Propheta
367 2355 499 2429 Samuel,
513 2365 582 2414 ente
597 2361 684 2433 quem
696 2357 833 2414 unxisset
844 2373 944 2436 regem
957 2353 1044 2427 Seul,
1059 2354 1181 2430 quande
1194 2371 1242 2410 ax-

207 2440 344 2514 ola'mavit
357 2439 394 2496 ad
406 2439 566 2498 Dominum
578 2459 631 2516 pro
649 2439 766 2512 lmus
781 2449 812 2496 at
827 2439 981 2496 exaudivit
1000 2452 1082 2509 eum3
1110 2447 1143 2494 et
1160 2455 1245 2514 quum

206 2519 325 2580 offerret
336 2521 565 2592 holocaustosim
579 2519 824 2601 [holocaustum],
850 2522 1054 2580 secedentibus
1067 2523 1245 2600 alienigenis

207 2605 243 2664 ad
255 2625 386 2686 pugnem
400 2618 504 2666 contre
515 2610 656 2684 populum
669 2607 742 2680 Dei,
761 2609 860 2664 tonuit
872 2605 1019 2664 Dominus
1032 2623 1123 2680 super
1138 2623 1206 2676 eos,
1220 2613 1247 2660 et

207 2689 323 2748 confusi
336 2702 416 2764 sunt,
430 2701 460 2749 et
473 2689 662 2750 offenderunt
675 2689 889 2762 eorsmlmel,
913 2697 1002 2766 atqua
1015 2687 1149 2764 superati
1162 2697 1246 2744 sunt:

206 2777 346 2831 assumsit
358 2774 485 2850 lapidem
496 2793 604 2847 unum,
628 2783 658 2832 et
671 2776 776 2831 statuit
788 2767 875 2831 illum'
883 2775 962 2832 inter
974 2770 1143 2847 Mussephet
1156 2769 1246 2848 [Mas-

205 2853 288 2930 phat]
301 2875 409 2914 novam
421 2867 451 2914 et
457 2865 598 2930 veterem,
606 2867 638 2914 ot
649 2859 767 2914 voeuvit
777 2869 884 2914 nemen
896 2859 959 2914 eius
968 2856 1157 2928 Abannae,
1171 2852 1247 2930 qued

206 2947 252 2994 est
264 2938 369 2994 Latine
382 2939 470 3013 Lupis
483 2939 625 3000 adiutorio
640 2935 820 3016 [adiutoriils
835 2949 866 2996 et
877 2941 963 3012 dixit,
981 2937 1078 3016 Vsque
1089 2937 1147 2996 luse
1159 2939 1247 2996 ads'ss·

204 3021 251 3076 os’t
262 3037 315 3076 nes
329 3020 483 3078 Dominus.
515 3021 685 3098 Messephst
696 3025 912 3100 intenpretetur·
921 3021 1063 3080 intentio(
1094 3022 1181 3098 Lapis
1193 3021 1247 3078 ille

205 3099 349 3160 adiutoria
361 3091 503 3162 medietas
518 3115 563 3164 est
575 3105 756 3180 Submotis,
776 3122 829 3184 pes
847 3125 933 3184 quem
945 3105 1160 3164 trasmundum
1173 3113 1246 3161 esta

205 3183 372 3263 Mussephst
384 3197 486 3246 vetere
499 3189 536 3248 ed
549 3207 666 3265 nevam,
681 3191 712 3247 id
726 3202 781 3263 est,
796 3191 830 3248 ab
844 3191 1010 3248 intentione
1022 3207 1080 3267 qua
1094 3195 1246 3263 exspeeta·

205 3270 294 3329 natur
306 3273 338 3329 in
352 3274 465 3346 emnsli
476 3291 570 3354 regne
584 3268 735 3333 beatitudo
747 3270 821 3332 iulsu
833 3275 975 3347 eumelio,
1000 3274 1037 3330 ed
1049 3274 1246 3330 intentionem

206 3371 263 3434 qus
280 3373 334 3430 per
351 3374 461 3414 nevum
479 3357 701 3416 Testamentum
722 3368 912 3434 exequentur
929 3359 962 3416 in
979 3373 1075 3436 ragno
1101 3357 1249 3413 coelorum

205 3436 358 3496 beatitudo
374 3442 527 3500 verissime
548 3444 704 3516 spiritalis:
730 3460 787 3519 que
806 3445 947 3517 queniam
966 3439 1040 3498 nihil
1062 3447 1110 3496 est
1130 3439 1248 3503 melius,

205 3518 264 3580 huo
277 3541 372 3600 usque
383 3524 502 3582 ediuvat
515 3525 606 3583 Deus.

205 3712 251 3768 Da
257 3719 479 3784 promissionibus
488 3723 526 3775 ad
535 3641 732 3794 Daeciuisyduo
743 3641 809 3786 οἶαι,
820 3643 888 3794 dodae
898 3725 1052 3788 nullatenus
1061 3719 1091 3773 s‘n
1098 3719 1252 3778 Salonem,

441 3794 488 3844 sed
493 3791 647 3860 plenissime
657 3793 833 3846 inueniuntur
842 3795 873 3848 in
887 3792 1004 3845 Christo.

272 3853 333 3911 lam
354 3877 434 3918 nune
454 3865 541 3922 video
560 3881 624 3922 esse
645 3867 866 3924 monstrandum
890 3866 960 3942 quid
983 3865 1039 3942 ipsi
1057 3861 1178 3934 David,
1203 3859 1252 3938 (1¹i
