2602 4416
273 193 338 252 DE
373 193 587 254 CIVITATE
619 195 697 256 DEI
729 201 809 261 its.
842 205 863 263 l.
1050 216 1093 278 27

53 357 140 404 nante
154 365 220 424 qua
238 347 497 404 immortalitatem
518 350 634 407 ιιιίιιιιι
655 350 741 424 vidit,
768 372 955 434 nequaquam
979 362 1093 423 sacien-

52 431 124 503 dum,
153 433 235 506 quin
252 432 345 486 etiam
358 429 574 503 prohibendum
587 452 652 490 esse
669 436 840 495 iudicasset.

102 514 182 571 *Ad
203 516 289 570 enim
308 515 397 570 multi
415 532 448 570 sc
465 515 699 591 interemerunt,
729 539 768 578 ue
788 523 820 578 in
838 541 943 582 manus
963 525 1091 588 hostium

48 599 254 672 pervenirent.
299 595 370 653 Non
392 596 481 653 ruodo
509 602 677 673 quaerimus
702 613 803 660 utrum
827 608 868 662 sit
890 608 1014 680 factum,
1040 613 1091 671 sed

48 693 142 737 utrum
161 681 263 736 fuerit
281 678 462 736 faciendum.
505 677 586 738 Sana
609 687 715 760 qnippe
739 689 816 744 ratio
840 691 929 748 etiam
951 697 1092 768 exemplis

47 762 260 838 anteponenda
286 771 345 834 est,
374 765 424 820 cui
449 763 567 838 quidem
592 775 623 821 ct
649 772 783 844 exempla
809 774 1009 846 concordant,
1039 777 1091 833 sed

46 850 89 903 illa
102 865 183 923 quae
197 855 289 903 tanto
304 845 446 924 digniora
461 857 532 904 sunt
543 849 726 926 imitatione,
752 864 863 929 quanto
878 859 1091 917 excellentiora

44 933 162 1004 pietate.
220 929 293 987 Non
317 931 458 986 iecerunt
479 930 691 1007 Patriarebae,
722 955 783 994 non
808 937 993 1013 Prophetae,
1027 961 1089 1000 uon

45 1015 194 1087 Apostoli:
223 1015 299 1088 quia
313 1022 344 1069 et
356 1015 421 1087 ipse
435 1012 581 1072 Dominus
595 1015 741 1090 Christus,
761 1020 879 1095 quando
894 1041 956 1096 eos,
981 1025 1008 1080 si
1020 1042 1088 1098 per·

45 1098 232 1153 secutionem
251 1105 450 1170 paterentur,
477 1098 582 1175 fugere
602 1099 755 1159 admonuit
775 1103 811 1160 de
829 1105 950 1164 civitate
968 1109 1000 1164 iu
1013 1109 1088 1165 ciri-

44 1189 149 1251 tatem,
178 1181 285 1254 potuit
299 1179 508 1238 admonerent
526 1183 583 1238 sibi
599 1201 704 1241 ιιιιιιιιι
724 1187 886 1260 inferrent,
912 1208 952 1247 ne
975 1192 1008 1247 in
1026 1208 1088 1248 ma-

44 1282 97 1318 nus
110 1265 368 1338 persequentium
380 1265 582 1336 pervenirent.
625 1265 719 1324 Porro
739 1272 766 1325 si
777 1269 834 1326 hoc
850 1273 901 1326 ille
913 1289 976 1329 non
988 1275 1088 1344 iussit,

46 1355 95 1400 aut
107 1348 240 1417 monuit,
266 1354 304 1402 ut
331 1363 368 1400 eo
393 1346 480 1402 modo
503 1349 552 1404 sui
572 1366 611 1404 ex
626 1348 683 1405 hac
700 1353 763 1408 vita
781 1353 957 1430 migrarent,
983 1354 1089 1430 quibua

46 1429 243 1504 migrantibus
261 1429 439 1484 mansiones
457 1439 594 1488 aeternas
614 1450 646 1488 sc
667 1443 910 1510 praeparaturum
935 1453 1001 1492 esse
1019 1453 1089 1510 pro·

47 1512 152 1582 misit,
183 1511 336 1586 quaelibet
370 1515 505 1587 exempla
530 1525 683 1588 opponent
712 1527 818 1594 gentes
844 1537 921 1594 quae
946 1521 1090 1598 ignorant

47 1593 161 1666 Deum,
187 1595 386 1654 manifestum
405 1605 451 1652 est
466 1594 523 1652 hac
543 1615 604 1654 non
625 1599 716 1656 licere
735 1602 900 1657 colentibus
922 1619 1016 1659 unum
1036 1621 1088 1661 se·

46 1696 107 1734 rum
119 1677 229 1735 Deum.
646 1679 679 1758 (⁴
692 1683 732 1740 al.
749 1681 884 1743 OAPVT
900 1683 1046 1756 XXIII.)

395 1779 417 1837 C
443 1781 468 1837 A
493 1777 525 1837 Ρ.
568 1778 601 1837 X
614 1777 736 1839 XIII.

45 1857 126 1920 Quale
141 1859 297 1926 exemplam
312 1858 352 1910 sit
370 1857 551 1942 Catonupai
563 1859 705 1942 ιιιιιιιῗιιιι
724 1860 853 1916 Caesarie
868 1879 921 1916 aon
929 1864 1041 1936 serem,
1061 1881 1088 1917 se

489 1939 636 1982 enteremat.

100 2015 170 2074 Sed'
177 2023 283 2073 tamen
297 2017 344 2072 illi
358 2017 449 2073 etiam
475 2027 592 2092 praeter
605 2017 784 2092 Lucretiam,
812 2019 848 2076 dc
865 2039 925 2097 qua
936 2039 1027 2096 supra
1039 2039 1087 2079 sa-

43 2103 77 2156 tis
97 2099 181 2176 quod
201 2100 363 2156 videbatur
390 2099 531 2175 diximus,
561 2119 622 2158 non
648 2103 737 2158 facila
762 2105 917 2175 reperiunt
940 2104 976 2159 dc
1002 2105 1087 2161 euius

44 2185 225 2240 auctoritate
251 2183 470 2257 praescribant,
497 2186 557 2241 nisi
582 2187 672 2242 illum
684 2185 838 2258 Catonem,
865 2188 916 2261 qui
934 2205 967 2243 se
984 2185 1087 2244 Vticae

45 2267 164 2324 occidit:
193 2285 261 2323 non
276 2267 347 2342 quia
359 2267 442 2323 solus
455 2268 485 2324 id
498 2269 587 2342 iecit,
605 2269 658 2326 sed
672 2271 741 2345 quia
754 2270 802 2326 vir
815 2269 919 2327 doctus
934 2279 964 2327 et
976 2271 1086 2346 probus

45 2348 219 2422 habebatur,
247 2357 285 2404 ut
303 2349 411 2404 merito
436 2360 559 2424 putetur
583 2363 665 2409 recte
692 2354 782 2409 etiam
802 2351 868 2408 fieri
886 2355 1022 2427 potuim
1038 2355 1087 2410 vel

44 2451 125 2505 posse
144 2431 231 2507 quod
249 2432 335 2488 fecit.
379 2431 427 2487 De
453 2437 538 2490 euius
564 2436 644 2491 facto
671 2435 742 2511 quid
767 2437 954 2509 potissimum
980 2436 1087 2510 dieam,

44 2518 97 2570 nisi
120 2515 205 2591 quod
229 2516 321 2571 amici
334 2516 400 2570 eius
422 2518 512 2574 etiam
536 2516 617 2574 docti
639 2519 758 2592 quidam
783 2519 859 2590 viri,
887 2522 938 2593 qui
950 2519 1008 2574 hoe
1021 2519 1088 2575 lieri

44 2599 219 2670 prudentius
239 2596 470 2672 dissuadebant,
496 2601 701 2656 imbecillioris
727 2618 816 2673 quam
837 2601 973 2654 fortioris
997 2600 1089 2656 animi

44 2682 159 2737 lacinus
187 2699 256 2737 esse
284 2691 483 2754 consuerunt,
512 2701 571 2756 quo
590 2681 846 2735 demonstraretur
869 2699 931 2734 non
948 2679 1088 2736 honestas

44 2765 143 2837 turpia
156 2781 356 2837 praecavens,
381 2763 433 2819 sed
445 2765 603 2821 infirmitas
617 2763 742 2819 adversa
756 2781 818 2818 non
832 2757 1008 2819 sustinensi
1021 2761 1088 2820 Heu

44 2856 75 2902 ct
87 2848 149 2920 ipsc
162 2847 238 2904 Cato
255 2849 288 2904 in
304 2864 362 2902 suo
377 2849 529 2904 carissimo
543 2847 605 2903 filio
620 2845 773 2903 indicavit.
795 2844 871 2902 Nam
884 2848 910 2902 si
921 2855 1009 2920 turpe
1023 2857 1088 2903 erat

44 2932 94 2986 sub
114 2933 248 2988 victorie
273 2921 413 2987 Caesaris
436 2933 549 3002 vivere,
577 2947 631 2986 cur
653 2938 758 2986 auctor
779 2928 868 2986 huius
891 2929 1086 3004 turpitudinis

43 3023 123 3086 pater
136 3014 203 3070 lilio
218 3013 295 3086 fuit,
323 3031 412 3087 quem
438 3013 473 3069 de
492 3013 628 3071 Caesaris
646 3013 831 3090 benignitate
846 3015 947 3069 omnia
966 3031 1087 3086 sperare

46 3094 220 3172 praecepiti
248 3095 312 3154 Cur
325 3113 388 3152 non
402 3105 433 3152 et
445 3099 529 3154 illum
554 3115 656 3153 seeum
677 3097 775 3174 eoigit
792 3094 830 3151 ad
841 3093 988 3152 morteuil
1012 3095 1088 3152 Nam

44 3182 69 3234 si
91 3200 160 3237 eum
182 3179 293 3251 filium,
322 3180 376 3253 qui
399 3190 504 3236 contra
525 3180 681 3254 imperium
699 3179 732 3234 in
754 3178 870 3234 hostem
886 3185 1087 3256 pugnaverat,

45 3265 131 3319 etiarn
144 3265 298 3320 victorem
311 3260 499 3318 laudabiliter
513 3262 684 3336 Torqustus
704 3261 828 3334 occidit3
853 3279 907 3317 cur
919 3265 1018 3319 victus
1039 3263 1086 3318 ri·

46 3355 90 3400 eto
104 3346 167 3402 lilio
182 3346 323 3420 pepercit
336 3342 421 3417 Cato,
440 3347 491 3420 qui
504 3363 565 3402 non
578 3347 711 3419 pepercit
725 3341 800 3400 sibil
822 3345 868 3401 An
881 3346 998 3418 turpius
1013 3351 1087 3411 erat,

49 3439 149 3484 tantm
162 3431 329 3503 imperium
344 3443 409 3482 esse
423 3429 582 3500 victorem,
610 3445 695 3502 quarn
716 3436 821 3484 contra
838 3427 928 3484 decus
947 3428 1027 3484 ferre
1041 3425 1088 3479 vi-

49 3509 175 3568 ctoremi
202 3511 297 3568 Nullo
311 3509 400 3566 modo
413 3513 507 3589 igitur
522 3510 595 3568 Cato
609 3519 696 3583 turpe
710 3529 775 3579 esse
787 3509 941 3581 iudicavit,
969 3507 1023 3562 sub
1042 3507 1088 3561 vi-

48 3601 127 3648 ctore
139 3593 273 3652 Caesare
286 3593 404 3652 vivere:
423 3595 556 3670 alioquin
570 3593 605 3650 ab
619 3592 674 3649 hac
687 3593 873 3666 turpitudine
887 3601 1011 3664 paterno
1027 3587 1088 3644 fer-

48 3693 82 3730 ro
95 3676 188 3736 filium
201 3677 357 3734 liberaret.
402 3677 481 3744 Quid
498 3687 646 3754 asterga,
672 3677 733 3732 nisi
747 3675 826 3752 quod
838 3675 933 3730 filium
948 3681 1089 3746 quantum

48 3763 167 3832 amavit,
195 3762 247 3816 cui
261 3759 348 3835 parci
360 3778 378 3816 ι
392 3759 518 3816 Caesare
532 3769 561 3816 et
575 3760 705 3832 speravit
718 3768 750 3814 et
763 3759 869 3825 voluit,
894 3764 1012 3813 tantum
1022 3757 1091 3834 glo-

50 3842 110 3898 riae
123 3845 218 3918 ipsius
234 3843 391 3914 Caeneum,
418 3861 456 3900 nc
470 3845 504 3902 ab
518 3845 570 3900 illo
586 3843 674 3899 etiam
688 3843 745 3897 sibi
766 3847 954 3913 parceretur,
980 3848 1015 3894 ut
1027 3841 1092 3912 ipse
