2530 4392
221 245 281 302 29⁰
451 233 552 296 DIVI
575 232 764 294 evannit
782 233 1037 324 Avuvsnlnl

127 420 132 430 ·
222 397 253 452 in
275 393 318 451 eis
335 409 414 450 nunc
430 389 592 450 includitur
608 400 639 448 et
659 384 784 464 quodem
794 385 882 445 modo
901 388 1012 466 tegitur
1029 387 1172 448 inimicus
1186 393 1244 450 anu

223 495 315 554 quus,
342 485 372 532 et
385 473 510 533 detecto
522 475 603 551 ipsse
622 481 728 544 erunt,
754 469 870 546 quondo
892 472 924 528 in
945 482 1080 546 opertum
1103 473 1203 532 odium
1220 475 1245 532 ds

222 569 322 636 operto
339 567 493 633 erupturae
503 564 584 614 sunt.
620 553 707 622 Quod
718 573 790 614 vero
803 556 857 612 eit:
883 553 927 613 Et
937 556 1162 616 adscenderunt
1173 577 1246 638 sepes

221 653 324 702 terrae
337 640 544 712 latitudinem,
564 647 595 698 et
604 639 763 698 decerunt
773 649 878 698 castro
890 647 1063 696 sanctorem
1077 651 1109 699 et
1122 642 1244 701 &lectu

221 728 391 786 civitatem:
404 741 466 782 non
478 725 580 799 utique
593 721 630 780 od
642 741 733 779 unum
745 724 843 780 locum
855 724 987 790 venisse,
1003 724 1050 780 vel
1063 727 1184 782 reuniri
1196 745 1244 783 esse

221 807 383 888 significati
400 816 486 880 sunt,
513 807 598 884 qnasi
616 807 713 882 sliqno
731 825 791 864 uno
808 809 873 864 loco
891 805 990 863 future
1004 807 1067 863 sint
1081 818 1181 866 oestro
1192 827 1245 866 sun·

222 904 334 950 etornm
349 901 380 948 et
398 889 505 948 dilecte
523 891 643 961 civitus3
668 889 817 948 cumliaco
832 910 891 948 non
904 891 943 946 sit
956 890 1016 946 nisi
1029 888 1145 949 Christi
1156 891 1245 950 Eccle-

221 979 265 1034 sio
277 985 340 1036 toto
353 984 498 1033 terrerum
512 975 581 1032 orbe
599 971 720 1052 diffuso:
747 993 782 1031 uc
794 993 847 1050 per
858 973 914 1030 hoc
927 973 1098 1052 ubicunque
1110 985 1180 1033 tnnc
1190 979 1247 1046 crit,

221 1079 294 1136 quoe
313 1061 346 1116 in
364 1055 498 1116 omnibus
515 1058 654 1138 gentibus
673 1059 747 1131 erit,
775 1057 851 1134 quod
864 1057 1063 1136 significatum
1079 1069 1127 1117 est
1142 1063 1247 1118 nemim

221 1142 387 1200 latitudinis
401 1151 514 1216 terroe,
540 1141 582 1198 ibi
596 1150 683 1199 erunt
700 1151 796 1199 cestro
809 1151 991 1212 sanctorum,
1017 1141 1062 1198 ili
1079 1145 1139 1200 crit
1156 1143 1247 1201 dilecta

221 1225 286 1284 Deo
299 1228 403 1286 civiter
417 1229 496 1300 eins3
522 1225 564 1284 ibi
577 1225 613 1282 ub
628 1226 761 1283 omnibus
774 1226 902 1284 inimicis
915 1227 992 1296 suis,
1015 1228 1086 1302 quio
1104 1239 1137 1285 es
1154 1229 1207 1304 ipsi
1223 1231 1246 1283 io

224 1311 356 1368 omnibus
369 1310 506 1389 gentibus
519 1329 587 1368 curn
600 1310 650 1366 ills
663 1319 765 1382 erunt,
790 1311 1001 1386 persecutionis
1021 1311 1103 1368 illins
1125 1314 1247 1368 immuni-

223 1405 282 1452 tote
296 1396 450 1474 cingetur,
467 1392 521 1452 hoc
534 1403 595 1466 est,
609 1395 641 1450 in
655 1395 808 1472 augustius
823 1394 1022 1451 tribulationis
1033 1395 1196 1468 srtsbitnr,
1208 1415 1246 1452 ur-

221 1479 354 1556 gebitur‚
378 1478 584 1549 concludetur3
610 1497 664 1534 uec
683 1479 817 1534 militium
830 1497 911 1534 suum
924 1477 1055 1549 deseret,
1083 1497 1161 1555 quus
1173 1498 1245 1537 vuss-

224 1561 291 1618 bulo
305 1571 351 1618 cst
365 1563 507 1636 appellata
523 1571 695 1618 castrorum.

222 1789 264 1843 Ao
274 1791 311 1842 od
320 1789 443 1842 ultimum
452 1711 759 1859 suppliciumffoedtiddot
768 1711 911 1915 i'ndpdolr'um
916 1830 924 1858 ,
934 1793 1005 1862 proed
1013 1793 1179 1848 descendisse
1188 1793 1246 1865 ignit

438 1861 470 1912 de¹
479 1863 566 1924 coelo,
576 1869 603 1913 et
613 1861 714 1913 eosdem
724 1879 797 1916 come
815 1864 866 1916 isse
876 1873 1048 1916 moneretur.

286 1949 369 2018 Quod
382 1969 451 2008 vero
465 1952 522 2022 uit,
542 1949 584 2008 Et
597 1951 750 2010 descendit
761 1954 839 2030 ignis
853 1953 993 2024 decocto,
1008 1964 1038 2012 et
1052 1955 1181 2012 consedit
1193 1973 1248 2012 eos:

223 2053 283 2092 non
297 2044 458 2092 extremum
473 2033 635 2110 putandum
647 2045 691 2092 est
704 2036 735 2092 id
748 2055 812 2094 esse
823 2039 1008 2114 supplicium,
1022 2038 1101 2114 quod
1113 2039 1182 2110 crit,
1195 2058 1248 2094 eun

223 2119 351 2191 dicetur,
377 2117 534 2178 Discedite
556 2139 576 2176 a
593 2139 637 2178 me
655 2119 807 2178 maledicti
819 2123 850 2178 in
864 2124 960 2200 ignem
979 2132 1147 2179 aeternum.
1176 2121 1248 2178 Tune

222 2205 327 2280 qnippe
340 2205 372 2261 in
385 2204 485 2282 ignem
499 2203 653 2260 mittentur
665 2205 732 2278 ipsi,
747 2222 806 2261 non
821 2206 899 2282 ignis
911 2203 946 2260 de
960 2207 1042 2262 coelo
1054 2207 1161 2263 veniet
1174 2225 1247 2280 super

222 2290 312 2363 ipsos.
350 2285 408 2347 Hic
421 2295 518 2342 nutem
531 2287 606 2356 bene
618 2289 795 2367 intelligitur
813 2291 892 2366 ignis
910 2289 945 2346 de
958 2289 1053 2360 coelo,
1080 2287 1117 2344 de
1130 2291 1196 2365 ipse
1207 2289 1247 2346 fir-

221 2373 322 2426 mitate
335 2379 518 2441 sanctorum,
533 2389 592 2446 qnu
605 2391 665 2428 non
679 2373 789 2428 cessuri
802 2381 873 2429 sunt
885 2371 1093 2442 saevientibus,
1107 2383 1145 2430 ut
1159 2393 1247 2430 corun

222 2453 333 2510 fociant
344 2455 534 2512 voluntatem.
572 2453 800 2512 Firmamentum
814 2457 892 2512 enirn
904 2466 950 2513 est
962 2457 1093 2527 coelum,
1112 2459 1196 2514 cuins
1209 2457 1248 2513 fis·

222 2540 321 2594 mitate
336 2539 380 2594 illi
394 2537 603 2594 cruciabuntur
621 2539 826 2596 ardentissimo
846 2541 925 2612 selo;
951 2541 1088 2617 qnoniam
1110 2559 1175 2598 non
1195 2551 1247 2617 pot·

223 2630 308 2678 erunt
326 2619 471 2679 attrahere
491 2622 523 2676 in
540 2631 637 2698 portes
651 2621 826 2679 Antichristi
845 2633 962 2680 sanctos
978 2621 1098 2680 Christi.
1138 2624 1181 2682 Et
1196 2627 1247 2700 ipse

174 2733 182 2738 -
223 2707 279 2761 erit
292 2706 371 2784 ignis
385 2707 436 2782 qui
449 2705 580 2762 comedet
593 2725 659 2778 eos,
674 2716 703 2762 et
713 2705 768 2763 hoc
780 2726 800 2763 c
813 2705 895 2766 Deo:
921 2709 989 2784 quio
1001 2705 1060 2764 Dei
1073 2727 1199 2768 munere
1212 2711 1245 2764 iu

222 2791 399 2866 superabiles
413 2789 488 2844 fiunt
501 2791 612 2860 sancti,
624 2789 702 2847 unde
717 2793 923 2850 excruciantur
936 2791 1055 2848 inimici.
1080 2791 1170 2850 Sicut
1182 2795 1244 2848 eois

221 2874 342 2928 inbono
355 2873 483 2946 positum
496 2881 557 2942 est,
581 2870 671 2930 Zelus
686 2875 784 2932 domos
798 2884 868 2933 tuae
881 2873 1007 2933 comedit
1018 2894 1080 2934 me:
1098 2877 1145 2934 ite
1159 2896 1175 2932 e
1188 2895 1244 2932 con

223 2956 328 3025 trunio,
345 2951 434 3010 Zelus
448 2957 603 3032 occupavit
609 2957 726 3032 plebem
740 2959 936 3030 ineruditam,
958 2968 988 3016 et
1000 2978 1079 3016 ncnc
1092 2961 1178 3038 ignis
1191 2979 1245 3016 cos

222 3037 335 3102 tragico
350 3037 487 3094 comedet.
531 3036 573 3094 Et
585 3057 662 3096 nunc
675 3043 792 3116 ntique,
806 3051 928 3118 excepto
943 3043 1057 3098 scilicet
1070 3045 1171 3100 ultimi
1180 3044 1247 3098 illius

220 3121 290 3196 igne
303 3118 413 3174 iudicii.
435 3120 495 3177 Aut
508 3121 534 3176 si
547 3122 639 3195 ipsam
651 3125 783 3204 plagam,
798 3144 854 3202 quc
867 3125 1054 3200 percutiendi
1067 3137 1142 3184 sunt
1153 3125 1247 3183 Eccle-

221 3205 281 3258 siue
294 3213 511 3278 persecutores,
526 3207 664 3262 veniente
677 3207 735 3264 iem
748 3207 875 3279 Christo,
889 3227 961 3285 quos
974 3210 1109 3266 viventes
1123 3209 1247 3268 inveniet

220 3306 306 3362 super
319 3297 457 3371 terram„
471 3287 586 3364 quondo
600 3291 759 3348 interficiet
773 3291 983 3350 Antichristum
1001 3294 1108 3368 spiritu
1121 3295 1185 3350 cris
1197 3291 1246 3356 sui,

220 3373 319 3450 ignem
333 3373 488 3446 appellavit
502 3370 725 3430 descendentem
740 3375 774 3431 de
790 3377 887 3448 coelo,
914 3393 1022 3452 eosque
1041 3374 1245 3432 comedentem.

219 3474 315 3531 neque
327 3454 381 3511 hoc
395 3457 529 3510 ultimum
546 3459 719 3532 supplicium
739 3461 797 3516 erit
811 3460 987 3534 impiorum,
1013 3457 1066 3514 sed
1084 3457 1160 3516 illud
1179 3451 1244 3534 quod

220 3539 298 3596 fecte
312 3556 465 3613 corporum
477 3541 693 3597 resurrectione
706 3543 821 3618 passuri
834 3554 911 3599 sunt.

600 3655 720 3717 CAP.
757 3657 878 3718 x111.

226 3747 270 3802 Ao
280 3750 367 3818 [cote]
382 3763 485 3820 tempus
498 3755 692 3820 persecutionis
707 3757 872 3812 Antichrists'
886 3759 958 3812 mille
973 3762 1053 3814 anso
1067 3762 1161 3830 [usn]
1171 3765 1259 3813 cns·

482 3825 636 3878 merendum
646 3835 687 3879 est
696 3828 902 3894 [uoouneerandi
911 3827 988 3897 sint]

287 3885 367 3946 Haec
380 3897 544 3964 persecutio
558 3899 731 3972 novissime,
758 3920 830 3978 quae
842 3901 940 3960 futuru
954 3913 999 3960 est
1010 3904 1045 3960 sb
1058 3903 1244 3968 mucium.
