2586 4396
234 200 273 254 to
453 189 550 250 DIVI
571 187 758 246 AVRELII
788 185 1038 245 AVGVSTINI

232 346 392 414 custodito;
416 343 507 412 male,
535 338 637 396 ordine
655 339 832 413 perturbato.
876 338 959 406 Quod
973 340 1004 394 in
1022 338 1107 396 laude
1134 342 1252 416 quadan

231 429 316 488 Cerei
327 428 454 484 breviter
465 423 598 481 versibus
610 422 671 478 dixi
685 421 735 500 [in
747 422 832 480 laude
844 423 960 498 quidam
973 420 1114 480 cremeris
1127 425 1252 482 breviter

230 511 359 569 versibus
371 505 472 582 dixitl:

310 591 392 650 Haec
405 601 455 648 tua
468 599 553 658 sunt,
566 589 643 644 hona
657 597 742 661 sunt,
753 590 822 665 quia
834 597 866 646 tu
880 589 973 646 bonus
986 591 1044 645 ista
1056 592 1165 647 creasti

310 675 361 734 Nil
374 683 506 732 nostrum
521 673 610 730 estin
624 672 681 744 eis,
704 674 763 730 nisi
776 672 851 747 quod
864 691 1015 746 peccamus
1029 683 1168 745 amantes,

312 758 423 816 Ordine
437 758 588 834 neglecto,
601 774 653 830 pro
666 765 712 828 te,
727 755 803 832 quod
816 756 954 812 conditur
966 756 1016 812 abs
1030 766 1068 812 ιι.

229 843 350 902 Creator
362 850 459 898 autem
472 841 498 896 si
511 841 655 896 veraciter
668 848 794 912 ametur,
815 838 870 896 hoc
883 849 945 912 est,
969 841 995 895 si
1007 841 1085 914 ipse,
1102 860 1163 900 non
1175 845 1251 901 allud

229 947 282 1002 pro
295 927 344 982 illo
356 923 433 999 quod
445 932 561 982 nonest
573 924 645 998 ipse,
660 933 782 995 ametur,
795 925 869 980 male
880 924 972 980 ornari
982 941 1041 980 nou
1052 934 1156 1000 potest.
1180 926 1250 983 Nam

231 1019 260 1067 et
273 1027 355 1068 amor
374 1009 436 1083 ipse
457 1005 590 1064 ordinate
606 1006 745 1064 amandus
767 1016 825 1078 est,
851 1006 928 1082 quod
950 1007 1024 1064 bene
1047 1017 1159 1065 amatur
1176 1011 1250 1084 quod

229 1093 383 1152 amandum
397 1103 458 1164 est,
483 1100 516 1148 ιιι
534 1091 573 1146 sit
589 1091 622 1146 iu
640 1091 724 1146 nobis
741 1091 835 1148 virtus
854 1109 911 1166 qua
922 1092 1033 1148 vivitur
1045 1090 1127 1148 bene.
1168 1091 1249 1150 Vnde

229 1177 299 1234 milri
312 1175 444 1249 videtur,
470 1174 546 1250 quod
563 1173 695 1232 definitio
711 1173 808 1231 brevis
825 1183 855 1230 et
871 1193 943 1232 vera
953 1175 1089 1246 virtutis,
1113 1173 1191 1232 Ordo
1205 1188 1251 1233 ιιι

229 1263 350 1318 amoris:
377 1269 494 1336 propter
517 1259 647 1332 quadiu
674 1267 776 1314 sancto
803 1256 923 1316 Castico
950 1258 1124 1316 canticarrm
1148 1268 1250 1316 cantat

229 1363 336 1420 sponsa
349 1343 473 1414 Christi,
487 1340 597 1398 Civitas
610 1341 682 1412 Dei,
699 1337 847 1400 Ords'aate
860 1343 891 1397 ia
903 1359 946 1398 me
959 1343 1125 1400 ceritatem.
1152 1341 1250 1400 Huius

229 1431 322 1507 igitur
336 1428 476 1498 caritatis,
489 1424 544 1482 hoc
558 1435 614 1498 ιιι,
628 1425 793 1482 dilectionis
807 1435 838 1482 ιι
849 1425 955 1482 amoris
964 1423 1249 1500 ordinepertnrbato,

230 1511 324 1569 Deum
337 1511 391 1566 filii
404 1510 462 1566 Dei
476 1510 684 1585 neglexerunt,
699 1517 729 1564 ιι
741 1509 815 1564 filias
824 1507 973 1566 hominum
986 1507 1159 1566 dilexerunt.
1181 1511 1250 1576 Qui·

228 1594 282 1652 bus
297 1594 407 1650 duobus
420 1591 586 1648 nominibus
598 1593 669 1648 satis
683 1591 796 1650 Civitas
809 1601 934 1666 utraque
947 1591 1130 1650 discernitur.
1152 1593 1250 1668 Neque

229 1679 307 1734 enim
320 1685 349 1732 ιι
361 1677 406 1732 illi
419 1694 479 1732 uon
493 1683 578 1730 erant
590 1675 644 1730 filii
656 1673 805 1732 hominurn
816 1695 867 1751 per
880 1684 1029 1734 naturam:
1044 1675 1094 1732 sed
1107 1677 1187 1734 aliud
1199 1697 1249 1734 no·

228 1779 295 1816 men
309 1768 465 1832 coeperant
479 1757 586 1813 habere
602 1777 655 1832 per
668 1760 801 1835 gratiam.
844 1758 919 1816 Nam
931 1760 963 1814 in
977 1760 1077 1816 eadem
1090 1758 1248 1834 Scriptura,

229 1843 278 1916 ubi
291 1842 362 1898 dicti
376 1850 444 1898 sunt
458 1841 595 1898 dilexisse
608 1840 682 1897 filias
695 1840 845 1899 hominum
856 1841 911 1898 filii
924 1841 991 1914 Dei,
1004 1841 1092 1898 iidem
1104 1844 1173 1900 dicti
1184 1854 1249 1898 snut

229 1927 316 1982 etiam
327 1927 425 2004 angeli
438 1923 504 1982 Dei.
526 1923 608 1982 Vnde
621 1925 687 1982 illos
700 1927 785 1982 multi
796 1935 911 2002 putant,
936 1945 994 1983 nou
1005 1925 1137 1984 homines
1147 1927 1250 1997 fuisse,

229 2007 279 2064 sed
292 2011 420 2087 angeles.

577 2091 698 2148 cAP.
741 2090 904 2150 xx111.

232 2188 436 2244 decredendum
447 2189 497 2252 sit,
516 2191 624 2255 orrgeloa
640 2188 810 2242 substantioe
824 2189 957 2258 spiritalis
972 2205 1062 2244 amore
1076 2192 1246 2259 speciosam

263 2257 401 2311 mulierum
411 2267 502 2326 captos
513 2259 655 2310 eorundem
669 2257 761 2338 iniisse
775 2259 916 2340 coniugia,
936 2277 969 2314 ιι
984 2259 1077 2330 quibas
1089 2261 1220 2330 gigantes

664 2335 719 2379 seat
728 2336 822 2380 create.

287 2435 379 2500 Quam
393 2436 591 2508 quaestionem
601 2452 654 2490 nos
665 2443 852 2491 transeunter
863 2446 1115 2494 commemoratam
1124 2439 1158 2494 in
1167 2440 1249 2494 tertis

227 2515 313 2574 huius
328 2516 432 2592 Operis
445 2516 519 2573 libro
533 2515 703 2592 reliquimus
716 2518 888 2591 insolutam,
902 2518 1004 2576 Vtrum
1016 2523 1132 2595 possint
1145 2523 1252 2600 angeli,

229 2621 294 2658 cum
306 2602 424 2676 spiritus
438 2603 515 2672 sint,
542 2602 732 2675 corporaliter
752 2604 832 2658 coire
849 2622 914 2660 cum
934 2605 1059 2660 Ienunis.
1103 2603 1253 2681 Scriptum

229 2696 273 2742 ιιι
286 2686 381 2756 enim,
398 2683 461 2754 Qut
470 2685 559 2756 facit
571 2683 692 2762 angelos
706 2701 774 2742 suos
788 2689 931 2764 spiritus:
956 2688 986 2744 id
1000 2697 1058 2760 est,
1072 2707 1123 2745 eos
1137 2693 1190 2765 qui
1204 2708 1254 2744 na·
1274 2729 1275 2736 ι

227 2779 295 2826 tura
309 2770 428 2844 spiritus
442 2778 524 2840 sunt,
538 2767 609 2832 facit
622 2787 686 2825 esse
699 2771 819 2848 angelos
834 2786 917 2843 suos,
936 2772 1117 2850 iniungendo
1132 2775 1175 2830 eis
1191 2771 1254 2828 olli-

228 2855 304 2910 cium
317 2851 479 2910 nuntiandi.
501 2853 557 2918 Qui
570 2853 648 2908 euim
662 2852 774 2910 Graece
787 2853 893 2912 dicitur
906 2848 1043 2927 ἅγγελος,
1058 2857 1133 2931 quod
1145 2875 1254 2914 nonreu

227 2935 333 2992 Latina
346 2933 542 2990 declinatione
555 2937 676 3012 angelus
690 2934 873 3011 perhibetur,
899 2939 1004 2997 Latina
1016 2941 1118 3019 lingua
1129 2941 1255 2994 nuntius

226 3019 442 3091 interpretatur.
486 3015 545 3074 Sed
558 3027 657 3074 utrum
675 3039 773 3076 eorum
787 3038 907 3097 corpora
921 3033 1129 3099 consequenter
1140 3020 1255 3078 adiun-

227 3101 320 3171 xerit,
347 3098 485 3172 dicendo,
511 3099 553 3158 Et
567 3103 719 3160 ministros
732 3119 800 3160 suos
814 3107 909 3182 ignem
928 3108 1097 3166 ardentem:
1123 3124 1162 3162 an
1175 3106 1255 3180 quod

228 3184 350 3240 caritate
372 3193 508 3259 tanquam
529 3187 599 3264 igne
618 3188 742 3262 spiritali
758 3189 871 3246 fervere
890 3189 1013 3248 debeant
1029 3191 1157 3246 ministri
1175 3190 1255 3258 cius,

227 3267 392 3345 anrbiguum
407 3277 461 3324 est.
502 3269 679 3345 apparuisse
696 3279 793 3328 tamen
810 3271 973 3332 hominihus
992 3277 1115 3352 angelos
1133 3275 1165 3328 in
1183 3272 1255 3326 tali-

225 3351 279 3408 bus
293 3353 480 3427 corporibus,
505 3363 538 3410 ιιι
551 3371 613 3410 non
625 3353 718 3412 solum
737 3355 849 3427 sideri,
875 3373 976 3413 verum
989 3357 1077 3414 etiarn
1088 3357 1175 3435 tangi
1186 3373 1255 3430 pos-

226 3445 307 3504 sent,
323 3435 422 3491 cadem
434 3437 586 3494 verissima
596 3435 748 3511 Scriptura
760 3447 891 3498 testatur.
932 3439 972 3498 Et
984 3443 1123 3516 quoniam
1137 3439 1255 3498 ereber-

224 3521 299 3576 rima
311 3519 388 3576 lama
401 3529 460 3591 est,
478 3521 620 3596 multique
634 3539 665 3576 se
679 3532 832 3596 expertos,
849 3526 896 3581 vel
908 3524 944 3582 ab
957 3527 999 3580 eis
1012 3527 1063 3599 qui
1076 3525 1196 3598 experti
1209 3539 1255 3578 es-

224 3612 308 3673 sent,
333 3601 368 3658 de
382 3603 571 3678 quorum-fide
585 3603 771 3664 dubitandum
783 3626 843 3666 uon
856 3617 915 3680 est,
939 3608 1051 3673 audisse
1066 3608 1256 3672 confirmant,

226 3681 379 3754 Siluanos,
405 3695 435 3741 et
451 3685 582 3759 Faunos,
609 3705 680 3762 quos
702 3691 790 3768 vulgo
814 3692 935 3748 incubos
956 3701 1076 3762 vocant,
1105 3689 1257 3765 improbos

226 3782 312 3838 saepe
330 3769 477 3824 exstitisse
495 3770 684 3842 mulieribus,
712 3783 741 3828 et
758 3792 855 3830 earum
881 3777 1024 3850 appetisse
1041 3793 1075 3830 ιι
1101 3775 1258 3852 peregisse

228 3849 427 3921 concubitum3
454 3861 483 3906 et
496 3853 633 3930 quosdam
646 3853 815 3928 daemones,
836 3875 907 3934 quos
921 3859 1028 3916 Dusios
1042 3857 1123 3915 Galli
1138 3873 1256 3914 nuncu·
