2576 4396
204 143 267 200 264
433 133 533 193 DIVI
553 123 742 191 AVRELlI
767 127 1023 189 AVGVSTlNl

204 295 295 362 tium,
320 307 373 364 pro
392 285 458 342 aliis
477 283 616 342 adversus
636 285 708 340 alios
722 299 869 339 exercere.
913 280 945 338 ld
959 283 1037 338 enim
1049 281 1167 340 videtur
1179 280 1253 360 phi-

204 371 345 448 losophus
360 387 480 426 curasse
493 366 679 438 Platonicus,
700 385 737 422 ne
751 385 817 422 cum
829 363 902 421 haec
915 383 932 420 a
944 367 1039 440 poetis
1053 377 1252 440 canerentur,

205 475 266 514 non
281 473 298 512 a
311 451 502 508 daemonibus
515 449 635 521 mediis,
663 449 714 505 sed
737 448 772 504 ab
794 450 866 524 ipsis
885 448 959 520 diis,
986 467 1109 524 quorum
1122 452 1253 508 nomina

205 547 309 616 poetae
322 535 461 614 fingendo
474 542 604 612 ponunt,
630 533 695 588 fieri
710 530 908 588 crederentur.
1111 539 1112 542 ’

584 681 707 739 cAP.
750 680 863 738 Vlll.

204 782 249 836 De
260 782 311 834 diis
321 779 477 834 coelestibus
488 787 515 830 et
530 777 699 830 deessentibus
713 777 810 841 atriis,
828 777 1028 848 hominibusque
1044 779 1160 833 terrenis
1172 779 1253 850 Apu·

554 847 601 898 seit
610 847 750 900 Platonici
766 847 895 916 depisitio.

274 955 352 1025 Quid
369 957 420 1012 illa
438 957 501 1030 ipsa
519 954 651 1012 definitio
666 953 854 1025 daemonum,
879 971 1019 1028 parumne
1031 956 1176 1014 intuenda
1189 967 1252 1030 est,

118 1098 125 1105 ,
207 1035 270 1119 (ubi
284 1049 366 1096 certe
377 1057 477 1095 omnes
493 1037 714 1094 determinando
733 1039 904 1111 complexus
923 1033 1002 1114 est,)
1029 1039 1106 1113 quod
1119 1041 1161 1095 ait
1176 1040 1251 1096 dae-

208 1141 310 1181 mones
325 1141 389 1177 esse
403 1140 513 1200 genere
526 1121 680 1192 animalia,
698 1121 796 1177 annno
810 1122 941 1195 passiva,
963 1130 1062 1177 mente
1075 1123 1252 1195 rationalia,

209 1225 332 1280 corpore
346 1205 440 1274 acria,
454 1214 586 1278 tempore
599 1199 737 1260 aeternal
763 1201 798 1259 ln
811 1202 916 1278 quibus
929 1203 1058 1278 quinque
1069 1223 1252 1261 commemo·

209 1291 298 1359 ratis,
313 1287 386 1344 nihil
400 1287 477 1343 dixit
489 1289 625 1358 omnino,
639 1286 716 1362 quod
729 1286 884 1342 daemones
898 1304 964 1343 eum
976 1285 1062 1342 bonis
1076 1290 1179 1343 saltem
1192 1286 1252 1344 ho·-

207 1371 336 1428 minibus
349 1370 380 1426 id
390 1371 562 1427 viderentur
575 1369 683 1426 habere
697 1387 865 1438 commune,
880 1367 957 1444 quod
969 1387 1030 1425 non
1044 1379 1122 1428 esset
1135 1373 1168 1426 in
1182 1390 1252 1428 ma-

206 1457 252 1512 lis.
279 1453 356 1510 Nam
373 1455 452 1528 ipsos
465 1451 598 1509 homines
612 1470 677 1508 cum
690 1452 845 1526 aliquando
860 1453 948 1508 letius
962 1450 1150 1510 describendo
1166 1473 1252 1511 com·

206 1539 400 1613 plecteretur,
429 1555 483 1592 suo
500 1537 566 1590 loco
584 1533 620 1589 de
638 1533 697 1590 illis
712 1534 812 1590 dicens
826 1543 966 1610 tanquam
984 1535 1019 1591 de
1032 1536 1139 1592 infimis
1156 1547 1252 1612 atque

207 1619 354 1688 terrenis,
381 1637 448 1674 cum
465 1619 547 1692 prius
568 1616 694 1674 dixisset
714 1617 749 1672 de
763 1618 937 1673 coelestibus
952 1617 1023 1690 diis;
1050 1629 1083 1675 ut
1097 1637 1251 1676 commen-

208 1701 283 1757 datis
298 1701 409 1757 duabus
420 1700 553 1775 partibus
568 1719 606 1756 ex
619 1719 731 1758 summo
746 1709 776 1756 et
788 1699 889 1756 infimo
902 1702 1013 1756 ultimis
1027 1703 1116 1758 tertio
1131 1704 1196 1760 loco
1212 1703 1251 1760 de

207 1783 312 1842 mediis
327 1782 515 1839 daemonibus
529 1785 715 1860 loqueretur:
743 1781 860 1861 „Igitur
872 1781 1020 1856 homines,
1032 1785 1140 1860 inquit,
1153 1787 1250 1843 ratio-

209 1885 271 1939 „nc
284 1867 430 1937 cluentes,
457 1867 590 1923 oratione
603 1868 765 1942 pollentes,
785 1866 998 1923 immortalibus
1013 1869 1134 1940 animis,
1153 1872 1250 1926 mori-

209 1947 338 2023 „bundis
352 1949 509 2019 membris,
528 1949 643 2006 levibus
658 1959 688 2005 et
700 1950 798 2006 anxiis
812 1949 974 2020 mentibus,
1001 1949 1095 2006 brutis
1110 1961 1140 2008 ct
1152 1951 1261 2012 otum„

208 2034 290 2106 „xiia
303 2033 484 2106 corporibus,
499 2031 688 2088 dissimilibus
700 2031 842 2102 moribus,
854 2031 996 2088 similibus
1007 2035 1165 2106 erroribus,
1178 2055 1250 2109 per-

208 2117 327 2188 „ricaci
340 2115 477 2187 audacia,
491 2116 638 2189 pertinaci
656 2133 725 2190 spe,
752 2132 835 2170 casso
853 2113 970 2186 labere,
994 2115 1113 2172 fortuna
1127 2117 1250 2192 caduca,

208 2200 405 2276 „singillatim
417 2199 574 2270 mortales,
601 2199 702 2254 cuncti
714 2206 813 2254 tamen
825 2199 964 2254 universo
978 2217 1088 2276 genere
1100 2205 1249 2274 perpetui,

209 2283 364 2355 „vicissim
379 2279 550 2336 sufficienda
562 2282 644 2355 prclc
656 2281 827 2352 mutabiles,
853 2281 967 2338 volucri
989 2291 1135 2356 tempore,
1163 2285 1251 2341 tarda

210 2365 394 2438 „sapientia,
420 2365 479 2420 cita
499 2373 609 2436 morte,
637 2365 757 2440 querula
775 2365 837 2420 vita
854 2373 949 2420 terras
962 2365 1128 2421 incolunt.“
1172 2365 1251 2424 Cum

207 2445 256 2501 hic
280 2454 341 2504 tam
363 2449 455 2504 multa
478 2447 605 2520 diceret,
632 2465 707 2524 quae
726 2446 763 2503 ad
779 2448 919 2523 plurimos
934 2446 1066 2504 homines
1085 2451 1250 2522 pertinent,

208 2529 352 2605 numquid,
364 2531 452 2587 etiam
464 2530 537 2587 illud
549 2533 660 2603 tacuit,
687 2530 764 2606 quod
776 2539 900 2588 noverat
913 2549 976 2586 esse
988 2549 1164 2606 paucorum,
1196 2535 1250 2591 ubi

208 2613 267 2685 ait,
295 2613 379 2670 tarda
390 2610 555 2690 sapientiai
584 2615 668 2682 Quod
681 2615 707 2670 si
718 2615 979 2689 praetermisisset,
1004 2617 1084 2671 nullo
1097 2615 1185 2672 modo
1197 2635 1250 2674 re-

208 2705 256 2752 cte
278 2716 373 2774 genus
392 2696 551 2754 humanum
565 2697 770 2772 descriptionis
786 2695 873 2753 huius
887 2706 947 2753 tam
960 2699 1075 2754 intenta
1088 2697 1250 2776 diligentia

113 2795 115 2799 ’
207 2781 406 2836 terminasset.
450 2779 524 2835 Cum
548 2798 618 2836 vero
641 2781 763 2836 deorum
786 2781 991 2837 excellentiam
1017 2783 1247 2856 commendaret,

207 2862 302 2936 ipsam
312 2861 537 2930 beatitudinem,
553 2879 612 2936 quo
625 2864 730 2919 volunt
741 2861 874 2919 homines
888 2883 939 2938 per
954 2865 1126 2940 sapientiam
1138 2883 1249 2940 perre-

207 2945 289 3014 nire,
316 2945 348 2998 in
361 2945 403 2998 eis
416 2943 571 3001 affirmavit
584 2947 738 3002 excellere.
783 2945 911 3003 Proinde
924 2949 949 3002 si
962 2949 1072 3022 aliquos
1087 2947 1249 3008 daemones

207 3026 302 3081 bonos
315 3028 404 3082 vellet
416 3027 559 3105 intelligi,
574 3029 684 3104 aliquid
698 3031 786 3086 etiam
799 3031 830 3085 in
844 3031 973 3104 ipsorum
984 3031 1179 3105 descriptione
1193 3051 1249 3108 po-

208 3118 310 3180 neret,
330 3108 408 3165 unde
421 3111 469 3165 vel
483 3129 548 3167 cum
561 3111 617 3168 diis
632 3115 758 3188 aliquam
772 3113 961 3170 beatitudinis
974 3111 1103 3188 partem,
1117 3117 1166 3171 vel
1180 3135 1249 3174 cum

207 3189 374 3248 hominibus
389 3194 618 3270 qualemcunque
629 3199 801 3270 sapientiam
811 3205 987 3270 putarentur
997 3195 1103 3253 habere
1113 3189 1249 3257 eommu-

206 3291 285 3330 nem.
329 3274 415 3333 Nunc
432 3295 502 3332 vero
521 3281 633 3334 nullum
652 3279 761 3336 bonum
781 3297 885 3338 eorum
906 3281 1158 3353 commemoravit}
1188 3301 1248 3358 quc

206 3355 279 3414 boni
293 3358 501 3416 discernuntur
515 3363 638 3418 amalis.
666 3363 806 3429 Quamvis
821 3372 851 3419 et
866 3381 967 3419 eorum
979 3364 1109 3419 malitiae
1121 3365 1249 3424 liberius

208 3441 415 3514 exprimendae
426 3446 607 3518 pepercerit,
634 3463 694 3500 uon
709 3453 769 3500 tam
782 3465 819 3502 ne
832 3447 927 3520 ipsos,
952 3465 1039 3522 quam
1058 3465 1097 3502 nc
1116 3449 1248 3508 cultores

208 3542 310 3581 eorum
335 3525 411 3600 apud
437 3545 510 3601 quos
537 3528 724 3600 loquebatur,
750 3526 925 3586 offenderet:
953 3529 1134 3608 ignificavit
1145 3541 1248 3591 tamen

205 3607 413 3682 prudentibus,
429 3608 544 3684 quidde
557 3611 616 3665 illis
628 3612 739 3666 sentire
750 3611 902 3682 deberent;
918 3612 1152 3689 quandoquidem
1163 3614 1248 3689 deos,

127 3712 134 3726 ο
206 3707 280 3763 quos
297 3709 398 3746 omnes
411 3692 504 3747 bonos
517 3691 675 3767 beatosque
690 3693 770 3750 credi
784 3695 893 3766 voluit,
921 3696 956 3752 ab
975 3711 1076 3753 eorum
1094 3699 1248 3774 passiani·

206 3769 276 3855 bus,
301 3781 406 3847 atquc,
432 3781 465 3828 ut
478 3774 520 3828 ait
532 3775 611 3850 ipse,
637 3776 770 3836 turbellis
785 3777 904 3836 omniuo
920 3781 1083 3858 separavit,
1098 3783 1163 3840 sola
1178 3785 1248 3842 illos
