2602 4416
289 211 349 271 DE
374 211 589 269 clvlTnTE
614 215 693 272 out
719 215 801 274 utu.
828 219 869 278 lt.
1059 233 1097 290 ot

56 369 156 449 ligioni
184 363 383 422 aversandam
407 371 437 418 ct
450 362 652 420 detestandam
666 367 770 422 taliam
789 373 943 429 numinum
956 379 1091 450 placatio·

55 471 133 523 nem,
161 449 219 505 has
234 447 350 503 fabulas
364 447 397 501 in
410 445 480 502 deos
493 448 680 504 illecebrosas
705 458 794 524 atque
815 455 1004 530 criminosae,
1025 459 1096 518 haec

53 534 256 614 ignominiosa
273 529 396 586 deorum
408 528 487 585 iacta
499 532 547 587 rel
561 533 704 588 scelerate
717 537 908 612 turpiterque
932 544 1096 613 commissa,

52 623 95 676 γει
107 615 292 674 'ualentius
309 614 487 687 turpiusque
511 613 655 686 conficta,
681 617 776 674 oculis
791 629 822 675 et
833 622 957 679 auribus
970 624 1096 696 publicis

53 704 155 758 civitas
170 707 239 754 tota
254 697 402 779 discedat:
423 695 495 752 hacc
510 699 665 754 commissa
677 701 848 758 numinibus
861 706 978 777 plaeere
993 725 1096 764 cerne-

51 787 109 841 bat:
138 792 171 839 et
185 781 258 836 ideo
272 798 333 837 non
347 781 443 835 solum
457 781 515 835 illis
530 779 715 855 exhibenda,
741 785 793 840 sed
814 787 873 843 sibi
897 791 1015 864 quoqne
1030 791 1096 846 imi-

52 867 138 923 tanda
166 863 323 921 credebat:
350 881 412 918 non
426 862 499 918 illud
513 865 614 920 nescio
629 866 700 940 quid
725 870 808 924 reiut
828 871 939 928 bonum
958 882 989 928 et
1003 871 1096 928 hone-

53 961 145 1022 stum,
174 946 260 1023 quod
271 955 332 1002 tam
345 947 450 1019 paucis
464 955 494 1002 et
509 956 568 1003 tam
587 951 702 1005 occulte
717 949 869 1009 dicebatur
882 951 921 1030 (si
933 965 1032 1011 tamen
1052 955 1096 1011 di·

53 1028 206 1110 sebatur),
237 1031 379 1108 tttfflgi⁸
394 1047 432 1086 ¹¹⁸
458 1031 676 1104 i¹¹¹¹⁰t⁰⁸⁰0mr
703 1051 790 1108 ‘luam
804 1054 841 1090 ¹¹⁰
855 1055 916 1094 ¹¹⁰¹¹
928 1038 1029 1109 ΜΨ
1057 1041 1096 1094 ti*

53 1125 192 1172 merctur.

393 1195 415 1252 C
437 1197 461 1252 A
482 1195 514 1252 P.
558 1195 590 1252 X
603 1197 636 1254 X
649 1198 674 1254 V
687 1199 701 1256 1
714 1199 728 1255 Ι
740 1199 762 1256 Ι.

293 1275 336 1328 De
348 1275 523 1328 Christianae
536 1277 678 1346 religionis
691 1279 863 1334 salubritate.

114 1369 157 1424 nt
172 1369 302 1422 istarum
327 1363 630 1421 immundissimarum
643 1376 825 1440 potestatum
838 1379 970 1426 tartareo
983 1372 1055 1448 iugo
1070 1381 1100 1426 et

56 1455 199 1524 societate,
209 1451 333 1526 poenali
348 1450 414 1504 erui
426 1465 479 1520 per
493 1447 606 1504 Christi
632 1467 741 1506 nomen
765 1449 915 1524 homines,
943 1461 973 1509 et
986 1454 1018 1509 in
1031 1455 1098 1509 luce

58 1535 267 1590 saluberrimae
279 1525 401 1606 pictatis
416 1532 451 1586 ab
464 1533 515 1586 illa
529 1533 802 1604 perniciosissimae
827 1537 985 1612 impietatis
1009 1546 1097 1594 nocte

58 1617 228 1687 transferri,
257 1625 442 1691 queruntur,
470 1623 500 1669 et
511 1625 699 1672 murmurant
711 1615 807 1693 iniqui
820 1629 850 1675 et
862 1619 989 1698 ingrati,
1004 1630 1034 1675 et
1046 1622 1097 1676 illo

58 1701 170 1756 nefario
185 1701 295 1772 apiritu
309 1699 400 1755 altius
415 1698 647 1772 obstrictiusque
662 1703 811 1772 oppressi,
826 1705 895 1778 quia
907 1704 1010 1776 populi
1024 1721 1096 1758 con-

58 1783 152 1840 lluunt
165 1782 204 1838 ad
217 1783 363 1838 ecelesias
378 1790 461 1836 casta
484 1781 671 1853 celebritate,
697 1781 824 1840 honesta
838 1788 995 1860 utriusque
1007 1802 1097 1840 sexus

57 1867 254 1923 discretione:
282 1865 335 1920 nbi
357 1863 481 1920 audiant
503 1881 591 1937 quam
604 1864 679 1920 bene
691 1863 740 1921 hie
753 1866 790 1922 ad
803 1876 919 1941 tempus
931 1870 1032 1924 virere
1047 1867 1098 1922 de-

57 1951 158 2020 beant,
184 1957 219 2005 ut
233 1957 301 2022 pont
312 1945 392 2002 hane
403 1947 495 2003 vitata
507 1947 593 2002 beate
606 1965 777 2024 semperque
791 1956 892 2007 vivere
914 1960 1098 2006 mereantur:

58 2035 104 2090 ubi
118 2041 224 2088 sancta
239 2029 397 2104 Scriptura
410 2031 601 2104 iustitiaeque
615 2029 750 2088 doctrina
764 2032 800 2088 de
818 2035 972 2106 superiore
986 2035 1051 2087 loeo
1066 2034 1099 2086 in

58 2125 221 2190 conspectu
251 2116 384 2170 omnium
406 2122 606 2186 personante,
633 2123 663 2170 et
690 2117 743 2191 qui
767 2115 900 2187 iaciunt,
927 2114 1049 2171 audiant
1062 2114 1099 2170 ad

56 2201 236 2272 praemium
251 2207 282 2253 et
295 2199 347 2271 qai
361 2215 424 2252 non
436 2196 566 2267 faciunt,
580 2197 704 2254 audiant
716 2198 917 2274 adiudicium.
942 2198 1029 2265 Quod
1042 2199 1100 2254 etsi

56 2286 184 2338 veniunt
197 2280 318 2356 quidam
330 2281 436 2336 taliam
449 2289 674 2353 praeceptorum
689 2283 844 2356 irrisores,
874 2285 971 2339 omnia
996 2301 1099 2337 eorum

57 2367 222 2439 petulantia
236 2372 289 2420 aut
312 2364 470 2436 repentina
492 2363 698 2420 immutatione
724 2363 898 2440 deponitur,
926 2367 1099 2437 auttimore

58 2452 101 2504 rel
126 2448 244 2522 pudore
271 2447 483 2520 comprimitur.
527 2444 609 2502 Nihil
622 2449 700 2504 enim
714 2450 756 2504 eis
770 2459 857 2522 turpe
871 2465 906 2504 ae
919 2448 1100 2524 flagitiosum

56 2531 250 2606 spectandum
267 2528 502 2603 imitandumque
515 2531 711 2604 proponitur,
737 2531 788 2586 ulti
801 2533 866 2586 veri
879 2531 937 2586 Dei
951 2538 1003 2584 aut
1016 2546 1100 2598 prae-

56 2627 142 2688 cepta
155 2616 368 2684 insinuantur,
395 2622 448 2668 aut
458 2615 602 2668 miracula
614 2621 791 2681 narrantur,
819 2621 871 2666 aut
885 2611 963 2665 dona
976 2607 1099 2663 landan—

54 2709 122 2768 tur,
152 2707 204 2753 aut
223 2696 370 2754 beneficia
383 2698 581 2768 postulantur.

424 2828 545 2886 GAP.
588 2821 747 2884 XXIX.

193 2940 233 2980 De
244 2925 396 2978 obiiciendo
407 2927 482 2976 celtu
493 2925 601 2976 deorum
610 2921 763 2976 cohortatio
774 2924 811 2976 cd
819 2923 962 2977 Baccanae.

118 3033 204 3090 Haec
217 3034 318 3106 potius
334 3032 528 3103 concupisco,
554 3047 573 3085 c
594 3031 709 3086 indoles
730 3029 863 3087 Romana
888 3029 1054 3103 laudabilis,
1083 3051 1099 3087 o

53 3119 218 3196 progenies
246 3115 449 3192 Regularum,
475 3111 700 3185 scaevolarum,
731 3112 920 3188 Scipionum,
946 3114 1099 3170 Fabricio-

54 3219 142 3257 rum:
175 3197 249 3255 haee
262 3200 364 3272 potius
378 3197 571 3269 concupisce,
585 3196 658 3252 haec
671 3198 706 3253 ab
720 3199 771 3253 illa
784 3199 956 3270 turpissima
969 3199 1100 3254 vanitate

54 3295 82 3340 ct
95 3283 296 3340 fallacissima
308 3281 485 3336 daemonum
497 3282 681 3358 malignitate
707 3280 852 3336 discerne.
896 3279 930 3336 Si
944 3280 1014 3355 quid
1026 3282 1058 3335 in
1071 3290 1102 3333 te

52 3367 206 3424 landabile
220 3365 400 3420 naturaliter
414 3363 538 3434 eminet,
557 3365 680 3419 nonnisi
692 3382 762 3419 vera
775 3364 884 3435 pictate
898 3371 1043 3440 purgatur
1056 3369 1101 3414 at-

53 3469 110 3526 que
123 3449 302 3522 perficitur3
329 3447 480 3520 impietate
495 3454 594 3502 curtem
612 3445 790 3520 disperditur
805 3455 834 3500 ct
846 3447 979 3519 punitur.
1013 3441 1101 3498 Nunc

52 3535 111 3589 iam
136 3533 221 3609 elige
244 3528 317 3604 quid
339 3529 489 3602 sequaris,
516 3537 623 3584 utnon
644 3531 732 3598 inte,
761 3528 857 3584 sedin
872 3527 937 3582 Deo
951 3540 1023 3580 vero
1038 3523 1102 3578 sinc

51 3618 113 3672 ullo
142 3631 250 3670 errore
277 3609 418 3666 lauderis.
461 3609 548 3667 Tune
563 3613 641 3666 enirn
652 3611 708 3666 tibi
722 3612 817 3688 gloria
831 3605 983 3683 popularis
996 3603 1102 3676 adluit,

52 3699 104 3754 sed
127 3699 254 3754 occulto
269 3693 384 3749 iudicio
399 3693 517 3750 divinae
529 3693 733 3768 providentiae
744 3709 815 3749 tera
828 3689 936 3766 religio
950 3705 1036 3762 quom
1049 3689 1103 3744 cli-

51 3801 141 3858 geres
158 3780 268 3837 defuit.
313 3775 548 3853 Expergiscerc,
577 3774 639 3830 dies
654 3785 717 3845 est;
745 3777 823 3830 sicut
837 3780 1010 3844 experrecta
1024 3789 1055 3826 cs
1071 3773 1103 3826 in

53 3864 254 3938 quibusdam,
271 3859 308 3916 de
322 3875 448 3934 quorum
459 3862 571 3915 virtute
585 3859 731 3931 perlecta,
746 3866 778 3992 qt
791 3875 844 3927 pro
858 3853 916 3909 fide
931 3855 1103 3909 versellam

765 3937 776 3954 ¹
793 3939 812 3991 2
