2510 4404
228 239 289 296 86⁰
456 225 554 286 DlVl
578 224 765 284 AVRELll
792 223 1043 283 AVGVSTlN'l

229 387 311 446 rebat
321 394 455 453 acturos,
482 390 512 436 et
526 389 622 436 tamen
636 379 767 436 absolute
780 397 814 434 ac
828 376 948 434 definite
961 396 1064 434 eorum
1080 382 1242 438 eversiones

228 471 431 528 bituramesse
444 461 598 540 praedixit.
642 461 709 518 Huc
723 470 882 541 arguerat,
910 462 1066 538 inquiunt,
1092 464 1241 522 inveritate

229 552 410 620 severitatis,
436 549 503 624 quia
524 547 554 602 id
573 555 658 603 crant
675 547 775 625 digni3
800 545 852 602 sed
874 541 907 601 in
926 546 1041 601 ratione
1061 547 1243 604 miserationis

229 655 290 694 non
303 643 376 705 erat,
389 651 475 708 quom
488 649 548 688 non
562 631 710 687 continuit
721 632 754 686 in
764 631 809 686 ira
822 647 884 700 sua,
897 637 931 685 ut
943 627 977 686 ab
992 646 1026 684 es
1038 647 1143 704 poena
1156 635 1245 707 suppli·

230 719 313 777 cibus
325 726 468 794 parceret,
482 733 568 791 quam
579 713 677 771 fuerat
690 713 906 770 contumacibus
916 714 1123 770 comminatus.
1147 713 1181 772 Si
1194 735 1245 793 erp

231 813 299 860 tnnc
311 801 457 878 pepercit,
483 800 581 868 aiunt,
605 797 719 874 quando
733 806 866 854 sanctum
878 814 963 854 ιιιιιιι
975 795 1159 870 Prophetarn
1171 799 1247 856 iners

228 884 374 966 parcendo
393 883 639 952 comminaturus,
661 890 771 957 quanto
790 881 885 959 magis
898 887 969 938 tunc
980 881 1184 940 miserabilius
1198 903 1248 957 mp-

228 968 402 1048 plicantibns
415 974 525 1042 parcet,
539 964 654 1041 quando
667 973 700 1020 ut
708 972 811 1042 parcat
823 981 922 1022 omnes
935 965 1032 1021 mncti
1042 967 1110 1022 eins
1121 963 1249 1024 orabuntl

230 1053 290 1112 Sed
302 1051 356 1109 boc
369 1049 445 1126 quod
457 1051 514 1124 ipsi
527 1051 588 1109 suis
601 1047 734 1106 cordibus
748 1049 949 1123 suspicantur,
975 1046 1042 1104 ideo
1063 1059 1171 1122 putant
1182 1049 1250 1107 Scri-

219 1147 331 1212 ·pturas
344 1136 472 1191 tacuisse
485 1132 616 1204 divinas,
641 1142 674 1188 ιιι
686 1133 770 1189 multi
781 1151 813 1188 se
826 1133 991 1210 corrigant,
1015 1133 1065 1188 vel
1082 1136 1248 1208 prolixsmn

230 1223 279 1278 vel
291 1230 475 1276 aeternarum
487 1219 592 1276 timore
605 1234 781 1292 poenarum,
802 1224 832 1272 et
845 1217 906 1272 sict
919 1217 970 1291 qui
982 1219 1101 1292 possint
1116 1237 1199 1274 orare
1209 1235 1248 1292 pro

232 1306 289 1377 eis,
315 1305 364 1378 qui
382 1321 414 1358 se
428 1319 489 1358 non
508 1302 709 1358 correxerint:
734 1317 788 1356 nec
801 1308 898 1356 tamen
912 1300 1072 1373 opinantur
1084 1302 1169 1358 omni
1180 1301 1247 1358 modo

232 1386 263 1446 id
276 1389 392 1462 eloquia
406 1385 505 1442 divina
518 1386 654 1446 tacuisse.
698 1383 773 1440 Nam
785 1399 842 1457 quo
855 1383 998 1456 pertinet,
1016 1385 1177 1459 inquiunt,
1190 1383 1247 1460 qnod

232 1473 450 1547 scriptumest:
492 1467 587 1539 Quam
610 1467 705 1525 malta
723 1465 880 1526 multitado
904 1465 1069 1526 dulcedinis
1090 1478 1179 1539 tuas,
1204 1467 1249 1526 ite

231 1557 323 1625 mine,
350 1572 435 1630 quam
455 1552 636 1610 abscondisti
656 1549 851 1608 metuentibus
864 1549 912 1608 ts!
934 1551 993 1606 nisi
1006 1559 1040 1606 ut
1053 1551 1249 1631 intelligam,

231 1647 349 1714 propter
368 1639 503 1694 timorem
520 1635 612 1695 iciam
631 1633 829 1692 absconditam
841 1633 1060 1690 misericordiae
1074 1633 1193 1693 divinae
1204 1647 1247 1692 ιιι

232 1724 353 1778 multem
370 1729 569 1794 secretamque
589 1711 791 1778 dulcedinemi
820 1716 938 1774 Addunt
951 1717 1039 1774 etism
1051 1728 1206 1794 propterea
1216 1718 1248 1772 di-

232 1808 312 1860 xisse
324 1803 509 1876 Apostolum,
537 1800 688 1858 conclusit
711 1803 787 1860 enim
801 1798 884 1858 Dese
903 1817 998 1858 omnes
1019 1801 1052 1858 in
1075 1801 1250 1875 infidelitate,

232 1897 266 1946 at
289 1887 420 1943 omnium
436 1887 630 1955 miscreatur,
657 1902 713 1959 quo
737 1883 931 1963 significaret,
957 1882 1034 1959 quod
1051 1886 1091 1942 ab
1111 1888 1164 1944 illo
1180 1905 1251 1944 neno

233 1969 423 2026 damnabitur.
468 1967 529 2024 Nec
542 1969 594 2023 isti
609 1977 707 2026 ιιιιιιιι
720 1969 770 2045 qui
782 1967 836 2028 boc
849 1969 995 2038 sentiunt,
1007 1965 1086 2026 hsne
1099 1971 1250 2045 opiniones

233 2074 316 2114 suam
337 2071 429 2129 usquc
452 2051 489 2108 ad
510 2050 712 2109 liberationem
730 2053 777 2108 vel
802 2052 911 2108 nullam
927 2050 1147 2110 damnationem
1159 2053 1251 2110 diaboli

233 2148 320 2216 atque
334 2139 507 2217 angolorum
524 2137 586 2194 eius
608 2135 778 2192 extendunt.
822 2133 959 2192 Humana
972 2135 1082 2212 quippe
1094 2139 1176 2195 circs
1187 2138 1251 2194 solos

232 2221 366 2280 homines
393 2229 546 2278 movantur
569 2219 787 2290 misericordia,
823 2228 853 2276 ct
878 2237 994 2276 causam
1019 2222 1152 2278 maxime
1176 2231 1251 2300 agam

234 2293 332 2376 suam,
358 2323 410 2379 per
422 2306 589 2382 generalem
606 2299 744 2381 ingenus
756 2301 914 2360 humanum
926 2304 1011 2380 qussi
1023 2302 1083 2360 Dei
1100 2306 1249 2362 miseratio

233 2407 301 2444 nem
313 2389 514 2463 impunitatem
526 2388 629 2444 falsam
649 2388 710 2443 suis
727 2386 849 2461 perditis
867 2387 996 2444 moribus
1014 2389 1205 2461 pollicentes:
1226 2407 1249 2442 ιι

232 2491 284 2548 per
296 2471 352 2529 boc
373 2471 551 2547 superabunt
563 2489 612 2528 eos
632 2473 664 2528 in
683 2469 877 2546 praedicanda
894 2469 951 2528 Dei
967 2471 1189 2544 misericordis,
1213 2471 1247 2546 qn

232 2555 307 2630 banc
320 2557 521 2632 impunitatem
536 2557 625 2612 etiam
637 2557 763 2631 principi
777 2553 947 2612 daemonum
964 2555 1071 2612 eteius
1091 2555 1246 2614 satellitiis

231 2642 415 2715 pollicentur.

610 2807 678 2866 CA
701 2807 732 2863 P.
776 2805 885 2864 XIX.

233 2903 275 2954 De
285 2903 326 2955 bis
336 2902 382 2971 pai
391 2903 579 2970 impunitatem
589 2905 705 2958 omnium
716 2913 889 2973 peccaturum
899 2905 1067 2973 promittant
1081 2907 1165 2958 etiarn
1175 2907 1244 2958 ism·

395 2971 457 3023 ticin
463 3009 471 3036 ,
484 2983 597 3042 propter
603 2975 843 3042 participationem
854 2975 973 3044 corporis
984 2973 1100 3028 Christi.

294 3078 367 3134 ltem
379 3089 447 3136 sunt
460 3081 527 3152 alii,
541 3079 576 3137 ab
589 3091 710 3138 aeterno
725 3083 865 3157 supplicio
879 3082 1100 3156 liberationem,
1127 3103 1179 3140 nec
1190 3083 1246 3156 ipsis

232 3165 334 3220 saltem
348 3162 479 3220 omnibus
493 3162 658 3223 hominibus
671 3167 885 3240 promittentes,
899 3165 948 3222 sed
963 3168 1165 3224 tantummodo
1177 3165 1245 3223 Cbri·

233 3249 271 3304 sti
286 3248 457 3323 baptismate
470 3247 594 3322 ablutis,
618 3251 667 3325 qui
679 3251 834 3325 participes
847 3249 922 3306 liunt
936 3252 1067 3325 nemoris
1082 3254 1164 3324 eius,
1188 3267 1245 3324 quc

230 3331 388 3389 modolibet
398 3335 543 3405 vixerint,
564 3335 596 3390 in
607 3351 778 3409 quacunque
790 3332 903 3389 haeresi
915 3335 962 3389 vel
975 3335 1128 3409 impietate
1141 3335 1243 3392 fuerim

229 3427 347 3493 propter
360 3417 432 3472 illud
446 3416 523 3492 quod
535 3419 577 3474 ait
590 3417 686 3474 lesus:
704 3415 765 3473 Hic
778 3427 824 3476 est
830 3419 923 3496 panis
937 3419 988 3495 qui
1001 3419 1038 3474 de
1052 3419 1133 3476 coelo
1147 3420 1243 3476 desces-

232 3503 292 3572 dit,
312 3511 346 3557 at
359 3497 386 3556 it
399 3502 464 3578 puis
477 3520 514 3558 ea
527 3503 589 3582 ipso
602 3501 842 3571 manducaverit,
866 3519 922 3557 non
935 3502 1095 3558 moriatur.
1121 3502 1186 3579 Ego
1198 3515 1241 3556 sm

227 3585 318 3660 panis
338 3585 437 3654 vicus,
464 3586 515 3662 qui
532 3585 568 3642 de
586 3583 662 3642 coelo
676 3585 820 3641 descendi.
858 3581 894 3641 Si
906 3585 971 3660 quis
985 3585 1206 3644 manducaverit
1215 3599 1241 3636 es

230 3665 282 3722 boc
289 3685 381 3744 pane,
395 3669 473 3726 vivet
486 3669 516 3724 in
530 3678 690 3725 aeternam.
713 3667 756 3722 Ab
770 3676 888 3723 aeterna
902 3685 972 3745 ergo
987 3677 1100 3738 morte,
1115 3670 1239 3744 inquiunt.

229 3768 348 3886 peccem
362 3759 408 3805 est
420 3752 492 3808 istos
514 3753 593 3823 erui,
620 3759 649 3806 et
668 3737 814 3809 advitam
832 3761 981 3806 aeternam
1003 3751 1176 3828 quandoque
1191 3767 1237 3826 per·

248 3851 304 3888 ιιι.
