2586 4396
215 189 273 247 lto
441 183 536 242 DlVl
557 179 741 242 AVRELll
763 179 1012 239 AVGVSTlNl

211 341 289 394 lacra
304 335 488 407 numinibus,
502 337 650 409 multaque
664 333 699 388 de
714 334 755 389 cis
767 349 838 406 quos
853 330 920 388 deos
933 333 1109 387 immortales
1126 341 1248 393 vocant.

212 419 285 475 falsa
303 429 388 494 atque
407 417 528 495 indigna
547 420 609 473 sive
630 415 792 484 finxerunt,
819 415 881 470 sive
901 413 969 469 ficta
987 413 1186 490 crediderunt,
1216 431 1248 470 et

211 501 319 557 credita
334 519 434 557 eorum
448 501 539 558 cultui
554 516 758 572 sacrorumque
771 496 875 552 ritibus
888 498 1076 552 miscuerunt.
1108 495 1182 552 Cum
1196 494 1247 552 his

208 580 390 654 h'ominibos,
416 584 466 656 qui
489 583 543 637 etsi
568 599 627 637 non
653 578 745 635 libere
770 578 978 654 praedicando,
1004 581 1106 634 saltem
1134 589 1246 634 utcun-

210 685 264 741 que
290 667 322 721 in
342 664 583 738 disputationibus
603 660 798 732 mussitando,
825 662 895 717 talia
914 679 944 716 se
962 661 1124 734 improbare
1142 663 1246 717 testati

210 758 295 820 sunt,
323 765 382 804 non
401 763 490 820 usque
508 745 580 802 adeo
606 746 848 814 inconvenienter
865 745 994 818 quaestio
1012 745 1069 799 ista
1086 752 1246 800 tractatur:

151 879 152 882 ,
210 841 306 886 utrum
319 821 378 886 non
392 847 482 884 unum
495 826 590 884 Deum
604 831 655 906 qui
668 829 739 883 fecit
751 844 865 883 omnem
878 827 1036 900 spiritalem
1047 827 1244 900 corporalem-

209 931 265 986 que
280 922 457 983 creaturam,
475 919 593 986 propter
605 913 694 968 vitam
709 928 782 984 quae
794 918 861 983 post
873 918 994 965 mortem
1007 909 1107 966 lutura
1120 918 1165 964 est
1184 911 1244 965 coli

209 1003 355 1068 oporteat3
383 994 433 1050 sed
446 995 552 1050 multos
568 993 647 1064 deos,
661 1010 732 1067 quos
746 991 781 1048 ab
795 993 846 1046 illo
860 1010 918 1048 uuo
932 990 1024 1047 factos
1039 999 1068 1048 et
1080 993 1245 1049 sublimiter

209 1079 366 1134 collocatos
385 1077 501 1152 quidam
519 1075 676 1133 eorundem
695 1071 928 1150 philosophorum
946 1077 1069 1130 caeteris
1096 1076 1245 1130 excellen-

209 1160 297 1216 tiores
313 1159 527 1234 nobilioresque
541 1167 695 1216 senserunt
769 1217 772 1222 ,
1040 1203 1043 1211 .

272 1241 425 1300 Caeterum
440 1243 505 1316 quis
519 1243 595 1298 ferat
608 1240 667 1297 dici
679 1249 766 1316 atque
779 1239 933 1312 contendi,
946 1239 1013 1296 deos
1027 1239 1108 1312 illos,
1121 1257 1245 1315 quorum

210 1340 241 1381 tn
255 1333 357 1400 quarto
375 1323 449 1380 libro
464 1326 602 1399 quosdam
623 1325 859 1394 commemoravi,
884 1322 988 1399 quibus
1003 1341 1102 1380 rerum
1119 1325 1245 1400 exigua·

210 1426 275 1464 rum
292 1408 417 1483 singulis
427 1409 545 1488 singula
557 1405 770 1462 distribuuntur
784 1405 894 1478 officia,
915 1407 1002 1463 vitam
1020 1415 1166 1474 aeternam
1180 1407 1245 1462 cui-

210 1507 294 1566 quam
308 1486 473 1566 praestaret
516 1489 561 1545 An
575 1500 644 1546 vero
656 1490 699 1544 illi
711 1491 882 1563 peritissimi
897 1499 926 1545 et
939 1497 1099 1546 acutissrmr
1111 1508 1180 1560 vrri,
1194 1490 1246 1564 qui

210 1593 241 1628 se
254 1590 306 1646 pro
320 1589 427 1649 magno
443 1571 584 1628 beneficio
601 1573 765 1645 conscripta
784 1571 917 1628 docuisse
934 1573 1117 1651 gloriantur,
1134 1581 1168 1628 ut
1186 1573 1245 1626 sci-

211 1663 292 1710 retur
315 1672 403 1728 quare
428 1655 532 1730 cuique
557 1653 610 1710 deo
636 1654 855 1728 supplicandum
881 1664 973 1726 esset,
1001 1653 1106 1730 quida
1130 1673 1245 1730 quoque

211 1745 287 1792 esset
299 1735 471 1811 petendum,
489 1755 527 1794 ne
542 1736 719 1794 absurditate
732 1740 908 1813 turpissima,
923 1739 1015 1814 qualis
1028 1739 1196 1794 ioculariter
1212 1738 1245 1793 in

210 1822 298 1875 mimo
316 1819 381 1875 fieri
398 1819 484 1888 solet,
503 1829 653 1895 peteretur
671 1819 807 1877 aLibero
828 1839 917 1896 aqua,
943 1818 1109 1896 aLymphis
1126 1821 1245 1891 vinum3

212 1911 345 1973 auctores
361 1911 446 1958 erunt
460 1904 585 1978 cuipiam
597 1902 745 1960 hominum
760 1903 815 1960 diis
830 1903 1040 1960 immortalibus
1058 1904 1244 1978 supplicanti,

171 1993 172 1997 ’
211 1994 313 2042 utcum
326 1983 485 2061 aLymphis
497 1987 616 2059 petierit
628 1988 740 2059 vinum,
749 1989 833 2062 eique
847 1985 1125 2062 responderint,Nos
1140 2004 1244 2060 aquam

210 2067 364 2140 habemus,
381 2066 464 2125 hoc-a
478 2065 582 2126 Libero
596 2077 677 2144 petc3
701 2071 794 2144 possit
807 2079 886 2125 reete
901 2069 1009 2141 dicere,
1023 2068 1057 2125 Si
1070 2071 1170 2126 vinum
1182 2087 1244 2126 non

210 2149 333 2222 habetis,
347 2153 449 2208 saltem
463 2151 528 2208 date
540 2151 612 2208 mihi
623 2155 713 2208 vitam
727 2146 893 2209 aeternam?
923 2152 999 2220 Quid
1012 2151 1065 2208 hac
1080 2151 1244 2210 absurdita-

211 2241 241 2288 te
254 2230 485 2292 monstruosiust
514 2234 620 2292 Nonne
634 2236 701 2292 illae
715 2234 903 2291 cachinantes
917 2229 1026 2312 (solent
1040 2237 1117 2292 euim
1131 2253 1192 2292 esse
1207 2236 1247 2290 ad

210 2317 300 2371 risum
313 2312 426 2396 faciles)
439 2318 465 2372 si
474 2337 534 2375 nou
548 2316 684 2376 affectent
702 2317 849 2375 fallerent
862 2317 1031 2388 daemones,
1059 2319 1180 2394 supplici
1196 2337 1246 2374 re-

212 2397 405 2472 spondebunt,
433 2398 559 2458 Ohomo
571 2411 696 2476 putasne
721 2402 753 2456 in
765 2409 907 2475 potestate
934 2420 988 2458 nos
1013 2399 1118 2457 habere
1142 2401 1245 2467 vitam,

211 2480 369 2556 quasaudis
379 2477 716 2541 nonhaherevelvitemi
729 2480 996 2558 Impudentissimac
1003 2485 1094 2562 igitur
1102 2484 1245 2540 tultitiae

212 2574 270 2636 est,
288 2565 378 2622 vitam
391 2577 565 2624 aeternama
579 2565 685 2623 talibus
699 2565 754 2622 diis
766 2575 865 2640 petere
878 2570 926 2624 vel
947 2585 1080 2644 sperare,
1100 2569 1148 2642 qui
1164 2569 1245 2624 vitae

210 2646 295 2703 huius
310 2651 581 2706 aerumnosissimae
593 2659 680 2725 atque
693 2650 929 2720 brevissimae,ct
942 2653 967 2706 si
980 2668 1037 2726 qua
1050 2647 1088 2706 ad
1100 2668 1162 2706 eam
1174 2669 1244 2724 per-

210 2732 308 2786 tinent
321 2731 586 2788 adminiculandam
600 2741 686 2805 atque
700 2731 889 2806 fulciendam,
909 2735 950 2789 ita
964 2734 1096 2808 singulas
1113 2735 1243 2808 particu-

209 2815 252 2868 las
264 2815 342 2868 tueri
355 2822 536 2884 asseruntur,
550 2822 583 2868 ut
596 2815 622 2868 si
634 2811 664 2867 id
678 2811 753 2888 quod
767 2814 819 2870 sub
834 2817 952 2872 alterius
964 2817 1054 2872 tutela
1067 2833 1101 2871 ac
1113 2824 1243 2890 potesta-

210 2905 238 2950 te
253 2903 312 2966 est,
330 2904 446 2969 petatur
459 2895 494 2950 ab
509 2897 614 2967 altero,
632 2904 691 2952 tam
704 2897 743 2951 sit
755 2898 966 2954 inconveniens
981 2907 1010 2956 et
1023 2898 1190 2969 absurdum,
1210 2907 1245 2955 ut

206 2979 342 3032 ,mimicae
357 2976 528 3032 scurrilitati
541 2976 677 3033 videatur
690 2996 753 3034 esse
767 2981 956 3042 simillimum.
1005 2980 1088 3048 Quod
1101 2999 1164 3036 cum
1178 2979 1212 3036 fit
1226 2999 1245 3037 a

211 3059 371 3114 scientibus
384 3059 495 3129 mimis,
510 3057 598 3134 digne
611 3059 744 3118 ridentur
757 3063 788 3118 in
801 3061 929 3134 theatr03
955 3082 1020 3120 cum
1032 3081 1102 3120 vero
1115 3081 1132 3120 a
1146 3064 1244 3119 nesci-

210 3140 325 3196 entibus
340 3142 451 3212 stultis,
466 3141 583 3219 dignius
596 3143 757 3201 irridentur
770 3147 802 3201 in
815 3145 931 3202 mundo.
976 3143 1030 3202 Cui
1044 3165 1113 3224 ergo
1127 3145 1180 3201 deo
1197 3148 1245 3202 vel

210 3222 296 3294 deae,
315 3233 434 3297 propter
446 3225 515 3300 quid
529 3227 759 3302 supplicaretur,
775 3236 913 3302 quantum
926 3228 961 3284 ad
976 3229 1043 3284 illos
1057 3229 1125 3285 deos
1136 3229 1246 3285 attinet

210 3322 282 3378 quos
295 3305 486 3364 instituerunt
503 3311 652 3382 civitates,
680 3309 800 3366 adactis
819 3312 941 3366 solerter
958 3313 1108 3368 inventum
1135 3329 1245 3368 memo-

208 3389 325 3462 riaeque
339 3390 506 3448 mandatum
520 3402 578 3465 est3
593 3391 662 3468 quid
674 3410 692 3447 a
704 3391 822 3463 bibero,
835 3394 917 3449 verbi
930 3396 1036 3471 gratia,
1049 3393 1118 3469 quid
1131 3392 1244 3470 abym-

209 3469 287 3547 phis,
302 3471 370 3547 quid
384 3491 401 3528 a
414 3472 559 3546 Vulcano,
571 3475 609 3531 ac'
620 3477 662 3530 sic
677 3492 694 3529 a
708 3475 845 3544 caeteris,
860 3493 934 3550 quos
947 3479 1055 3550 partim
1070 3495 1245 3534 commemo-

208 3555 271 3610 ravi
284 3556 315 3609 in
330 3565 432 3630 quarto
446 3558 535 3629 libro,
557 3558 662 3632 partim
680 3557 908 3630 praetereundos
921 3561 1034 3632 putavi.
1076 3557 1167 3618 Porro
1187 3563 1214 3616 si
1228 3580 1245 3615 a

210 3633 316 3692 Cerere
329 3639 446 3710 vinum,
473 3658 490 3696 a
502 3640 607 3696 Libero
620 3657 739 3712 panem,
765 3657 783 3695 a
797 3637 930 3696 Vulcano
943 3659 1063 3716 aquam,
1080 3641 1245 3719 aLymphia

209 3719 306 3792 ignem
320 3728 417 3792 petere
431 3723 538 3776 erroris
553 3730 613 3793 cst3
627 3729 736 3795 quanto
751 3723 870 3778 maioris
886 3723 1069 3782 deliramenti
1078 3743 1142 3782 csse
1156 3727 1245 3783 intel·

209 3799 263 3876 ligi
278 3799 372 3873 debet,
388 3805 413 3858 si
425 3805 557 3878 cuiquam
572 3805 693 3860 istorum
708 3823 760 3877 pro
775 3806 836 3861 vita
851 3807 1029 3882 supplicetur
1043 3806 1181 3865 aeternat
