2592 4396
271 176 331 236 DE
354 175 567 236 ClVlTATE
590 177 671 236 DEl
693 179 772 238 ΗΒ.
794 181 884 241 XlV.
1059 191 1095 247 15

59 331 89 386 in
106 329 259 386 cordate:
285 345 345 384 uon
359 337 404 384 cst
417 329 478 383 eiua
492 330 609 405 generis
622 329 726 402 timor,
746 333 829 388 cuius
843 335 893 389 ille
906 354 963 410 quo
976 339 1096 397 timebat

57 411 214 486 Apostolus
226 409 345 480 Paulus,
359 428 397 464 ne
410 408 555 466 Corinthii
569 415 737 485 serpentina
750 415 958 474 seducerentur
972 425 1094 494 astutia3

57 494 136 549 bunc
151 493 230 546 enim
244 491 376 546 timorem
389 489 476 547 habet
490 494 611 564 caritas,
638 496 696 550 imo
717 515 776 552 non
796 495 882 555 habet
900 502 956 556 niti
971 505 1093 561 caritas:

55 576 107 632 scd
121 575 204 630 illius
219 583 264 628 cst
277 575 394 650 generis
409 575 507 644 timor,
522 576 571 650 qui
585 594 642 632 uon
657 580 746 634 estin
760 581 899 654 caritate3
913 583 948 638 de
962 602 1018 658 quo
1033 587 1094 660 ipse

55 657 214 731 Apostolus
227 654 334 711 Paulus
348 657 403 712 ait:
431 653 496 712 Non
516 659 591 714 enim
613 661 772 737 accepistis
786 664 924 738 spiritum
938 669 1094 723 servitutis

55 744 166 798 iterum
181 741 211 794 ic
225 739 366 794 timorem.
384 737 483 795 Timor
496 757 565 795 vero
579 741 628 796 ille
641 753 744 800 costus
751 761 933 821 permanens
947 749 977 804 iu
991 765 1094 804 saecu·

55 824 114 880 lum
136 820 267 890 saeculi,
291 823 317 875 si
330 823 386 876 erit
399 832 428 876 et
441 823 471 876 iu
486 821 588 880 futuro
602 827 737 896 saeculo,
760 823 841 902 (nem
858 846 916 902 quo
937 831 995 886 alio
1010 830 1094 886 modo

55 913 156 978 potest
174 903 304 980 intelligi
319 922 490 978 permanere
509 905 541 960 in
554 909 701 964 saeculum
721 906 861 987 saeculil)
876 930 936 968 non
951 923 996 969 est
1008 915 1096 969 timor

55 999 213 1044 exterrens
232 987 359 1056 curalo,
384 986 460 1061 quod
480 987 613 1046 accidere
633 1000 744 1064 potest3
768 993 819 1048 sed
839 1003 943 1051 tenens
960 995 1094 1066 inbono,

55 1069 134 1146 quod
148 1069 246 1124 amitti
259 1086 318 1124 non
328 1078 434 1143 potest.
459 1069 514 1125 Vbi
528 1073 606 1128 euim
622 1073 692 1129 boni
706 1074 803 1148 adepti
815 1094 896 1132 amor
908 1078 1095 1134 immutabilis

55 1163 112 1224 est,
125 1151 273 1228 profecto,
288 1152 313 1206 si
327 1150 386 1208 dici
398 1161 503 1226 potest,
517 1156 586 1210 mali
601 1156 723 1211 cavendi
736 1158 823 1212 timor
835 1175 955 1216 securus
970 1170 1023 1216 est.
1041 1160 1095 1216 Ti·

54 1237 146 1292 moris
162 1235 268 1308 quippe
282 1236 355 1289 casti
368 1237 486 1290 nominc
501 1253 535 1292 ea
548 1239 686 1293 voluntas
700 1238 868 1314 significata
881 1249 942 1310 est,
968 1259 1026 1315 qua
1041 1260 1094 1298 nos

56 1335 179 1376 necesse
194 1317 251 1370 erit
265 1317 342 1372 nolle
357 1336 496 1391 peccare,
516 1328 545 1374 et
558 1338 617 1375 nou
632 1320 832 1376 sollicitudine
845 1322 1043 1393 infirmitatis,
1058 1341 1095 1378 ua

54 1403 133 1456 forte
157 1417 321 1472 peccemus,
345 1398 397 1454 aed
420 1403 632 1476 tranquillitate
655 1403 784 1458 caritatis
809 1421 914 1460 cavere
934 1413 1094 1479 peccatum.

53 1485 115 1540 Aut
126 1483 157 1538 si
173 1482 284 1538 nullius
299 1484 418 1538 omniuo
432 1485 551 1560 generis
566 1485 653 1540 timor
668 1503 744 1550 esc¹
750 1487 860 1560 poterit
876 1487 908 1542 in
926 1489 976 1542 illa
988 1489 1095 1542 certis-

53 1569 130 1622 sima
142 1565 302 1620 securitate
314 1574 518 1640 perpetuorum
528 1567 717 1642 feliciumque
726 1567 915 1646 gaudiorum3
929 1571 971 1624 sic
985 1568 1096 1624 dictum

53 1659 113 1720 est,
125 1646 227 1705 Timor
234 1645 355 1722 Domini
365 1658 467 1704 castus
474 1666 655 1726 permanens
664 1651 695 1706 in
704 1651 853 1708 soeculum
866 1651 1096 1726 saeculi,qucm-

53 1730 213 1788 admodum
240 1729 348 1785 dictum
373 1732 429 1787 ests
456 1728 610 1788 Patientia
620 1749 789 1810 pauperum
807 1752 863 1789 non
870 1734 987 1811 peribit
1000 1734 1030 1790 in
1044 1753 1095 1790 ue-

54 1827 184 1871 ternum.
218 1810 319 1886 Neque
334 1813 412 1868 enim
425 1821 544 1870 aeterna
558 1815 614 1870 crit
627 1816 689 1889 ipsa
701 1817 855 1890 patientia,
870 1835 943 1891 quae
957 1835 1094 1872 necessa·

53 1900 101 1953 ria
119 1913 181 1952 uon
198 1903 261 1964 ert,
276 1895 335 1949 nisi
353 1893 402 1950 ubi
420 1895 572 1952 toleranda
589 1906 659 1954 sunt
675 1901 765 1954 mala:
791 1898 843 1954 sed
861 1909 1013 1955 aeternum
1027 1901 1094 1968 erit,

53 1999 113 2054 quo
126 1996 182 2052 per
194 1977 364 2052 patientiam
374 1979 552 2052 pervenitur.
579 1976 623 2034 lta
634 1979 760 2036 fortasse
772 1983 860 2036 timor
874 1991 971 2038 castus
985 1983 1016 2036 in
1030 1999 1095 2036 ιιι-

53 2064 157 2118 culum
170 2060 280 2116 saeculi
294 2058 389 2114 dictus
404 2069 448 2115 est
460 2077 640 2134 permanere,
655 2064 723 2136 quia
737 2062 972 2134 idpermanebit,
985 2081 1043 2136 quo
1057 2064 1095 2118 ti-

52 2163 120 2202 mor
133 2145 199 2218 ipsc
210 2141 351 2217 perducit.

121 2228 206 2293 erae
218 2243 307 2299 quum
320 2225 362 2280 ita
375 2225 451 2296 aiut,
476 2224 614 2299 quoniam
627 2235 708 2282 recta
725 2227 785 2282 vita
798 2224 931 2282 ducendo
950 2235 1010 2297 est,
1039 2244 1096 2299 qua

52 2307 289 2386 perveniendum
301 2308 340 2362 sit
352 2305 387 2362 ad
401 2307 527 2378 beatam,
546 2325 646 2364 omnes
660 2307 780 2364 affectus
793 2309 865 2366 istos
880 2310 942 2365 vita
955 2319 1035 2364 recta
1050 2327 1095 2364 re-

53 2404 122 2450 ctos
137 2389 241 2461 habet,
266 2407 404 2464 perversa
421 2408 583 2464 perversos.
618 2389 708 2448 Beata
721 2410 791 2448 vero
806 2392 962 2466 eademque
976 2402 1097 2447 aeterna

54 2493 191 2532 amorem
209 2471 325 2530 habebit
343 2481 373 2527 et
390 2471 528 2550 gaudium
548 2490 608 2528 non
629 2473 722 2528 solum
737 2483 863 2543 rectum,
890 2492 990 2528 vorum
1009 2473 1097 2527 etiam

55 2567 188 2614 certum:
202 2557 338 2611 timorem
352 2564 449 2610 autem
463 2562 493 2609 et
506 2553 635 2611 dolorem
649 2555 768 2608 nullum.
813 2553 896 2610 Vnde
910 2555 967 2608 iam
979 2561 1099 2626 apparet

56 2651 228 2713 utcunque,
254 2638 351 2713 quales
366 2655 430 2692 csse
447 2635 573 2692 debeant
589 2635 621 2691 in
634 2631 688 2690 hac
700 2636 938 2713 peregrinatione
953 2637 1031 2713 cives
1049 2633 1098 2690 Ci-

54 2723 163 2782 vitatis
178 2717 251 2792 Dei,
275 2719 408 2777 virenter
422 2717 583 2776 secundum
599 2718 751 2793 spiritum,
774 2735 834 2774 nou
852 2715 1011 2773 secuudum
1033 2734 1097 2771 oar·

55 2825 140 2876 nem,
163 2803 219 2860 boc
239 2811 294 2873 eat,
316 2801 475 2858 secundum
495 2799 605 2872 Deum,
627 2819 686 2857 non
704 2800 865 2858 secundum
882 2799 1042 2856 bominem:
1070 2807 1100 2854 et

57 2889 165 2964 quales
184 2889 215 2943 in
234 2887 284 2942 illc
301 2903 357 2960 quo
377 2881 518 2958 tendunt;
537 2884 756 2941 immortalitate
773 2885 865 2942 futuri
878 2884 948 2939 sint.
988 2881 1098 2939 Civitas

56 2989 162 3047 porro,
177 2967 206 3024 id
221 2977 280 3038 est,
300 2966 424 3022 societas
439 2967 593 3042 impiorum
606 2985 666 3024 nou
679 2966 838 3024 secundum
852 2966 963 3036 Deum,
987 2965 1038 3020 sed
1052 2983 1098 3020 se·
1172 2979 1179 2994 ⁸

55 3051 192 3111 cundum
203 3047 352 3106 hominem
367 3051 541 3120 viventium,
561 3059 590 3104 et
603 3051 635 3104 in
649 3049 712 3123 ipso
726 3052 806 3108 cultu
820 3051 922 3120 falsae,
936 3057 1098 3104 contemtu-

54 3156 116 3213 quc
132 3152 221 3192 verae
235 3133 414 3201 divinitatis,
436 3131 581 3188 doctrinas
593 3127 744 3188 hominum
757 3131 968 3188 daemonumve
983 3139 1099 3184 sectan-

57 3223 155 3288 tium,
182 3213 228 3272 his
242 3211 393 3270 affectibus
405 3215 503 3288 pravis
517 3223 655 3287 tanquam
667 3215 775 3269 morbis
790 3223 819 3268 et
832 3211 1099 3286 perturbationibus

54 3301 202 3377 quatitur.
224 3297 264 3354 Et
275 3297 303 3352 si
316 3311 385 3370 quos
399 3297 479 3352 cives
492 3293 593 3366 habet,
615 3293 670 3368 qui
684 3293 830 3350 moderari
844 3293 948 3348 talibus
961 3292 1099 3359 motibus,

54 3395 85 3440 et
102 3401 155 3438 eos
171 3381 255 3456 quasi
268 3387 429 3452 temperare
441 3375 614 3446 videantur,
641 3378 683 3431 ric
697 3377 844 3448 impietate
858 3375 976 3448 superbi
990 3382 1019 3428 et
1032 3373 1099 3426 elati

53 3475 141 3536 sunt,
156 3473 191 3518 ut
200 3461 256 3516 hoc
268 3463 330 3534 ipso
342 3461 374 3516 in
387 3459 429 3516 eis
444 3461 504 3515 sint
517 3459 641 3514 nlaiores
655 3467 794 3528 tumores,
808 3473 865 3530 quo
880 3457 1006 3510 minores
1021 3452 1100 3506 dolo-

52 3567 115 3605 res.
144 3543 226 3601 Etsi
241 3543 375 3598 nonnulli
396 3550 477 3598 tanto
496 3541 685 3610 immaniore,
712 3547 821 3612 quanto
840 3538 954 3592 rariore
973 3534 1100 3590 vanitate

51 3633 114 3688 boc
129 3631 163 3685 in
179 3625 295 3699 seipsis
310 3623 521 3692 adamaverint,
539 3631 572 3676 ut
585 3623 665 3678 nullo
680 3639 797 3696 prorsus
812 3620 965 3696 erigantur
978 3623 1008 3670 et
1020 3614 1096 3668 exci-

51 3723 174 3780 rentur,
192 3709 274 3764 nullo
288 3705 443 3761 flectantur
456 3716 544 3780 atque
558 3705 735 3760 inclinentur
749 3699 868 3771 effectu3
894 3697 1101 3753 humanitatem

50 3809 152 3854 totam
167 3791 268 3866 potius
281 3789 430 3854 antittunt,
444 3805 528 3861 quam
539 3803 637 3842 veram
647 3794 838 3860 assequantur
851 3781 1100 3854 tranquillitatem.
