<?xml version="1.0" encoding="UTF-8"?>
<!DOCTYPE html PUBLIC "-//W3C//DTD XHTML 1.0 Transitional//EN"
    "http://www.w3.org/TR/xhtml1/DTD/xhtml1-transitional.dtd">
<html xmlns="http://www.w3.org/1999/xhtml" xml:lang="en" lang="en">
 <head>
  <title>
</title>
<meta http-equiv="Content-Type" content="text/html;charset=utf-8" />
  <meta name='ocr-system' content='tesseract 3.04.00' />
  <meta name='ocr-capabilities' content='ocr_page ocr_carea ocr_par ocr_line ocrx_word'/>
</head>
<body>
  <div class='ocr_page' id='page_1' title='image "./saureliiaugusti02augugoog_0189.png"; bbox 0 0 2586 4396; ppageno 0'>
   <div class='ocr_carea' id='block_1_1' title="bbox 201 155 1003 257">
    <p class='ocr_par' dir='ltr' id='par_1_1' title="bbox 201 155 1003 257">
     <span class='ocr_line' id='line_1_1' title="bbox 201 155 1003 257; baseline -0.017 -27"><span class='ocrx_word' id='word_1_1' title='bbox 201 173 260 230; x_wconf 76' lang='lat'><strong>184</strong></span> <span class='ocrx_word' id='word_1_2' title='bbox 384 245 390 257; x_wconf 25' lang='grc' dir='ltr'>ἱ</span> <span class='ocrx_word' id='word_1_3' title='bbox 424 161 521 222; x_wconf 89' lang='lat' dir='ltr'>DIVI</span> <span class='ocrx_word' id='word_1_4' title='bbox 542 155 1003 218; x_wconf 76' lang='lat' dir='ltr'>AVRELll-AVGVSTINI</span> 
     </span>
    </p>
   </div>
   <div class='ocr_carea' id='block_1_2' title="bbox 178 309 1272 3322">
    <p class='ocr_par' dir='ltr' id='par_1_2' title="bbox 178 309 1272 3322">
     <span class='ocr_line' id='line_1_2' title="bbox 187 309 1239 388; baseline -0.006 -10"><span class='ocrx_word' id='word_1_5' title='bbox 187 346 189 350; x_wconf 53' lang='grc'>’</span> <span class='ocrx_word' id='word_1_6' title='bbox 263 320 355 388; x_wconf 75' lang='lat' dir='ltr'><strong>Quale</strong></span> <span class='ocrx_word' id='word_1_7' title='bbox 367 325 466 374; x_wconf 84' lang='lat' dir='ltr'><strong>autem</strong></span> <span class='ocrx_word' id='word_1_8' title='bbox 478 313 551 372; x_wconf 86' lang='lat' dir='ltr'><strong>iilud</strong></span> <span class='ocrx_word' id='word_1_9' title='bbox 565 321 627 383; x_wconf 88' lang='lat' dir='ltr'><strong>est,-</strong></span> <span class='ocrx_word' id='word_1_10' title='bbox 639 309 716 388; x_wconf 87' lang='lat' dir='ltr'><strong>quod</strong></span> <span class='ocrx_word' id='word_1_11' title='bbox 730 329 796 368; x_wconf 83' lang='lat' dir='ltr'><strong>cum</strong></span> <span class='ocrx_word' id='word_1_12' title='bbox 808 310 980 388; x_wconf 76' lang='lat' dir='ltr'><strong>religionum</strong></span> <span class='ocrx_word' id='word_1_13' title='bbox 991 327 1009 366; x_wconf 89' lang='lat' dir='ltr'><strong>a</strong></span> <span class='ocrx_word' id='word_1_14' title='bbox 1022 313 1239 384; x_wconf 78' lang='lat' dir='ltr'><strong>superstitiose</strong></span> 
     </span>
     <span class='ocr_line' id='line_1_3' title="bbox 198 393 1239 471; baseline -0.007 -8"><span class='ocrx_word' id='word_1_15' title='bbox 198 425 233 464; x_wconf 88' lang='lat' dir='ltr'><strong>ea</strong></span> <span class='ocrx_word' id='word_1_16' title='bbox 246 403 439 461; x_wconf 84' lang='lat' dir='ltr'><strong>distinctione</strong></span> <span class='ocrx_word' id='word_1_17' title='bbox 459 399 623 468; x_wconf 84' lang='lat' dir='ltr'><strong>discernat,</strong></span> <span class='ocrx_word' id='word_1_18' title='bbox 649 404 683 451; x_wconf 90' lang='lat' dir='ltr'><strong>ut</strong></span> <span class='ocrx_word' id='word_1_19' title='bbox 694 413 713 451; x_wconf 81' lang='lat' dir='ltr'><strong>a</strong></span> <span class='ocrx_word' id='word_1_20' title='bbox 726 395 930 470; x_wconf 75' lang='lat' dir='ltr'><strong>superstitioso</strong></span> <span class='ocrx_word' id='word_1_21' title='bbox 944 393 1024 450; x_wconf 91' lang='lat' dir='ltr'><strong>dicat</strong></span> <span class='ocrx_word' id='word_1_22' title='bbox 1036 395 1134 452; x_wconf 89' lang='lat' dir='ltr'><strong>timeri</strong></span> <span class='ocrx_word' id='word_1_23' title='bbox 1147 397 1239 471; x_wconf 87' lang='lat' dir='ltr'><strong>deos,</strong></span> 
     </span>
     <span class='ocr_line' id='line_1_4' title="bbox 197 475 1238 565; baseline -0.006 -21"><span class='ocrx_word' id='word_1_24' title='bbox 197 509 216 546; x_wconf 89' lang='lat' dir='ltr'><strong>a</strong></span> <span class='ocrx_word' id='word_1_25' title='bbox 227 488 481 565; x_wconf 64' lang='lat' dir='ltr'><strong>religiosossautem</strong></span> <span class='ocrx_word' id='word_1_26' title='bbox 493 490 608 542; x_wconf 82' lang='lat' dir='ltr'><strong>tantum</strong></span> <span class='ocrx_word' id='word_1_27' title='bbox 620 481 718 536; x_wconf 80' lang='lat' dir='ltr'><strong>vereri</strong></span> <span class='ocrx_word' id='word_1_28' title='bbox 729 488 762 534; x_wconf 91' lang='lat' dir='ltr'><strong>ut</strong></span> <span class='ocrx_word' id='word_1_29' title='bbox 779 487 931 552; x_wconf 87' lang='lat' dir='ltr'><strong>parentes,</strong></span> <span class='ocrx_word' id='word_1_30' title='bbox 958 495 1019 534; x_wconf 90' lang='lat' dir='ltr'><strong>non</strong></span> <span class='ocrx_word' id='word_1_31' title='bbox 1032 486 1066 534; x_wconf 91' lang='lat' dir='ltr'><strong>ut</strong></span> <span class='ocrx_word' id='word_1_32' title='bbox 1077 475 1178 536; x_wconf 83' lang='lat' dir='ltr'><strong>hostes</strong></span> <span class='ocrx_word' id='word_1_33' title='bbox 1192 483 1238 538; x_wconf 87' lang='lat' dir='ltr'><strong>ti-</strong></span> 
     </span>
     <span class='ocr_line' id='line_1_5' title="bbox 195 561 1239 645; baseline -0.009 -16"><span class='ocrx_word' id='word_1_34' title='bbox 195 573 288 643; x_wconf 83' lang='lat' dir='ltr'><strong>meri3</strong></span> <span class='ocrx_word' id='word_1_35' title='bbox 314 578 402 645; x_wconf 83' lang='lat' dir='ltr'><strong>atque</strong></span> <span class='ocrx_word' id='word_1_36' title='bbox 415 583 515 635; x_wconf 74' lang='lat' dir='ltr'><strong>omncs</strong></span> <span class='ocrx_word' id='word_1_37' title='bbox 529 565 571 620; x_wconf 87' lang='lat' dir='ltr'><strong>ite</strong></span> <span class='ocrx_word' id='word_1_38' title='bbox 583 563 675 620; x_wconf 87' lang='lat' dir='ltr'><strong>bonos</strong></span> <span class='ocrx_word' id='word_1_39' title='bbox 690 562 782 634; x_wconf 88' lang='lat' dir='ltr'><strong>dieat,</strong></span> <span class='ocrx_word' id='word_1_40' title='bbox 805 569 838 617; x_wconf 90' lang='lat' dir='ltr'><strong>ut</strong></span> <span class='ocrx_word' id='word_1_41' title='bbox 849 561 964 618; x_wconf 82' lang='lat' dir='ltr'><strong>facilius</strong></span> <span class='ocrx_word' id='word_1_42' title='bbox 978 562 1017 618; x_wconf 89' lang='lat' dir='ltr'><strong>sit</strong></span> <span class='ocrx_word' id='word_1_43' title='bbox 1030 580 1080 618; x_wconf 90' lang='lat' dir='ltr'><strong>eos</strong></span> <span class='ocrx_word' id='word_1_44' title='bbox 1093 567 1239 622; x_wconf 85' lang='lat' dir='ltr'><strong>nocenti-</strong></span> 
     </span>
     <span class='ocr_line' id='line_1_6' title="bbox 194 647 1239 729; baseline -0.008 -17"><span class='ocrx_word' id='word_1_45' title='bbox 194 656 251 713; x_wconf 82' lang='lat' dir='ltr'><strong>bus</strong></span> <span class='ocrx_word' id='word_1_46' title='bbox 263 671 401 729; x_wconf 86' lang='lat' dir='ltr'><strong>parcere,</strong></span> <span class='ocrx_word' id='word_1_47' title='bbox 416 667 504 725; x_wconf 81' lang='lat' dir='ltr'><strong>quam</strong></span> <span class='ocrx_word' id='word_1_48' title='bbox 515 647 632 704; x_wconf 87' lang='lat' dir='ltr'><strong>laedere</strong></span> <span class='ocrx_word' id='word_1_49' title='bbox 645 663 817 722; x_wconf 83' lang='lat' dir='ltr'><strong>quemquam</strong></span> <span class='ocrx_word' id='word_1_50' title='bbox 830 647 1031 719; x_wconf 81' lang='lat' dir='ltr'><strong>innocentem3</strong></span> <span class='ocrx_word' id='word_1_51' title='bbox 1051 653 1149 702; x_wconf 88' lang='lat' dir='ltr'><strong>tamen</strong></span> <span class='ocrx_word' id='word_1_52' title='bbox 1164 667 1239 704; x_wconf 89' lang='lat' dir='ltr'><strong>mu-</strong></span> 
     </span>
     <span class='ocr_line' id='line_1_7' title="bbox 195 727 1238 810; baseline -0.008 -15"><span class='ocrx_word' id='word_1_53' title='bbox 195 741 263 795; x_wconf 86' lang='lat' dir='ltr'><strong>lieri</strong></span> <span class='ocrx_word' id='word_1_54' title='bbox 270 737 440 810; x_wconf 85' lang='lat' dir='ltr'><strong>foetaepost</strong></span> <span class='ocrx_word' id='word_1_55' title='bbox 450 741 567 808; x_wconf 85' lang='lat' dir='ltr'><strong>partum</strong></span> <span class='ocrx_word' id='word_1_56' title='bbox 573 740 635 788; x_wconf 84' lang='lat' dir='ltr'><strong>tres</strong></span> <span class='ocrx_word' id='word_1_57' title='bbox 645 729 715 788; x_wconf 84' lang='lat' dir='ltr'><strong>deos</strong></span> <span class='ocrx_word' id='word_1_58' title='bbox 727 727 861 786; x_wconf 83' lang='lat' dir='ltr'><strong>custodes</strong></span> <span class='ocrx_word' id='word_1_59' title='bbox 873 738 1078 786; x_wconf 86' lang='lat' dir='ltr'><strong>commemorat</strong></span> <span class='ocrx_word' id='word_1_60' title='bbox 1088 729 1238 801; x_wconf 76' lang='lat' dir='ltr'><strong>adhiberi,</strong></span> 
     </span>
     <span class='ocr_line' id='line_1_8' title="bbox 197 811 1239 891; baseline -0.009 -12"><span class='ocrx_word' id='word_1_61' title='bbox 197 841 235 879; x_wconf 91' lang='lat' dir='ltr'><strong>ne</strong></span> <span class='ocrx_word' id='word_1_62' title='bbox 248 820 386 878; x_wconf 82' lang='lat' dir='ltr'><strong>Silvanus</strong></span> <span class='ocrx_word' id='word_1_63' title='bbox 401 816 473 872; x_wconf 92' lang='lat' dir='ltr'><strong>deus</strong></span> <span class='ocrx_word' id='word_1_64' title='bbox 490 824 674 890; x_wconf 87' lang='lat' dir='ltr'><strong>pernoctem</strong></span> <span class='ocrx_word' id='word_1_65' title='bbox 692 811 874 891; x_wconf 83' lang='lat' dir='ltr'><strong>ingrediatm·</strong></span> <span class='ocrx_word' id='word_1_66' title='bbox 889 823 919 870; x_wconf 87' lang='lat' dir='ltr'><strong>et</strong></span> <span class='ocrx_word' id='word_1_67' title='bbox 939 822 1043 886; x_wconf 81' lang='lat' dir='ltr'><strong>vexet3</strong></span> <span class='ocrx_word' id='word_1_68' title='bbox 1070 831 1239 889; x_wconf 84' lang='lat' dir='ltr'><strong>corumque</strong></span> 
     </span>
     <span class='ocr_line' id='line_1_9' title="bbox 197 894 1239 978; baseline -0.007 -18"><span class='ocrx_word' id='word_1_69' title='bbox 197 902 350 960; x_wconf 88' lang='lat' dir='ltr'><strong>custodum</strong></span> <span class='ocrx_word' id='word_1_70' title='bbox 363 899 624 978; x_wconf 80' lang='lat' dir='ltr'><strong>significandorum</strong></span> <span class='ocrx_word' id='word_1_71' title='bbox 638 916 726 956; x_wconf 86' lang='lat' dir='ltr'><strong>cauea</strong></span> <span class='ocrx_word' id='word_1_72' title='bbox 739 906 800 952; x_wconf 84' lang='lat' dir='ltr'><strong>tres</strong></span> <span class='ocrx_word' id='word_1_73' title='bbox 813 894 946 958; x_wconf 89' lang='lat' dir='ltr'><strong>homines</strong></span> <span class='ocrx_word' id='word_1_74' title='bbox 969 905 1059 954; x_wconf 83' lang='lat' dir='ltr'><strong>noctu</strong></span> <span class='ocrx_word' id='word_1_75' title='bbox 1076 899 1239 954; x_wconf 88' lang='lat' dir='ltr'><strong>circumire</strong></span> 
     </span>
     <span class='ocr_line' id='line_1_10' title="bbox 195 981 1238 1060; baseline -0.006 -16"><span class='ocrx_word' id='word_1_76' title='bbox 195 988 298 1044; x_wconf 86' lang='lat' dir='ltr'><strong>limina</strong></span> <span class='ocrx_word' id='word_1_77' title='bbox 312 985 428 1056; x_wconf 88' lang='lat' dir='ltr'><strong>domus,</strong></span> <span class='ocrx_word' id='word_1_78' title='bbox 442 993 473 1040; x_wconf 88' lang='lat' dir='ltr'><strong>et</strong></span> <span class='ocrx_word' id='word_1_79' title='bbox 484 984 578 1060; x_wconf 89' lang='lat' dir='ltr'><strong>primo</strong></span> <span class='ocrx_word' id='word_1_80' title='bbox 591 984 682 1040; x_wconf 86' lang='lat' dir='ltr'><strong>limen</strong></span> <span class='ocrx_word' id='word_1_81' title='bbox 696 983 793 1038; x_wconf 88' lang='lat' dir='ltr'><strong>securi</strong></span> <span class='ocrx_word' id='word_1_82' title='bbox 807 981 915 1054; x_wconf 85' lang='lat' dir='ltr'><strong>ferire,</strong></span> <span class='ocrx_word' id='word_1_83' title='bbox 937 989 1040 1057; x_wconf 86' lang='lat' dir='ltr'><strong>postea</strong></span> <span class='ocrx_word' id='word_1_84' title='bbox 1052 982 1128 1054; x_wconf 86' lang='lat' dir='ltr'><strong>pilo,</strong></span> <span class='ocrx_word' id='word_1_85' title='bbox 1141 983 1238 1038; x_wconf 91' lang='lat' dir='ltr'><strong>tertio</strong></span> 
     </span>
     <span class='ocr_line' id='line_1_11' title="bbox 196 1062 1238 1146; baseline -0.008 -18"><span class='ocrx_word' id='word_1_86' title='bbox 196 1069 353 1128; x_wconf 86' lang='lat' dir='ltr'><strong>deverrere</strong></span> <span class='ocrx_word' id='word_1_87' title='bbox 380 1069 493 1142; x_wconf 89' lang='lat' dir='ltr'><strong>scopis,</strong></span> <span class='ocrx_word' id='word_1_88' title='bbox 519 1065 610 1126; x_wconf 86' lang='lat' dir='ltr'><strong>uthis</strong></span> <span class='ocrx_word' id='word_1_89' title='bbox 624 1067 699 1125; x_wconf 83' lang='lat' dir='ltr'><strong>datis</strong></span> <span class='ocrx_word' id='word_1_90' title='bbox 714 1067 846 1124; x_wconf 86' lang='lat' dir='ltr'><strong>culturae</strong></span> <span class='ocrx_word' id='word_1_91' title='bbox 870 1067 980 1146; x_wconf 80' lang='lat' dir='ltr'><strong>signis,</strong></span> <span class='ocrx_word' id='word_1_92' title='bbox 1007 1064 1077 1120; x_wconf 88' lang='lat' dir='ltr'><strong>deus</strong></span> <span class='ocrx_word' id='word_1_93' title='bbox 1091 1062 1238 1122; x_wconf 78' lang='lat' dir='ltr'><strong>Silvanus</strong></span> 
     </span>
     <span class='ocr_line' id='line_1_12' title="bbox 195 1148 1239 1230; baseline -0.006 -20"><span class='ocrx_word' id='word_1_94' title='bbox 195 1152 384 1230; x_wconf 81' lang='lat' dir='ltr'><strong>prohibeatur</strong></span> <span class='ocrx_word' id='word_1_95' title='bbox 396 1153 524 1227; x_wconf 82' lang='lat' dir='ltr'><strong>intrare;</strong></span> <span class='ocrx_word' id='word_1_96' title='bbox 550 1151 627 1227; x_wconf 88' lang='lat' dir='ltr'><strong>quod</strong></span> <span class='ocrx_word' id='word_1_97' title='bbox 652 1169 747 1226; x_wconf 86' lang='lat' dir='ltr'><strong>neque</strong></span> <span class='ocrx_word' id='word_1_98' title='bbox 760 1151 880 1208; x_wconf 86' lang='lat' dir='ltr'><strong>arbores</strong></span> <span class='ocrx_word' id='word_1_99' title='bbox 903 1148 1065 1208; x_wconf 87' lang='lat' dir='ltr'><strong>caeduntur</strong></span> <span class='ocrx_word' id='word_1_100' title='bbox 1077 1167 1111 1206; x_wconf 87' lang='lat' dir='ltr'><strong>ec</strong></span> <span class='ocrx_word' id='word_1_101' title='bbox 1123 1157 1239 1223; x_wconf 88' lang='lat' dir='ltr'><strong>putan-</strong></span> 
     </span>
     <span class='ocr_line' id='line_1_13' title="bbox 195 1232 1240 1312; baseline -0.01 -15"><span class='ocrx_word' id='word_1_102' title='bbox 195 1247 246 1297; x_wconf 85' lang='lat' dir='ltr'><strong>tur</strong></span> <span class='ocrx_word' id='word_1_103' title='bbox 259 1237 325 1294; x_wconf 89' lang='lat' dir='ltr'><strong>sinc</strong></span> <span class='ocrx_word' id='word_1_104' title='bbox 338 1236 420 1307; x_wconf 84' lang='lat' dir='ltr'><strong>iero,</strong></span> <span class='ocrx_word' id='word_1_105' title='bbox 433 1255 530 1312; x_wconf 81' lang='lat' dir='ltr'><strong>neque</strong></span> <span class='ocrx_word' id='word_1_106' title='bbox 543 1235 589 1292; x_wconf 87' lang='lat' dir='ltr'><strong>far</strong></span> <span class='ocrx_word' id='word_1_107' title='bbox 604 1235 761 1294; x_wconf 84' lang='lat' dir='ltr'><strong>conficitur</strong></span> <span class='ocrx_word' id='word_1_108' title='bbox 774 1237 839 1292; x_wconf 81' lang='lat' dir='ltr'><strong>sine</strong></span> <span class='ocrx_word' id='word_1_109' title='bbox 851 1235 927 1311; x_wconf 92' lang='lat' dir='ltr'><strong>pilo,</strong></span> <span class='ocrx_word' id='word_1_110' title='bbox 941 1252 1038 1309; x_wconf 86' lang='lat' dir='ltr'><strong>neque</strong></span> <span class='ocrx_word' id='word_1_111' title='bbox 1048 1232 1148 1310; x_wconf 80' lang='lat' dir='ltr'><strong>fruges</strong></span> <span class='ocrx_word' id='word_1_112' title='bbox 1163 1248 1240 1288; x_wconf 82' lang='lat' dir='ltr'><strong>eoa-</strong></span> 
     </span>
     <span class='ocr_line' id='line_1_14' title="bbox 196 1317 1240 1394; baseline -0.007 -16"><span class='ocrx_word' id='word_1_113' title='bbox 196 1321 550 1394; x_wconf 75' lang='lat' dir='ltr'><strong>cernantursinescop113</strong></span> <span class='ocrx_word' id='word_1_114' title='bbox 566 1320 601 1378; x_wconf 89' lang='lat' dir='ltr'><strong>ab</strong></span> <span class='ocrx_word' id='word_1_115' title='bbox 611 1317 656 1376; x_wconf 83' lang='lat' dir='ltr'><strong>his</strong></span> <span class='ocrx_word' id='word_1_116' title='bbox 666 1327 765 1376; x_wconf 88' lang='lat' dir='ltr'><strong>autem</strong></span> <span class='ocrx_word' id='word_1_117' title='bbox 774 1319 868 1378; x_wconf 85' lang='lat' dir='ltr'><strong>tribua</strong></span> <span class='ocrx_word' id='word_1_118' title='bbox 878 1319 964 1376; x_wconf 91' lang='lat' dir='ltr'><strong>rebus</strong></span> <span class='ocrx_word' id='word_1_119' title='bbox 976 1327 1036 1386; x_wconf 83' lang='lat' dir='ltr'><strong>tres</strong></span> <span class='ocrx_word' id='word_1_120' title='bbox 1047 1325 1240 1390; x_wconf 83' lang='lat' dir='ltr'><strong>nuncupatos</strong></span> 
     </span>
     <span class='ocr_line' id='line_1_15' title="bbox 197 1394 1240 1477; baseline -0.005 -17"><span class='ocrx_word' id='word_1_121' title='bbox 197 1403 279 1477; x_wconf 80' lang='lat' dir='ltr'><strong>deos,</strong></span> <span class='ocrx_word' id='word_1_122' title='bbox 290 1401 651 1464; x_wconf 87' lang='lat' dir='ltr'><strong>Intereidonamasceuris</strong></span> <span class='ocrx_word' id='word_1_123' title='bbox 665 1404 869 1476; x_wconf 76' lang='lat' dir='ltr'><strong>intercisione,</strong></span> <span class='ocrx_word' id='word_1_124' title='bbox 882 1401 1075 1462; x_wconf 87' lang='lat' dir='ltr'><strong>Pilumnuma</strong></span> <span class='ocrx_word' id='word_1_125' title='bbox 1086 1394 1157 1476; x_wconf 86' lang='lat' dir='ltr'><strong>pilo,</strong></span> <span class='ocrx_word' id='word_1_126' title='bbox 1171 1399 1240 1456; x_wconf 88' lang='lat' dir='ltr'><strong>De-</strong></span> 
     </span>
     <span class='ocr_line' id='line_1_16' title="bbox 195 1482 1238 1563; baseline -0.007 -19"><span class='ocrx_word' id='word_1_127' title='bbox 195 1506 313 1546; x_wconf 84' lang='lat' dir='ltr'><strong>vcrram</strong></span> <span class='ocrx_word' id='word_1_128' title='bbox 326 1507 344 1544; x_wconf 85' lang='lat' dir='ltr'><strong>a</strong></span> <span class='ocrx_word' id='word_1_129' title='bbox 364 1489 477 1562; x_wconf 88' lang='lat' dir='ltr'><strong>scopis,</strong></span> <span class='ocrx_word' id='word_1_130' title='bbox 497 1488 601 1563; x_wconf 87' lang='lat' dir='ltr'><strong>quibus</strong></span> <span class='ocrx_word' id='word_1_131' title='bbox 615 1487 671 1544; x_wconf 82' lang='lat' dir='ltr'><strong>diis</strong></span> <span class='ocrx_word' id='word_1_132' title='bbox 686 1487 854 1544; x_wconf 75' lang='lat' dir='ltr'><strong>custodibus</strong></span> <span class='ocrx_word' id='word_1_133' title='bbox 868 1489 1044 1544; x_wconf 39' lang='lat' dir='ltr'><strong>eontravvim</strong></span> <span class='ocrx_word' id='word_1_134' title='bbox 1058 1483 1105 1540; x_wconf 85' lang='lat' dir='ltr'><strong>dei</strong></span> <span class='ocrx_word' id='word_1_135' title='bbox 1117 1482 1238 1541; x_wconf 85' lang='lat' dir='ltr'><strong>Silvani</strong></span> 
     </span>
     <span class='ocr_line' id='line_1_17' title="bbox 195 1566 1240 1642; baseline -0.005 -14"><span class='ocrx_word' id='word_1_136' title='bbox 195 1572 276 1628; x_wconf 83' lang='lat' dir='ltr'><strong>foeta</strong></span> <span class='ocrx_word' id='word_1_137' title='bbox 302 1566 552 1629; x_wconf 65' lang='lat' dir='ltr'><strong>conservaretur?</strong></span> <span class='ocrx_word' id='word_1_138' title='bbox 584 1569 630 1628; x_wconf 86' lang='lat' dir='ltr'><strong>Ita</strong></span> <span class='ocrx_word' id='word_1_139' title='bbox 644 1579 748 1630; x_wconf 86' lang='lat' dir='ltr'><strong>contra</strong></span> <span class='ocrx_word' id='word_1_140' title='bbox 771 1572 971 1642; x_wconf 81' lang='lat' dir='ltr'><strong>deinoccntie</strong></span> <span class='ocrx_word' id='word_1_141' title='bbox 996 1570 1149 1628; x_wconf 81' lang='lat' dir='ltr'><strong>saevitiam</strong></span> <span class='ocrx_word' id='word_1_142' title='bbox 1172 1586 1240 1624; x_wconf 88' lang='lat' dir='ltr'><strong>non</strong></span> 
     </span>
     <span class='ocr_line' id='line_1_18' title="bbox 195 1652 1240 1732; baseline -0.005 -20"><span class='ocrx_word' id='word_1_143' title='bbox 195 1657 308 1714; x_wconf 84' lang='lat' dir='ltr'><strong>valeret</strong></span> <span class='ocrx_word' id='word_1_144' title='bbox 335 1655 468 1711; x_wconf 81' lang='lat' dir='ltr'><strong>custodia</strong></span> <span class='ocrx_word' id='word_1_145' title='bbox 491 1652 652 1727; x_wconf 87' lang='lat' dir='ltr'><strong>bonorum,</strong></span> <span class='ocrx_word' id='word_1_146' title='bbox 679 1657 738 1714; x_wconf 84' lang='lat' dir='ltr'><strong>nisi</strong></span> <span class='ocrx_word' id='word_1_147' title='bbox 750 1658 849 1732; x_wconf 86' lang='lat' dir='ltr'><strong>plures</strong></span> <span class='ocrx_word' id='word_1_148' title='bbox 864 1665 964 1712; x_wconf 85' lang='lat' dir='ltr'><strong>essent</strong></span> <span class='ocrx_word' id='word_1_149' title='bbox 976 1653 1115 1712; x_wconf 81' lang='lat' dir='ltr'><strong>adversus</strong></span> <span class='ocrx_word' id='word_1_150' title='bbox 1129 1670 1240 1722; x_wconf 85' lang='lat' dir='ltr'><strong>unum,</strong></span> 
     </span>
     <span class='ocr_line' id='line_1_19' title="bbox 197 1736 1238 1816; baseline -0.005 -22"><span class='ocrx_word' id='word_1_151' title='bbox 197 1740 282 1815; x_wconf 89' lang='lat' dir='ltr'><strong>eique</strong></span> <span class='ocrx_word' id='word_1_152' title='bbox 294 1756 416 1812; x_wconf 86' lang='lat' dir='ltr'><strong>aspero,</strong></span> <span class='ocrx_word' id='word_1_153' title='bbox 441 1736 606 1811; x_wconf 87' lang='lat' dir='ltr'><strong>horrendo,</strong></span> <span class='ocrx_word' id='word_1_154' title='bbox 632 1741 761 1811; x_wconf 87' lang='lat' dir='ltr'><strong>inculto,</strong></span> <span class='ocrx_word' id='word_1_155' title='bbox 788 1749 890 1816; x_wconf 82' lang='lat' dir='ltr'><strong>utpote</strong></span> <span class='ocrx_word' id='word_1_156' title='bbox 904 1741 1048 1811; x_wconf 81' lang='lat' dir='ltr'><strong>silvestri,</strong></span> <span class='ocrx_word' id='word_1_157' title='bbox 1062 1737 1156 1816; x_wconf 82' lang='lat' dir='ltr'><strong>signis</strong></span> <span class='ocrx_word' id='word_1_158' title='bbox 1170 1737 1238 1790; x_wconf 90' lang='lat' dir='ltr'><strong>cul-</strong></span> 
     </span>
     <span class='ocr_line' id='line_1_20' title="bbox 180 1815 1238 1902; baseline -0.005 -24"><span class='ocrx_word' id='word_1_159' title='bbox 180 1815 281 1878; x_wconf 78' lang='lat' dir='ltr'><strong>&#39;turae</strong></span> <span class='ocrx_word' id='word_1_160' title='bbox 306 1831 448 1896; x_wconf 88' lang='lat' dir='ltr'><strong>tanquam</strong></span> <span class='ocrx_word' id='word_1_161' title='bbox 474 1823 630 1880; x_wconf 78' lang='lat' dir='ltr'><strong>contrariis</strong></span> <span class='ocrx_word' id='word_1_162' title='bbox 653 1834 864 1902; x_wconf 77' lang='lat' dir='ltr'><strong>repugnarent.</strong></span> <span class='ocrx_word' id='word_1_163' title='bbox 908 1821 991 1880; x_wconf 86' lang='lat' dir='ltr'><strong>Itane</strong></span> <span class='ocrx_word' id='word_1_164' title='bbox 1004 1824 1062 1878; x_wconf 90' lang='lat' dir='ltr'><strong>ista</strong></span> <span class='ocrx_word' id='word_1_165' title='bbox 1085 1820 1238 1876; x_wconf 83' lang='lat' dir='ltr'><strong>eetinno-</strong></span> 
     </span>
     <span class='ocr_line' id='line_1_21' title="bbox 196 1904 1238 1977; baseline -0.003 -16"><span class='ocrx_word' id='word_1_166' title='bbox 196 1907 295 1962; x_wconf 84' lang='lat' dir='ltr'><strong>centia</strong></span> <span class='ocrx_word' id='word_1_167' title='bbox 308 1905 444 1977; x_wconf 88' lang='lat' dir='ltr'><strong>deorum,</strong></span> <span class='ocrx_word' id='word_1_168' title='bbox 470 1907 529 1964; x_wconf 82' lang='lat' dir='ltr'><strong>icto</strong></span> <span class='ocrx_word' id='word_1_169' title='bbox 555 1904 733 1965; x_wconf 78' lang='lat' dir='ltr'><strong>concordiai</strong></span> <span class='ocrx_word' id='word_1_170' title='bbox 771 1906 922 1964; x_wconf 87' lang='lat' dir='ltr'><strong>Haeccine</strong></span> <span class='ocrx_word' id='word_1_171' title='bbox 938 1915 1007 1963; x_wconf 84' lang='lat' dir='ltr'><strong>eunt</strong></span> <span class='ocrx_word' id='word_1_172' title='bbox 1019 1906 1139 1962; x_wconf 89' lang='lat' dir='ltr'><strong>numina</strong></span> <span class='ocrx_word' id='word_1_173' title='bbox 1152 1905 1238 1959; x_wconf 83' lang='lat' dir='ltr'><strong>salu-</strong></span> 
     </span>
     <span class='ocr_line' id='line_1_22' title="bbox 194 1985 1112 2068; baseline -0.002 -23"><span class='ocrx_word' id='word_1_174' title='bbox 194 1989 259 2046; x_wconf 86' lang='lat' dir='ltr'><strong>bria</strong></span> <span class='ocrx_word' id='word_1_175' title='bbox 273 1989 406 2060; x_wconf 84' lang='lat' dir='ltr'><strong>urbium,</strong></span> <span class='ocrx_word' id='word_1_176' title='bbox 430 1991 524 2068; x_wconf 82' lang='lat' dir='ltr'><strong>magio</strong></span> <span class='ocrx_word' id='word_1_177' title='bbox 538 1989 661 2048; x_wconf 87' lang='lat' dir='ltr'><strong>ridenda</strong></span> <span class='ocrx_word' id='word_1_178' title='bbox 673 2009 760 2068; x_wconf 90' lang='lat' dir='ltr'><strong>quam</strong></span> <span class='ocrx_word' id='word_1_179' title='bbox 771 1991 902 2054; x_wconf 63' lang='lat' dir='ltr'><strong>ludibria,</strong></span> <span class='ocrx_word' id='word_1_180' title='bbox 911 1985 1112 2047; x_wconf 79' lang='lat' dir='ltr'><strong>theatrorumi</strong></span> 
     </span>
     <span class='ocr_line' id='line_1_23' title="bbox 260 2069 1238 2153; baseline -0.003 -24"><span class='ocrx_word' id='word_1_181' title='bbox 260 2069 333 2130; x_wconf 85' lang='lat' dir='ltr'><strong>Cum</strong></span> <span class='ocrx_word' id='word_1_182' title='bbox 345 2089 408 2128; x_wconf 86' lang='lat' dir='ltr'><strong>mas</strong></span> <span class='ocrx_word' id='word_1_183' title='bbox 421 2082 452 2128; x_wconf 86' lang='lat' dir='ltr'><strong>et</strong></span> <span class='ocrx_word' id='word_1_184' title='bbox 465 2072 576 2130; x_wconf 87' lang='lat' dir='ltr'><strong>femina</strong></span> <span class='ocrx_word' id='word_1_185' title='bbox 594 2076 834 2153; x_wconf 79' lang='lat' dir='ltr'><strong>coniunguntur,</strong></span> <span class='ocrx_word' id='word_1_186' title='bbox 862 2073 1016 2130; x_wconf 81' lang='lat' dir='ltr'><strong>adhibetur</strong></span> <span class='ocrx_word' id='word_1_187' title='bbox 1035 2072 1105 2128; x_wconf 83' lang='lat' dir='ltr'><strong>deus</strong></span> <span class='ocrx_word' id='word_1_188' title='bbox 1118 2071 1238 2148; x_wconf 80' lang='lat' dir='ltr'><strong>iugati-</strong></span> 
     </span>
     <span class='ocr_line' id='line_1_24' title="bbox 196 2154 1239 2232; baseline -0.003 -19"><span class='ocrx_word' id='word_1_189' title='bbox 196 2175 269 2213; x_wconf 90' lang='lat' dir='ltr'><strong>nus:</strong></span> <span class='ocrx_word' id='word_1_190' title='bbox 285 2154 390 2212; x_wconf 83' lang='lat' dir='ltr'><strong>sithoc</strong></span> <span class='ocrx_word' id='word_1_191' title='bbox 400 2156 562 2217; x_wconf 77' lang='lat' dir='ltr'><strong>ferendum.</strong></span> <span class='ocrx_word' id='word_1_192' title='bbox 589 2157 649 2216; x_wconf 88' lang='lat' dir='ltr'><strong>Sed</strong></span> <span class='ocrx_word' id='word_1_193' title='bbox 658 2159 775 2216; x_wconf 89' lang='lat' dir='ltr'><strong>domum</strong></span> <span class='ocrx_word' id='word_1_194' title='bbox 787 2168 832 2217; x_wconf 88' lang='lat' dir='ltr'><strong>est</strong></span> <span class='ocrx_word' id='word_1_195' title='bbox 843 2157 977 2216; x_wconf 90' lang='lat' dir='ltr'><strong>dueenda</strong></span> <span class='ocrx_word' id='word_1_196' title='bbox 987 2175 1061 2232; x_wconf 88' lang='lat' dir='ltr'><strong>quae</strong></span> <span class='ocrx_word' id='word_1_197' title='bbox 1069 2156 1167 2212; x_wconf 89' lang='lat' dir='ltr'><strong>nubit:</strong></span> <span class='ocrx_word' id='word_1_198' title='bbox 1183 2155 1239 2210; x_wconf 87' lang='lat' dir='ltr'><strong>ad-</strong></span> 
     </span>
     <span class='ocr_line' id='line_1_25' title="bbox 194 2238 1239 2313; baseline -0.003 -16"><span class='ocrx_word' id='word_1_199' title='bbox 194 2239 313 2297; x_wconf 88' lang='lat' dir='ltr'><strong>hibetur</strong></span> <span class='ocrx_word' id='word_1_200' title='bbox 339 2257 378 2296; x_wconf 85' lang='lat' dir='ltr'><strong>cx</strong></span> <span class='ocrx_word' id='word_1_201' title='bbox 395 2241 466 2298; x_wconf 85' lang='lat' dir='ltr'><strong>deus</strong></span> <span class='ocrx_word' id='word_1_202' title='bbox 480 2241 671 2299; x_wconf 83' lang='lat' dir='ltr'><strong>Domiducus.</strong></span> <span class='ocrx_word' id='word_1_203' title='bbox 698 2240 737 2297; x_wconf 88' lang='lat' dir='ltr'><strong>Vt</strong></span> <span class='ocrx_word' id='word_1_204' title='bbox 755 2243 787 2298; x_wconf 87' lang='lat' dir='ltr'><strong>in</strong></span> <span class='ocrx_word' id='word_1_205' title='bbox 804 2242 888 2300; x_wconf 87' lang='lat' dir='ltr'><strong>domo</strong></span> <span class='ocrx_word' id='word_1_206' title='bbox 908 2243 962 2313; x_wconf 81' lang='lat' dir='ltr'><strong>ait,</strong></span> <span class='ocrx_word' id='word_1_207' title='bbox 988 2239 1142 2298; x_wconf 84' lang='lat' dir='ltr'><strong>adhibetur</strong></span> <span class='ocrx_word' id='word_1_208' title='bbox 1162 2238 1239 2296; x_wconf 73' lang='lat' dir='ltr'><strong>deus</strong></span> 
     </span>
     <span class='ocr_line' id='line_1_26' title="bbox 195 2323 1239 2398; baseline -0.003 -17"><span class='ocrx_word' id='word_1_209' title='bbox 195 2323 356 2382; x_wconf 81' lang='lat' dir='ltr'><strong>Domitius.</strong></span> <span class='ocrx_word' id='word_1_210' title='bbox 403 2323 443 2382; x_wconf 90' lang='lat' dir='ltr'><strong>Vt</strong></span> <span class='ocrx_word' id='word_1_211' title='bbox 471 2335 590 2383; x_wconf 87' lang='lat' dir='ltr'><strong>maneat</strong></span> <span class='ocrx_word' id='word_1_212' title='bbox 622 2345 689 2382; x_wconf 90' lang='lat' dir='ltr'><strong>eum</strong></span> <span class='ocrx_word' id='word_1_213' title='bbox 718 2327 800 2398; x_wconf 79' lang='lat' dir='ltr'><strong>viro,</strong></span> <span class='ocrx_word' id='word_1_214' title='bbox 838 2325 955 2382; x_wconf 87' lang='lat' dir='ltr'><strong>additur</strong></span> <span class='ocrx_word' id='word_1_215' title='bbox 986 2326 1040 2382; x_wconf 88' lang='lat' dir='ltr'><strong>dea</strong></span> <span class='ocrx_word' id='word_1_216' title='bbox 1065 2323 1239 2380; x_wconf 74' lang='lat' dir='ltr'><strong>Menturna.</strong></span> 
     </span>
     <span class='ocr_line' id='line_1_27' title="bbox 178 2407 1239 2484; baseline -0.001 -21"><span class='ocrx_word' id='word_1_217' title='bbox 178 2408 273 2476; x_wconf 47' lang='lat' dir='ltr'><strong>,Quid</strong></span> <span class='ocrx_word' id='word_1_218' title='bbox 286 2409 363 2464; x_wconf 86' lang='lat' dir='ltr'><strong>ultra</strong></span> <span class='ocrx_word' id='word_1_219' title='bbox 385 2407 559 2484; x_wconf 79' lang='lat' dir='ltr'><strong>quaerituri</strong></span> <span class='ocrx_word' id='word_1_220' title='bbox 593 2409 735 2468; x_wconf 85' lang='lat' dir='ltr'><strong>Parcatur</strong></span> <span class='ocrx_word' id='word_1_221' title='bbox 759 2407 904 2466; x_wconf 87' lang='lat' dir='ltr'><strong>humanae</strong></span> <span class='ocrx_word' id='word_1_222' title='bbox 930 2407 1139 2468; x_wconf 79' lang='lat' dir='ltr'><strong>verecundiae:</strong></span> <span class='ocrx_word' id='word_1_223' title='bbox 1164 2425 1239 2480; x_wconf 86' lang='lat' dir='ltr'><strong>per-</strong></span> 
     </span>
     <span class='ocr_line' id='line_1_28' title="bbox 194 2495 1239 2572; baseline 0 -26"><span class='ocrx_word' id='word_1_224' title='bbox 194 2500 265 2568; x_wconf 80' lang='lat' dir='ltr'><strong>agat</strong></span> <span class='ocrx_word' id='word_1_225' title='bbox 295 2501 412 2550; x_wconf 89' lang='lat' dir='ltr'><strong>caetera</strong></span> <span class='ocrx_word' id='word_1_226' title='bbox 436 2495 677 2568; x_wconf 88' lang='lat' dir='ltr'><strong>eoncupiscentia</strong></span> <span class='ocrx_word' id='word_1_227' title='bbox 705 2495 802 2550; x_wconf 89' lang='lat' dir='ltr'><strong>earnis</strong></span> <span class='ocrx_word' id='word_1_228' title='bbox 834 2503 863 2550; x_wconf 87' lang='lat' dir='ltr'><strong>et</strong></span> <span class='ocrx_word' id='word_1_229' title='bbox 894 2495 1049 2572; x_wconf 83' lang='lat' dir='ltr'><strong>sanguinis</strong></span> <span class='ocrx_word' id='word_1_230' title='bbox 1074 2500 1239 2567; x_wconf 82' lang='lat' dir='ltr'><strong>procurato</strong></span> 
     </span>
     <span class='ocr_line' id='line_1_29' title="bbox 194 2575 1272 2650; baseline 0 -20"><span class='ocrx_word' id='word_1_231' title='bbox 194 2585 310 2634; x_wconf 89' lang='lat' dir='ltr'><strong>secreto</strong></span> <span class='ocrx_word' id='word_1_232' title='bbox 337 2576 468 2650; x_wconf 87' lang='lat' dir='ltr'><strong>pudoris.</strong></span> <span class='ocrx_word' id='word_1_233' title='bbox 499 2577 577 2645; x_wconf 79' lang='lat' dir='ltr'><strong>Quid</strong></span> <span class='ocrx_word' id='word_1_234' title='bbox 602 2579 739 2650; x_wconf 85' lang='lat' dir='ltr'><strong>impletur</strong></span> <span class='ocrx_word' id='word_1_235' title='bbox 765 2579 931 2635; x_wconf 86' lang='lat' dir='ltr'><strong>cubiculum</strong></span> <span class='ocrx_word' id='word_1_236' title='bbox 955 2577 1042 2634; x_wconf 83' lang='lat' dir='ltr'><strong>turba</strong></span> <span class='ocrx_word' id='word_1_237' title='bbox 1069 2575 1272 2646; x_wconf 85' lang='lat' dir='ltr'><strong>numinum„</strong></span> 
     </span>
     <span class='ocr_line' id='line_1_30' title="bbox 194 2658 1240 2738; baseline -0.002 -22"><span class='ocrx_word' id='word_1_238' title='bbox 194 2659 310 2736; x_wconf 83' lang='lat' dir='ltr'><strong>quando</strong></span> <span class='ocrx_word' id='word_1_239' title='bbox 325 2671 355 2718; x_wconf 87' lang='lat' dir='ltr'><strong>et</strong></span> <span class='ocrx_word' id='word_1_240' title='bbox 366 2659 558 2738; x_wconf 81' lang='lat' dir='ltr'><strong>paranymphi</strong></span> <span class='ocrx_word' id='word_1_241' title='bbox 570 2660 640 2719; x_wconf 88' lang='lat' dir='ltr'><strong>inde</strong></span> <span class='ocrx_word' id='word_1_242' title='bbox 653 2658 825 2718; x_wconf 69' lang='lat' dir='ltr'><strong>discedunt?</strong></span> <span class='ocrx_word' id='word_1_243' title='bbox 839 2661 878 2718; x_wconf 88' lang='lat' dir='ltr'><strong>Et</strong></span> <span class='ocrx_word' id='word_1_244' title='bbox 891 2660 927 2717; x_wconf 93' lang='lat' dir='ltr'><strong>ad</strong></span> <span class='ocrx_word' id='word_1_245' title='bbox 939 2659 995 2718; x_wconf 91' lang='lat' dir='ltr'><strong>hoc</strong></span> <span class='ocrx_word' id='word_1_246' title='bbox 1009 2661 1155 2734; x_wconf 85' lang='lat' dir='ltr'><strong>impletur,</strong></span> <span class='ocrx_word' id='word_1_247' title='bbox 1172 2677 1240 2714; x_wconf 92' lang='lat' dir='ltr'><strong>non</strong></span> 
     </span>
     <span class='ocr_line' id='line_1_31' title="bbox 193 2742 1240 2824; baseline -0.001 -24"><span class='ocrx_word' id='word_1_248' title='bbox 193 2754 228 2800; x_wconf 91' lang='lat' dir='ltr'><strong>ut</strong></span> <span class='ocrx_word' id='word_1_249' title='bbox 241 2765 344 2802; x_wconf 87' lang='lat' dir='ltr'><strong>eorum</strong></span> <span class='ocrx_word' id='word_1_250' title='bbox 354 2747 523 2818; x_wconf 85' lang='lat' dir='ltr'><strong>praesentia</strong></span> <span class='ocrx_word' id='word_1_251' title='bbox 536 2748 666 2824; x_wconf 81' lang='lat' dir='ltr'><strong>cogitata</strong></span> <span class='ocrx_word' id='word_1_252' title='bbox 679 2747 772 2802; x_wconf 89' lang='lat' dir='ltr'><strong>maior</strong></span> <span class='ocrx_word' id='word_1_253' title='bbox 786 2748 825 2802; x_wconf 84' lang='lat' dir='ltr'><strong>sit</strong></span> <span class='ocrx_word' id='word_1_254' title='bbox 842 2763 914 2802; x_wconf 90' lang='lat' dir='ltr'><strong>cura</strong></span> <span class='ocrx_word' id='word_1_255' title='bbox 931 2745 1106 2820; x_wconf 88' lang='lat' dir='ltr'><strong>pudicitiae,</strong></span> <span class='ocrx_word' id='word_1_256' title='bbox 1133 2742 1186 2798; x_wconf 87' lang='lat' dir='ltr'><strong>sed</strong></span> <span class='ocrx_word' id='word_1_257' title='bbox 1200 2753 1240 2799; x_wconf 89' lang='lat' dir='ltr'><strong>ut</strong></span> 
     </span>
     <span class='ocr_line' id='line_1_32' title="bbox 194 2827 1237 2911; baseline -0.004 -27"><span class='ocrx_word' id='word_1_258' title='bbox 194 2829 322 2911; x_wconf 74' lang='lat' dir='ltr'><strong>feminae</strong></span> <span class='ocrx_word' id='word_1_259' title='bbox 336 2845 410 2883; x_wconf 83' lang='lat' dir='ltr'><strong>sexu</strong></span> <span class='ocrx_word' id='word_1_260' title='bbox 422 2828 568 2900; x_wconf 88' lang='lat' dir='ltr'><strong>infirmae,</strong></span> <span class='ocrx_word' id='word_1_261' title='bbox 582 2831 715 2886; x_wconf 84' lang='lat' dir='ltr'><strong>novitate</strong></span> <span class='ocrx_word' id='word_1_262' title='bbox 728 2830 861 2904; x_wconf 86' lang='lat' dir='ltr'><strong>pavidae,</strong></span> <span class='ocrx_word' id='word_1_263' title='bbox 879 2831 938 2886; x_wconf 92' lang='lat' dir='ltr'><strong>illis</strong></span> <span class='ocrx_word' id='word_1_264' title='bbox 952 2827 1175 2903; x_wconf 85' lang='lat' dir='ltr'><strong>cooperantibus</strong></span> <span class='ocrx_word' id='word_1_265' title='bbox 1190 2827 1237 2881; x_wconf 88' lang='lat' dir='ltr'><strong>si-</strong></span> 
     </span>
     <span class='ocr_line' id='line_1_33' title="bbox 194 2907 1237 2990; baseline -0.006 -22"><span class='ocrx_word' id='word_1_266' title='bbox 194 2915 306 2968; x_wconf 85' lang='lat' dir='ltr'><strong>neuile</strong></span> <span class='ocrx_word' id='word_1_267' title='bbox 319 2909 489 2968; x_wconf 87' lang='lat' dir='ltr'><strong>difficultate</strong></span> <span class='ocrx_word' id='word_1_268' title='bbox 503 2914 658 2990; x_wconf 82' lang='lat' dir='ltr'><strong>virginitas</strong></span> <span class='ocrx_word' id='word_1_269' title='bbox 673 2915 839 2971; x_wconf 79' lang='lat' dir='ltr'><strong>auferatur:</strong></span> <span class='ocrx_word' id='word_1_270' title='bbox 865 2913 948 2968; x_wconf 88' lang='lat' dir='ltr'><strong>adest</strong></span> <span class='ocrx_word' id='word_1_271' title='bbox 965 2915 1044 2970; x_wconf 88' lang='lat' dir='ltr'><strong>enim</strong></span> <span class='ocrx_word' id='word_1_272' title='bbox 1064 2911 1117 2967; x_wconf 88' lang='lat' dir='ltr'><strong>dea</strong></span> <span class='ocrx_word' id='word_1_273' title='bbox 1129 2907 1237 2987; x_wconf 84' lang='lat' dir='ltr'><strong>Virgi-</strong></span> 
     </span>
     <span class='ocr_line' id='line_1_34' title="bbox 193 2991 1236 3076; baseline -0.002 -26"><span class='ocrx_word' id='word_1_274' title='bbox 193 2997 319 3065; x_wconf 84' lang='lat' dir='ltr'><strong>niensis,</strong></span> <span class='ocrx_word' id='word_1_275' title='bbox 334 3003 363 3048; x_wconf 91' lang='lat' dir='ltr'><strong>et</strong></span> <span class='ocrx_word' id='word_1_276' title='bbox 376 2993 447 3049; x_wconf 87' lang='lat' dir='ltr'><strong>deus</strong></span> <span class='ocrx_word' id='word_1_277' title='bbox 460 3005 543 3070; x_wconf 88' lang='lat' dir='ltr'><strong>pater</strong></span> <span class='ocrx_word' id='word_1_278' title='bbox 551 2996 690 3076; x_wconf 81' lang='lat' dir='ltr'><strong>Subigus,</strong></span> <span class='ocrx_word' id='word_1_279' title='bbox 706 3007 736 3054; x_wconf 89' lang='lat' dir='ltr'><strong>et</strong></span> <span class='ocrx_word' id='word_1_280' title='bbox 749 2996 803 3053; x_wconf 88' lang='lat' dir='ltr'><strong>dea</strong></span> <span class='ocrx_word' id='word_1_281' title='bbox 815 3006 908 3053; x_wconf 87' lang='lat' dir='ltr'><strong>mater</strong></span> <span class='ocrx_word' id='word_1_282' title='bbox 916 2995 1031 3068; x_wconf 87' lang='lat' dir='ltr'><strong>Prema,</strong></span> <span class='ocrx_word' id='word_1_283' title='bbox 1047 3006 1077 3052; x_wconf 89' lang='lat' dir='ltr'><strong>et</strong></span> <span class='ocrx_word' id='word_1_284' title='bbox 1089 2993 1142 3050; x_wconf 88' lang='lat' dir='ltr'><strong>dea</strong></span> <span class='ocrx_word' id='word_1_285' title='bbox 1157 2991 1236 3051; x_wconf 87' lang='lat' dir='ltr'><strong>Per-</strong></span> 
     </span>
     <span class='ocr_line' id='line_1_35' title="bbox 193 3075 1236 3155; baseline 0 -23"><span class='ocrx_word' id='word_1_286' title='bbox 193 3076 297 3148; x_wconf 88' lang='lat' dir='ltr'><strong>tunda,</strong></span> <span class='ocrx_word' id='word_1_287' title='bbox 312 3086 342 3132; x_wconf 89' lang='lat' dir='ltr'><strong>et</strong></span> <span class='ocrx_word' id='word_1_288' title='bbox 354 3075 465 3150; x_wconf 84' lang='lat' dir='ltr'><strong>Venus,</strong></span> <span class='ocrx_word' id='word_1_289' title='bbox 480 3088 510 3135; x_wconf 89' lang='lat' dir='ltr'><strong>ct</strong></span> <span class='ocrx_word' id='word_1_290' title='bbox 522 3079 654 3155; x_wconf 85' lang='lat' dir='ltr'><strong>Priapus.</strong></span> <span class='ocrx_word' id='word_1_291' title='bbox 675 3079 752 3149; x_wconf 78' lang='lat' dir='ltr'><strong>Quid</strong></span> <span class='ocrx_word' id='word_1_292' title='bbox 766 3089 811 3135; x_wconf 89' lang='lat' dir='ltr'><strong>est</strong></span> <span class='ocrx_word' id='word_1_293' title='bbox 823 3077 897 3137; x_wconf 81' lang='lat' dir='ltr'><strong>boni</strong></span> <span class='ocrx_word' id='word_1_294' title='bbox 912 3079 946 3136; x_wconf 85' lang='lat' dir='ltr'><strong>Si</strong></span> <span class='ocrx_word' id='word_1_295' title='bbox 960 3082 1079 3137; x_wconf 91' lang='lat' dir='ltr'><strong>omnino</strong></span> <span class='ocrx_word' id='word_1_296' title='bbox 1093 3077 1236 3133; x_wconf 87' lang='lat' dir='ltr'><strong>loboran-</strong></span> 
     </span>
     <span class='ocr_line' id='line_1_36' title="bbox 193 3158 1236 3238; baseline 0.001 -23"><span class='ocrx_word' id='word_1_297' title='bbox 193 3169 254 3216; x_wconf 86' lang='lat' dir='ltr'><strong>tcm</strong></span> <span class='ocrx_word' id='word_1_298' title='bbox 268 3162 300 3218; x_wconf 91' lang='lat' dir='ltr'><strong>in</strong></span> <span class='ocrx_word' id='word_1_299' title='bbox 313 3161 364 3215; x_wconf 91' lang='lat' dir='ltr'><strong>illo</strong></span> <span class='ocrx_word' id='word_1_300' title='bbox 379 3179 466 3236; x_wconf 89' lang='lat' dir='ltr'><strong>opere</strong></span> <span class='ocrx_word' id='word_1_301' title='bbox 479 3165 575 3222; x_wconf 79' lang='lat' dir='ltr'><strong>virum</strong></span> <span class='ocrx_word' id='word_1_302' title='bbox 589 3167 624 3222; x_wconf 91' lang='lat' dir='ltr'><strong>ab</strong></span> <span class='ocrx_word' id='word_1_303' title='bbox 638 3165 694 3222; x_wconf 84' lang='lat' dir='ltr'><strong>diis</strong></span> <span class='ocrx_word' id='word_1_304' title='bbox 708 3164 842 3220; x_wconf 87' lang='lat' dir='ltr'><strong>adiuvari</strong></span> <span class='ocrx_word' id='word_1_305' title='bbox 855 3165 1020 3238; x_wconf 86' lang='lat' dir='ltr'><strong>oportebat,</strong></span> <span class='ocrx_word' id='word_1_306' title='bbox 1046 3181 1106 3219; x_wconf 92' lang='lat' dir='ltr'><strong>non</strong></span> <span class='ocrx_word' id='word_1_307' title='bbox 1120 3158 1236 3216; x_wconf 80' lang='lat' dir='ltr'><strong>suflici-</strong></span> 
     </span>
     <span class='ocr_line' id='line_1_37' title="bbox 193 3243 1236 3322; baseline 0.003 -24"><span class='ocrx_word' id='word_1_308' title='bbox 193 3252 241 3298; x_wconf 88' lang='lat' dir='ltr'><strong>ret</strong></span> <span class='ocrx_word' id='word_1_309' title='bbox 253 3245 358 3320; x_wconf 86' lang='lat' dir='ltr'><strong>aliquis</strong></span> <span class='ocrx_word' id='word_1_310' title='bbox 372 3264 461 3317; x_wconf 87' lang='lat' dir='ltr'><strong>unus,</strong></span> <span class='ocrx_word' id='word_1_311' title='bbox 488 3257 539 3309; x_wconf 86' lang='lat' dir='ltr'><strong>aut</strong></span> <span class='ocrx_word' id='word_1_312' title='bbox 558 3251 655 3322; x_wconf 86' lang='lat' dir='ltr'><strong>aliqua</strong></span> <span class='ocrx_word' id='word_1_313' title='bbox 674 3243 751 3303; x_wconf 81' lang='lat' dir='ltr'><strong>unai</strong></span> <span class='ocrx_word' id='word_1_314' title='bbox 777 3246 924 3322; x_wconf 82' lang='lat' dir='ltr'><strong>Numquid</strong></span> <span class='ocrx_word' id='word_1_315' title='bbox 937 3246 1037 3303; x_wconf 87' lang='lat' dir='ltr'><strong>Venus</strong></span> <span class='ocrx_word' id='word_1_316' title='bbox 1051 3247 1114 3302; x_wconf 85' lang='lat' dir='ltr'><strong>sola</strong></span> <span class='ocrx_word' id='word_1_317' title='bbox 1124 3261 1236 3318; x_wconf 86' lang='lat' dir='ltr'><strong>parum</strong></span> 
     </span>
    </p>
   </div>
   <div class='ocr_carea' id='block_1_3' title="bbox 93 3328 1233 3412">
    <p class='ocr_par' dir='ltr' id='par_1_3' title="bbox 93 3328 1233 3412">
     <span class='ocr_line' id='line_1_38' title="bbox 93 3328 1233 3412; baseline 0.007 -32"><span class='ocrx_word' id='word_1_318' title='bbox 93 3389 101 3400; x_wconf 27' lang='grc' dir='ltr'>ἱ</span> <span class='ocrx_word' id='word_1_319' title='bbox 166 3397 169 3412; x_wconf 87' lang='lat'>.</span> <span class='ocrx_word' id='word_1_320' title='bbox 194 3337 285 3398; x_wconf 84' lang='lat' dir='ltr'><strong>esset,</strong></span> <span class='ocrx_word' id='word_1_321' title='bbox 309 3346 384 3403; x_wconf 87' lang='lat' dir='ltr'><strong>quae</strong></span> <span class='ocrx_word' id='word_1_322' title='bbox 398 3330 434 3386; x_wconf 90' lang='lat' dir='ltr'><strong>ob</strong></span> <span class='ocrx_word' id='word_1_323' title='bbox 448 3328 503 3387; x_wconf 91' lang='lat' dir='ltr'><strong>boc</strong></span> <span class='ocrx_word' id='word_1_324' title='bbox 518 3333 606 3387; x_wconf 87' lang='lat' dir='ltr'><strong>etiam</strong></span> <span class='ocrx_word' id='word_1_325' title='bbox 620 3331 726 3388; x_wconf 84' lang='lat' dir='ltr'><strong>dieitur</strong></span> <span class='ocrx_word' id='word_1_326' title='bbox 740 3340 925 3405; x_wconf 88' lang='lat' dir='ltr'><strong>nuncupata,</strong></span> <span class='ocrx_word' id='word_1_327' title='bbox 953 3329 1031 3406; x_wconf 91' lang='lat' dir='ltr'><strong>quod</strong></span> <span class='ocrx_word' id='word_1_328' title='bbox 1044 3331 1107 3386; x_wconf 91' lang='lat' dir='ltr'><strong>sine</strong></span> <span class='ocrx_word' id='word_1_329' title='bbox 1122 3328 1186 3383; x_wconf 81' lang='lat' dir='ltr'><strong>eiua</strong></span> <span class='ocrx_word' id='word_1_330' title='bbox 1200 3330 1233 3388; x_wconf 79' lang='lat' dir='ltr'><strong>vi</strong></span> 
     </span>
    </p>
   </div>
   <div class='ocr_carea' id='block_1_4' title="bbox 193 3409 1236 3906">
    <p class='ocr_par' dir='ltr' id='par_1_4' title="bbox 193 3409 1236 3906">
     <span class='ocr_line' id='line_1_39' title="bbox 193 3409 1235 3490; baseline 0.001 -26"><span class='ocrx_word' id='word_1_331' title='bbox 193 3409 303 3466; x_wconf 85' lang='lat' dir='ltr'><strong>femina</strong></span> <span class='ocrx_word' id='word_1_332' title='bbox 316 3413 401 3490; x_wconf 79' lang='lat' dir='ltr'><strong>virgo</strong></span> <span class='ocrx_word' id='word_1_333' title='bbox 417 3433 554 3470; x_wconf 88' lang='lat' dir='ltr'><strong>essenon</strong></span> <span class='ocrx_word' id='word_1_334' title='bbox 569 3409 703 3470; x_wconf 64' lang='lat' dir='ltr'><strong>desinat?</strong></span> <span class='ocrx_word' id='word_1_335' title='bbox 731 3412 764 3470; x_wconf 85' lang='lat' dir='ltr'><strong>Si</strong></span> <span class='ocrx_word' id='word_1_336' title='bbox 778 3417 837 3471; x_wconf 90' lang='lat' dir='ltr'><strong>ulla</strong></span> <span class='ocrx_word' id='word_1_337' title='bbox 851 3424 897 3470; x_wconf 89' lang='lat' dir='ltr'><strong>est</strong></span> <span class='ocrx_word' id='word_1_338' title='bbox 909 3414 992 3470; x_wconf 81' lang='lat' dir='ltr'><strong>frons</strong></span> <span class='ocrx_word' id='word_1_339' title='bbox 1005 3415 1037 3470; x_wconf 92' lang='lat' dir='ltr'><strong>in</strong></span> <span class='ocrx_word' id='word_1_340' title='bbox 1050 3411 1235 3484; x_wconf 83' lang='lat' dir='ltr'><strong>hominibus,</strong></span> 
     </span>
     <span class='ocr_line' id='line_1_40' title="bbox 194 3495 1236 3573; baseline 0.003 -25"><span class='ocrx_word' id='word_1_341' title='bbox 194 3510 268 3566; x_wconf 86' lang='lat' dir='ltr'><strong>quae</strong></span> <span class='ocrx_word' id='word_1_342' title='bbox 281 3513 342 3551; x_wconf 89' lang='lat' dir='ltr'><strong>non</strong></span> <span class='ocrx_word' id='word_1_343' title='bbox 356 3497 445 3552; x_wconf 82' lang='lat' dir='ltr'><strong>estin</strong></span> <span class='ocrx_word' id='word_1_344' title='bbox 458 3497 637 3567; x_wconf 85' lang='lat' dir='ltr'><strong>numinibus,</strong></span> <span class='ocrx_word' id='word_1_345' title='bbox 664 3515 763 3554; x_wconf 88' lang='lat' dir='ltr'><strong>nonne</strong></span> <span class='ocrx_word' id='word_1_346' title='bbox 783 3517 850 3554; x_wconf 91' lang='lat' dir='ltr'><strong>cum</strong></span> <span class='ocrx_word' id='word_1_347' title='bbox 868 3497 994 3554; x_wconf 86' lang='lat' dir='ltr'><strong>eredunt</strong></span> <span class='ocrx_word' id='word_1_348' title='bbox 1012 3495 1166 3573; x_wconf 80' lang='lat' dir='ltr'><strong>coniugati</strong></span> <span class='ocrx_word' id='word_1_349' title='bbox 1187 3504 1236 3551; x_wconf 86' lang='lat' dir='ltr'><strong>tot</strong></span> 
     </span>
     <span class='ocr_line' id='line_1_41' title="bbox 194 3575 1234 3655; baseline 0 -24"><span class='ocrx_word' id='word_1_350' title='bbox 194 3575 262 3632; x_wconf 84' lang='lat' dir='ltr'><strong>deos</strong></span> <span class='ocrx_word' id='word_1_351' title='bbox 277 3579 430 3653; x_wconf 86' lang='lat' dir='ltr'><strong>utriusque</strong></span> <span class='ocrx_word' id='word_1_352' title='bbox 444 3597 533 3634; x_wconf 87' lang='lat' dir='ltr'><strong>sexus</strong></span> <span class='ocrx_word' id='word_1_353' title='bbox 548 3597 612 3634; x_wconf 82' lang='lat' dir='ltr'><strong>ease</strong></span> <span class='ocrx_word' id='word_1_354' title='bbox 624 3589 806 3652; x_wconf 83' lang='lat' dir='ltr'><strong>praesentes,</strong></span> <span class='ocrx_word' id='word_1_355' title='bbox 836 3589 866 3636; x_wconf 91' lang='lat' dir='ltr'><strong>et</strong></span> <span class='ocrx_word' id='word_1_356' title='bbox 883 3579 952 3636; x_wconf 91' lang='lat' dir='ltr'><strong>buic</strong></span> <span class='ocrx_word' id='word_1_357' title='bbox 970 3581 1051 3655; x_wconf 88' lang='lat' dir='ltr'><strong>operi</strong></span> <span class='ocrx_word' id='word_1_358' title='bbox 1070 3579 1234 3650; x_wconf 77' lang='lat' dir='ltr'><strong>instanter,</strong></span> 
     </span>
     <span class='ocr_line' id='line_1_42' title="bbox 193 3657 1234 3734; baseline 0.004 -22"><span class='ocrx_word' id='word_1_359' title='bbox 193 3659 235 3713; x_wconf 88' lang='lat' dir='ltr'><strong>ita</strong></span> <span class='ocrx_word' id='word_1_360' title='bbox 247 3657 359 3734; x_wconf 86' lang='lat' dir='ltr'><strong>pudore</strong></span> <span class='ocrx_word' id='word_1_361' title='bbox 372 3661 549 3730; x_wconf 84' lang='lat' dir='ltr'><strong>afficiuntur,</strong></span> <span class='ocrx_word' id='word_1_362' title='bbox 563 3670 597 3718; x_wconf 91' lang='lat' dir='ltr'><strong>ut</strong></span> <span class='ocrx_word' id='word_1_363' title='bbox 610 3670 640 3718; x_wconf 88' lang='lat' dir='ltr'><strong>et</strong></span> <span class='ocrx_word' id='word_1_364' title='bbox 651 3664 701 3718; x_wconf 83' lang='lat' dir='ltr'><strong>ifle</strong></span> <span class='ocrx_word' id='word_1_365' title='bbox 715 3665 810 3720; x_wconf 75' lang='lat' dir='ltr'><strong>nrinus</strong></span> <span class='ocrx_word' id='word_1_366' title='bbox 823 3671 988 3733; x_wconf 86' lang='lat' dir='ltr'><strong>moveatur,</strong></span> <span class='ocrx_word' id='word_1_367' title='bbox 1002 3671 1032 3718; x_wconf 89' lang='lat' dir='ltr'><strong>et</strong></span> <span class='ocrx_word' id='word_1_368' title='bbox 1041 3662 1165 3734; x_wconf 81' lang='lat' dir='ltr'><strong>ilieplus</strong></span> <span class='ocrx_word' id='word_1_369' title='bbox 1180 3679 1234 3716; x_wconf 86' lang='lat' dir='ltr'><strong>re-</strong></span> 
     </span>
     <span class='ocr_line' id='line_1_43' title="bbox 193 3738 1234 3822; baseline 0.004 -26"><span class='ocrx_word' id='word_1_370' title='bbox 193 3738 342 3798; x_wconf 70' lang='lat' dir='ltr'><strong>luctetur?</strong></span> <span class='ocrx_word' id='word_1_371' title='bbox 367 3740 408 3796; x_wconf 90' lang='lat' dir='ltr'><strong>Et</strong></span> <span class='ocrx_word' id='word_1_372' title='bbox 421 3752 501 3796; x_wconf 88' lang='lat' dir='ltr'><strong>certe</strong></span> <span class='ocrx_word' id='word_1_373' title='bbox 515 3741 541 3796; x_wconf 84' lang='lat' dir='ltr'><strong>si</strong></span> <span class='ocrx_word' id='word_1_374' title='bbox 556 3739 639 3799; x_wconf 83' lang='lat' dir='ltr'><strong>adeat</strong></span> <span class='ocrx_word' id='word_1_375' title='bbox 651 3743 849 3822; x_wconf 80' lang='lat' dir='ltr'><strong>Virginieneis</strong></span> <span class='ocrx_word' id='word_1_376' title='bbox 873 3745 942 3818; x_wconf 89' lang='lat' dir='ltr'><strong>dea,</strong></span> <span class='ocrx_word' id='word_1_377' title='bbox 970 3753 1003 3800; x_wconf 86' lang='lat' dir='ltr'><strong>ut</strong></span> <span class='ocrx_word' id='word_1_378' title='bbox 1024 3745 1137 3822; x_wconf 79' lang='lat' dir='ltr'><strong>virgini</strong></span> <span class='ocrx_word' id='word_1_379' title='bbox 1150 3762 1234 3800; x_wconf 84' lang='lat' dir='ltr'><strong>zona</strong></span> 
     </span>
     <span class='ocr_line' id='line_1_44' title="bbox 195 3821 1233 3906; baseline 0.005 -27"><span class='ocrx_word' id='word_1_380' title='bbox 195 3826 341 3895; x_wconf 82' lang='lat' dir='ltr'><strong>solvatur3</strong></span> <span class='ocrx_word' id='word_1_381' title='bbox 355 3825 380 3878; x_wconf 87' lang='lat' dir='ltr'><strong>si</strong></span> <span class='ocrx_word' id='word_1_382' title='bbox 393 3821 476 3880; x_wconf 84' lang='lat' dir='ltr'><strong>adest</strong></span> <span class='ocrx_word' id='word_1_383' title='bbox 490 3823 559 3882; x_wconf 83' lang='lat' dir='ltr'><strong>deus</strong></span> <span class='ocrx_word' id='word_1_384' title='bbox 574 3823 715 3906; x_wconf 79' lang='lat' dir='ltr'><strong>Subigus,</strong></span> <span class='ocrx_word' id='word_1_385' title='bbox 729 3836 764 3886; x_wconf 91' lang='lat' dir='ltr'><strong>ut</strong></span> <span class='ocrx_word' id='word_1_386' title='bbox 775 3829 841 3886; x_wconf 80' lang='lat' dir='ltr'><strong>viro</strong></span> <span class='ocrx_word' id='word_1_387' title='bbox 855 3828 1022 3906; x_wconf 83' lang='lat' dir='ltr'><strong>subigatur3</strong></span> <span class='ocrx_word' id='word_1_388' title='bbox 1037 3827 1063 3882; x_wconf 89' lang='lat' dir='ltr'><strong>si</strong></span> <span class='ocrx_word' id='word_1_389' title='bbox 1075 3826 1158 3884; x_wconf 85' lang='lat' dir='ltr'><strong>adest</strong></span> <span class='ocrx_word' id='word_1_390' title='bbox 1174 3826 1233 3884; x_wconf 87' lang='lat' dir='ltr'><strong>dea</strong></span> 
     </span>
    </p>
   </div>
   <div class='ocr_carea' id='block_1_5' title="bbox 0 0 1298 4396">
    <p class='ocr_par' dir='ltr' id='par_1_5' title="bbox 0 0 1298 4396">
     <span class='ocr_line' id='line_1_45' title="bbox 0 0 1298 4396; baseline 0 1"><span class='ocrx_word' id='word_1_391' title='bbox 0 0 1298 4396; x_wconf 95' lang='lat' dir='ltr'><strong> </strong></span> 
     </span>
    </p>
   </div>
  </div>
 </body>
</html>
