2530 4392
188 213 247 272 DE
270 213 487 274 ClVlTATE
510 216 592 276 DEl
620 219 701 278 LlB.
724 219 822 281 XXl.
972 231 1029 290 aar

54 368 59 422 l
71 383 154 442 pauca
167 383 366 424 commemoro.
389 367 618 449 Agrigentinum
629 370 749 430 Siciliae
762 376 853 433 salem
863 377 1029 454 perbibent:

54 471 69 508 n
91 450 174 508 buerit
193 449 328 509 admotus
350 454 434 531 igni,
464 455 590 512 velutin
603 455 852 534 squalluescere;
878 481 942 521 cum
960 485 1032 526 vero

53 537 60 589 i
78 551 177 609 aquae,
200 536 282 591 velut
302 537 333 593 in
347 539 418 615 igne
429 539 583 613 crepitare.
627 540 710 615 Apud
725 540 920 603 Garamantas
936 565 1032 623 queu-

52 618 255 676 nfontemtans
267 619 408 698 frigidum
425 620 543 694 diebus,
569 632 603 679 ut
622 641 681 681 nan
699 624 830 701 bibatur;
857 638 917 686 tarn
941 630 1031 690 ferui-

52 723 70 758 n
85 702 227 774 noctibus,
241 711 346 760 utnon
360 713 510 784 tangatur.
532 705 566 762 ln
580 706 671 782 Epiro
684 709 775 766 alium
787 711 915 786 fantem,
929 715 961 770 iu
974 734 1032 792 quo

51 803 96 857 aa,
110 787 181 842 utin
194 787 334 860 caeteris,
361 790 595 868 exstinguuntur
608 809 766 866 accensae;
791 795 859 866 sed,
879 815 940 854 nan
953 801 1031 856 utin

51 871 135 940 teris,
160 868 360 928 accenduntur
385 873 560 929 exstinctae.
593 873 739 933 Asbestcn
751 877 894 936 Arcadiae
907 881 1032 957 lapidem

50 963 149 1028 »pterea
166 955 208 1009 sic
226 956 343 1027 vocari,
368 955 447 1032 quad
465 974 603 1014 accensus
623 961 714 1016 semel
727 961 786 1018 iarn
798 979 858 1019 non
870 967 966 1038 possit
979 983 1031 1022 ex-

50 1039 118 1115 igui.
160 1035 285 1116 Lignum
298 1039 448 1096 cuiusdam
460 1040 534 1097 licus
543 1042 723 1121 Aegyptiae,
749 1063 811 1103 nun
824 1055 859 1103 ut
870 1048 953 1127 ligna
966 1067 1032 1106 cac-

49 1122 105 1176 ain
117 1122 195 1197 aquis
209 1131 330 1194 natare,
355 1123 408 1180 aed
424 1125 535 1202 mergi3
565 1135 595 1182 et
607 1126 686 1203 quod
699 1136 745 1184 est
757 1128 939 1203 mirabilius,
966 1151 1032 1190 cum

49 1206 104 1260 imo
127 1205 300 1282 aliquamdiu
317 1206 426 1280 luerit,
451 1207 521 1264 inde
543 1209 581 1265 ad
603 1227 698 1285 aquae
722 1212 905 1286 superficiem
926 1233 1032 1272 rursus

48 1307 154 1366 argere,
167 1281 281 1364 quaudo
291 1290 484 1348 madefactum
495 1289 595 1349 debuit
607 1291 740 1351 humoris
750 1295 881 1371 pendere
890 1315 1031 1377 praegra-

48 1374 67 1427 i.
93 1371 178 1428 Poma
191 1375 221 1430 in
235 1381 316 1430 terra
329 1373 525 1432 Sodomorum
539 1377 626 1456 gigni
639 1376 774 1453 quidem,
787 1389 819 1436 et
831 1379 867 1436 ad
877 1384 1031 1438 maturita-

55 1454 156 1511 iaciem
178 1459 351 1532 perranira3
377 1458 430 1515 sed
449 1477 547 1516 morsu
559 1477 701 1534 pressure
715 1471 845 1535 tentata,
872 1465 903 1519 in
919 1463 1030 1523 fumum

46 1539 166 1596 favillam
181 1541 260 1597 caria
280 1542 437 1599 fatiscente
450 1559 619 1601 vanescere.
663 1543 796 1622 Pyritem
813 1547 941 1621 lapidem
959 1545 1029 1604 Per-

46 1643 86 1679 rm
100 1625 226 1680 tenentis
239 1641 370 1698 manum,
382 1628 411 1683 si
423 1625 626 1685 vehementius
635 1638 797 1704 premetur,
811 1629 948 1702 adurere,
962 1649 1029 1706 pro-

45 1727 54 1764 ι
80 1708 155 1782 quod
178 1707 213 1764 ab
237 1709 307 1786 igno
329 1729 437 1768 numen
460 1713 582 1785 accepit.
626 1711 661 1768 ln
679 1712 781 1770 ecdem
799 1712 920 1770 Persida
945 1717 1029 1793 gigni

45 1811 79 1847 tm
93 1789 212 1866 lapidem
226 1791 403 1866 Selenitesu,
423 1796 508 1852 euius
521 1796 695 1853 interiorem
708 1796 868 1854 candorem
881 1815 947 1854 euru
960 1801 1030 1856 luna

44 1893 124 1930 scere
141 1885 229 1950 atque
246 1877 380 1934 delicere.
404 1877 437 1935 ln
451 1877 635 1953 Cappadocia
647 1881 737 1936 etiarn
749 1890 839 1938 rento
852 1899 943 1958 equas
958 1901 1029 1938 con-

44 1977 101 2030 tre,
125 1955 300 2036 easdemque
312 1961 409 2018 iaetus
424 1981 484 2018 non
499 1964 621 2037 anrplius
637 1964 772 2019 triennio
785 1965 896 2021 virere.
940 1963 1029 2021 Tilcn

43 2044 90 2098 iae
107 2043 233 2099 insulam
251 2061 286 2100 eo
307 2043 451 2119 praeferri
469 2047 593 2100 caeteris
613 2047 718 2116 terris,
743 2044 928 2120 quodannis
942 2047 1030 2102 arbor

42 2145 62 2180 e
77 2127 106 2181 in
120 2144 154 2182 ea
167 2128 319 2205 gignitur,
344 2145 494 2201 nunquam
509 2127 637 2182 nudatur
650 2128 781 2204 tegmine
794 2127 944 2184 luliarum.

47 2208 95 2265 De
107 2207 153 2265 his
167 2220 255 2286 atque
270 2212 336 2267 aliis
350 2208 612 2266 innumerabilibus
626 2207 825 2281 mirabilibus,
846 2227 920 2286 quae
934 2209 1028 2268 hista-

42 2309 104 2349 nan
119 2293 264 2350 laetorum
278 2303 308 2351 et
321 2301 551 2364 transactorum,
580 2291 632 2348 sed
644 2293 827 2350 manentium
840 2295 971 2351 locorum
983 2303 1027 2350 te-

42 2417 48 2445 ,
77 2376 150 2432 milri
171 2387 269 2434 autem
289 2377 368 2434 aliud
387 2379 489 2456 agenti
508 2395 543 2432 ea
559 2377 699 2451 persequi
717 2377 806 2432 nimis
826 2378 949 2456 longum
972 2389 1028 2451 eat,

42 2460 283 2533 lustrationem,
298 2464 325 2517 si
338 2471 477 2536 possunt,
493 2459 628 2517 infideles
642 2461 709 2533 isti,
732 2461 784 2536 qui
796 2461 904 2516 nolunt
917 2460 1027 2518 divinia

42 2546 76 2599 u's
91 2545 230 2616 credere,
256 2545 326 2620 quid
337 2544 418 2601 aliud
430 2563 517 2620 quarn
530 2561 592 2600 nan
605 2552 742 2618 putantes
756 2561 805 2598 eas
819 2561 885 2600 essa
900 2543 1027 2616 divinas,

42 2627 110 2703 pund
123 2645 175 2684 rea
187 2627 316 2686 babeant
328 2626 533 2697 incredibiles,
551 2628 640 2683 aienti
653 2625 709 2682 hoc
722 2635 768 2682 est
779 2626 856 2683 unde
870 2645 949 2684 nunc
962 2630 1027 2706 agi·-

42 2753 49 2766 .
95 2711 168 2768 Non
180 2713 262 2768 enim
275 2711 418 2780 admittit,
437 2711 592 2785 inquiunt,
603 2711 664 2766 ulls
675 2710 769 2781 ratio,
783 2719 817 2766 ut
830 2727 899 2766 carc
913 2710 1026 2783 ardeat,

43 2796 239 2866 absuntam
265 2794 380 2864 doleat,
396 2811 504 2868 nequa
515 2795 676 2850 meriatur:
703 2793 930 2852 ratiocinatores
943 2793 1025 2851 ride-

42 2899 44 2930 :
58 2879 186 2954 magni,
204 2877 307 2953 quide
321 2877 458 2934 amnibus
471 2877 558 2934 rebus
573 2895 644 2953 quas
658 2895 724 2934 esae
737 2877 885 2934 mirabiles
898 2887 1025 2950 cunstat,

42 2964 92 3017 int
106 2959 233 3018 reddere
246 2963 401 3018 rationem.
423 2960 562 3019 Reddant
575 2979 646 3040 ergo
660 2960 697 3018 de
709 2959 766 3032 bis,
779 2979 855 3037 quae
867 2980 960 3037 pauca
974 2980 1026 3036 pu-

42 3064 108 3116 tus,
138 3063 215 3120 quae
228 3048 330 3121 procul
344 3045 431 3103 dubio
445 3048 472 3102 ai
485 3064 549 3102 esee
563 3048 730 3116 nescirent,
756 3055 788 3102 et
800 3064 835 3101 eu
848 3044 949 3103 futura
962 3063 1026 3102 esse

42 3147 161 3200 remus,
176 3133 268 3188 multa
281 3131 377 3188 minus
392 3129 558 3202 crederent,
568 3149 659 3206 quam
673 3128 751 3206 qued
764 3147 845 3186 nunc
859 3128 1025 3186 dicentibus

42 3215 188 3270 snaluut
204 3213 324 3270 eradere
343 3211 501 3289 aliquando
522 3223 690 3270 uenturum.
725 3214 798 3279 Quis
822 3213 902 3268 anim
925 3230 1026 3268 eorum

42 3315 57 3351 a
87 3296 246 3368 crederet,
281 3297 308 3352 si
331 3294 577 3372 quamadmodum
603 3297 726 3352 dicimus
752 3294 851 3350 futura
876 3293 1026 3350 homiuum

55 3399 204 3454 corpora,
229 3398 306 3455 quae
322 3397 437 3454 semper
456 3395 560 3436 usura
578 3386 665 3452 atque
687 3376 829 3447 dolitura,
853 3394 908 3433 nec
927 3385 1026 3434 tamea

42 3463 138 3519 tando
153 3465 300 3520 moritura
317 3463 396 3533 siut,
422 3464 465 3519 ita
477 3463 640 3519 diceremus
654 3461 686 3516 iu
698 3458 797 3516 futuro
813 3461 929 3517 saeculo
943 3459 1026 3517 lutu-

46 3549 161 3618 salens,
178 3564 265 3622 quem
278 3547 390 3602 l'aeeret
402 3547 482 3623 ignia
497 3546 577 3602 velut
589 3545 620 3599 iu
630 3559 707 3618 aqua
719 3541 872 3614 fluescere,
886 3544 1026 3602 eandem

42 3631 256 3706 faceretaqua
269 3630 401 3687 velutin
420 3630 491 3706 igne
509 3628 666 3702 crepitare3
693 3624 1026 3702 metaturumtsncem,

42 3733 54 3769 s
69 3731 157 3790 aqua
169 3716 204 3772 iu
216 3714 374 3792 refrigerio
389 3713 487 3768 noctis
498 3713 541 3766 sic
551 3709 671 3781 ardeat,
698 3718 805 3766 utnon
818 3711 913 3784 pessit
926 3715 1026 3792 tangi3

42 3799 162 3855 estibus
176 3817 249 3856 vero
263 3798 322 3854 diei
335 3798 377 3853 sic
388 3797 503 3874 algeat,
518 3804 551 3851 ut
564 3793 624 3850 bibi
635 3811 696 3851 aun
708 3792 818 3866 postit3
831 3803 883 3852 sut
895 3794 1028 3853 futurum

42 3885 120 3954 iem,
150 3884 202 3938 vel
215 3901 281 3940 euna
294 3884 343 3958 qui
357 3898 410 3938 sua
430 3880 528 3938 eslere
538 3895 659 3934 nanum
672 3878 907 3959 consmingentis
921 3879 1027 3937 adura-
