2530 4392
155 201 212 264 DE
235 203 455 264 ClVl'l'ATE
477 202 557 261 DEI
579 203 660 262 ΜΒ.
682 195 766 262 ΧΧᾸ
905 210 966 266 313

8 377 105 418 nanum
116 375 195 434 posse
207 361 303 434 perire
315 357 511 415 contendunt:
538 365 630 413 restat
640 367 672 414 ut
686 358 793 429 dicant,
813 358 888 433 quod
898 377 966 434 pro-

8 463 55 500 rea
67 444 103 500 dii
116 461 208 500 eorum
220 443 384 500 Hebraeam
397 442 567 516 sapientiam
580 441 785 513 laudaverunt,
800 442 868 516 quia
880 443 967 498 istum

8 531 160 585 ‚lmumnon
173 529 314 604 legerant.
435 529 436 536 ’

18 611 50 668 lu
62 611 166 667 Psalmo
185 613 272 668 ctiam
291 609 513 690 quadragesimo
531 627 611 665 nono
624 607 659 663 de
673 608 781 664 iudicio
796 606 853 664 Dei
866 609 965 664 navis·

9 716 25 752 o
39 695 203 772 intelligitur
215 694 336 752 dictum:
351 693 433 752 Deus
446 693 625 764 manufestus
638 694 745 762 veniet,
759 690 842 766 Deus
856 701 967 761 noster,

8 799 50 838 :on
62 778 157 836 silebit.
195 775 280 854 Ignis
294 781 324 836 in
337 786 493 855 conspectu
506 778 569 834 eius
582 774 709 844 ardebit,
724 785 753 831 et
768 777 799 831 in
812 776 967 830 circumitu

8 881 16 920 ι
31 872 177 941 tempestas
187 863 298 919 calido.
311 859 475 919 Adoacabit
485 859 728 929 coclumsursum,
743 869 773 916 et
786 867 900 914 terram
907 857 968 914 dis-

8 965 71 1004 cere
77 945 211 1024 populum
224 963 314 1002 suum.
353 943 540 1020 Congregatc
553 942 600 998 illi
612 943 707 1000 iustos
721 943 792 1010 otas,
806 942 857 1017 qui
869 940 966 1018 dispo-

8 1042 25 1087 *t
43 1039 238 1086 testamentum
255 1031 317 1085 cius
336 1045 426 1106 super
444 1024 607 1097 sacrificio.
641 1022 706 1080 Hoc
723 1043 777 1081 nos
791 1023 827 1078 de
840 1021 968 1079 Domino

8 1125 51 1170 tro
65 1112 125 1168 lesu
137 1110 249 1169 Christo
262 1113 471 1190 intelligimus,
495 1127 580 1185 quem
600 1106 635 1163 de
648 1109 729 1164 coelo
743 1125 890 1183 speramus
905 1125 968 1162 esse

8 1208 101 1254 turum
113 1195 146 1252 ad
157 1197 240 1253 vivos
254 1205 282 1252 et
294 1205 424 1252 mortuos
438 1192 619 1250 iudicandos.
641 1191 814 1248 Manifestus
828 1191 907 1246 enim
919 1209 969 1246 ve-

8 1284 99 1336 :inter
110 1282 199 1336 iustos
214 1289 243 1336 et
255 1281 381 1336 iniustos
400 1279 578 1336 iudicaturus
598 1277 693 1346 iusto,
720 1277 770 1350 qui
787 1275 867 1350 prius
886 1275 969 1330 venit

8 1368 77 1421 altus
89 1364 122 1420 ab
134 1365 250 1420 iniustis
263 1363 435 1420 iudicandus
450 1361 567 1436 iniuste.
598 1358 674 1432 Ipse,
694 1361 824 1433 inquam,
838 1357 968 1428 manife-

8 1469 11 1500 =
24 1450 132 1518 veniet,
145 1458 174 1505 ct
186 1467 242 1504 noa
255 1447 363 1516 silebit,
387 1447 417 1503 id
431 1454 486 1516 est,
500 1445 532 1500 in
545 1461 616 1500 voce
629 1441 734 1498 iudicis
748 1440 868 1499 evidens
882 1459 968 1516 appa·

8 1543 30 1603 ι,
58 1533 107 1606 qui
122 1532 207 1606 ‘prius
227 1550 292 1587 cum
309 1533 439 1587 venisset
460 1529 606 1598 occultus,
634 1535 701 1582 ante
728 1525 855 1582 iudicem
878 1525 968 1586 siluit.

8 1615 60 1672 ndo
74 1616 146 1670 sicut
158 1615 220 1670 ovis
235 1613 271 1670 ad
282 1615 487 1671 immolandum
497 1610 598 1667 ductus
612 1619 666 1682 est,
680 1607 710 1665 ιι
723 1611 799 1665 sicut
812 1601 905 1686 agnus
919 1625 968 1662 co-

20 1698 160 1761 tondcnte
172 1698 230 1754 tuit
243 1699 307 1754 sine
320 1716 404 1770 voce,
425 1692 664 1776 quemadmodum
677 1693 713 1748 de
725 1695 776 1749 illo
789 1711 841 1768 per
852 1690 970 1747 Esaiam

8 1801 68 1840 mus
82 1780 294 1857 prophetatum,
316 1791 345 1838 ct
357 1785 390 1839 in
402 1781 564 1858 Evangelio
577 1777 708 1835 videmus
722 1778 879 1853 impletum.
923 1773 970 1830 De

8 1885 98 1924 ivero
111 1875 141 1922 et
152 1875 339 1944 tempestate,
364 1885 429 1924 cum
447 1867 479 1921 in
490 1863 596 1920 Esaiae
614 1859 766 1938 prophetia
782 1860 840 1916 tale
860 1857 971 1935 aliquid

8 1963 150 2020 tammus,
176 1950 317 2026 quomodo
332 1961 430 2006 essent
445 1947 517 2005 baec
529 1945 737 2024 intelligenda,
758 1945 816 1999 iam
833 1941 970 1997 diximus.

8 2036 28 2090 d
50 2053 119 2091 vero
143 2032 251 2089 dietum
276 2042 335 2104 est,
360 2031 523 2090 Adoocobit
546 2029 653 2086 coelum
676 2041 809 2084 sorsum:
834 2025 970 2100 quoniam

8 2121 41 2175 :ti
56 2127 85 2173 et
96 2119 261 2194 iustiyrocto
275 2115 598 2190 coalnmappellantu13
612 2111 750 2166 nimirum
759 2106 814 2164 hoc
826 2116 879 2178 est,
894 2106 969 2180 qnod

8 2203 164 2278 lpostolus‚
190 2197 286 2258 Simul
297 2217 361 2256 cum
377 2198 439 2255 illis
459 2197 611 2274 rapiemur
630 2195 659 2250 in
677 2191 799 2249 ιιιιιίιιιι
814 2189 970 2247 inobviam

8 2288 59 2344 isti
71 2289 101 2343 ιἰι
116 2291 200 2342 niro.
235 2282 311 2340 Nam
329 2280 487 2338 secundum
500 2281 603 2336 literae
616 2275 810 2352 superficiem,
828 2270 970 2350 quomodo

8 2391 55 2427 um
68 2368 231 2426 advocatur
244 2369 367 2438 coelum,
382 2361 465 2442 quasi
476 2364 569 2439 possit
582 2379 647 2417 esse
660 2355 718 2416 nisi
733 2353 866 2415 sursuml
887 2355 970 2426 Quod
997 2415 999 2420 ,

8 2476 32 2510 m
47 2452 219 2510 adiunctum
233 2461 291 2522 est,
313 2449 355 2508 Et
367 2460 481 2508 terram
494 2448 663 2506 discernere
671 2442 811 2522 populum
824 2459 921 2510 soum,
945 2442 971 2497 si

8 2537 139 2596 ummodo
154 2535 342 2594 subaudiatur
354 2531 521 2600 advocabit,
534 2527 565 2585 id
576 2537 631 2598 est,
645 2525 797 2583 advocabit
809 2535 839 2581 et
851 2534 972 2595 terram,
1045 2547 1047 2554 >

8 2620 200 2680 subaudiatur
220 2635 353 2689 eurtum,
377 2615 457 2678 bunc
474 2613 589 2672 videtur
607 2609 714 2668 habere
734 2627 852 2666 ssennm
866 2626 971 2664 secun-

20 2714 139 2763 rectam
158 2703 260 2776 fidem,
287 2711 320 2758 ut
334 2702 446 2757 coelum
464 2697 665 2776 intelligamur
677 2695 710 2750 in
724 2694 766 2748 eis
780 2693 830 2768 qui
845 2710 910 2748 cum
922 2692 973 2746 illo

15 2789 194 2860 indicaturi,
208 2797 238 2844 et
250 2797 330 2844 terra
343 2786 374 2842 in
389 2785 431 2840 eis
445 2783 495 2859 qui
509 2777 657 2836 iudicandi
669 2785 753 2834 sunt:
767 2785 801 2832 ut
809 2773 973 2834 Adcoecbit

8 2896 44 2932 :m
58 2890 197 2944 sursum,
220 2890 281 2928 non
294 2868 343 2927 bic
354 2869 569 2946 intelligamus,
592 2862 697 2940 Rapiat
708 2862 741 2918 in
754 2865 837 2932 aira3
863 2859 924 2930 sed,
938 2856 972 2914 ln

8 2960 106 3016 iarias
120 2956 206 3013 sedes
220 2957 323 3036 eriget.
345 2952 446 3011 Potest
458 2960 488 3010 et
500 2947 572 3006 illud
584 2947 721 3027 intelligi,
733 2943 899 3004 Advocabit'
910 2960 973 2999 coe-

8 3059 151 3114 sursum,
168 3040 333 3114 advocabit
349 3037 477 3118 Angelos
496 3035 528 3092 in
547 3033 681 3108 supernis
701 3039 731 3088 ct
745 3029 871 3086 excelsis
889 3027 973 3094 locis,

8 3127 122 3205 quibus
137 3123 297 3181 descendat
309 3121 345 3180 ad
358 3117 524 3180 faciendum
537 3115 689 3174 iudicium:
703 3111 856 3171 advocabit
870 3121 900 3168 et
913 3120 974 3167 ter-

27 3210 61 3267 id
85 3217 151 3280 est,
176 3206 308 3264 homines
329 3207 362 3262 in
385 3214 464 3260 terra
476 3200 578 3274 utiquc
600 3197 782 3254 iudicandos.
820 3193 855 3251 Si
873 3201 974 3248 antem

8 3313 93 3371 nque
108 3289 342 3348 subaudiendum
354 3296 414 3356 est,
433 3301 499 3340 cum
512 3280 628 3350 dieitur,
649 3289 679 3336 et
692 3289 815 3346 terram,
833 3275 931 3342 idest,
946 3282 976 3328 et

8 3379 97 3437 cadit
112 3384 145 3431 et
159 3390 291 3451 sarsum
315 3379 350 3428 ιιι
361 3371 417 3426 iste
431 3369 470 3424 sit
483 3382 598 3434 sennan,
611 3360 771 3420 Advocabit
784 3359 897 3414 coelum
911 3373 975 3410 sur-

30 3473 64 3519 at
79 3471 198 3516 terram
210 3453 363 3514 advocabit
376 3467 502 3508 sursum:
530 3445 604 3504 nibil
616 3445 719 3502 molins
732 3440 859 3518 intelligi
872 3438 974 3494 existi-

8 3565 98 3624 [uam
111 3542 251 3600 homines
265 3541 314 3615 qui
326 3537 477 3612 rapientur
489 3534 521 3590 in
535 3530 649 3588 obviam
660 3524 776 3585 Christo
788 3524 821 3578 in
834 3527 911 3592 atra,
926 3519 977 3577 sed

9 3652 44 3687 m
58 3629 182 3685 dictrrm
195 3633 313 3701 propter
324 3621 447 3690 animas,
459 3627 568 3675 terram
580 3621 697 3690 propter
710 3624 840 3682 corpora.
853 3604 975 3663 Discer-

8 3731 110 3791 porro
119 3709 268 3791 populum
281 3724 378 3774 saum,
402 3703 541 3778 quidest,
554 3699 612 3756 nisi
624 3713 676 3772 per
689 3691 829 3750 indicium
843 3707 978 3766 separare

8 3819 21 3855 s
36 3817 57 3854 a
72 3796 182 3866 malis,
197 3802 335 3868 tanquam
348 3805 417 3846 oves
431 3786 466 3844 ab
480 3778 598 3842 hoedisi
620 3777 735 3838 Deinde
748 3776 902 3834 conversio
915 3791 977 3830 ser-

8 3903 22 3939 s
40 3881 83 3938 ad
99 3880 238 3958 Angelos
250 3876 327 3934 lacta
341 3881 399 3930 est:
425 3869 612 3948 congregate
629 3862 678 3922 illi
694 3863 788 3920 iustos
803 3861 873 3918 cius.
906 3855 979 3914 Pro·
