2576 4396
261 181 321 242 DE
348 179 563 242 CIVITATE
592 183 671 242 nul
694 185 776 244 LIB.
797 186 838 246 X.
1001 193 1057 250 301

6 336 139 402 visibile
153 333 336 392 sacrificium
349 331 525 394 offerendum
538 351 602 392 esse
615 338 798 410 noverimus,
812 355 896 414 quam
909 341 964 412 illi,
978 344 1062 400 cuius

5 427 41 482 in
55 419 210 480 cordibus
226 421 339 476 nostris
352 419 498 477 invisibile
511 419 686 478 sacrificium
699 440 753 478 nos
771 423 828 496 ipsi
841 441 904 480 ease
918 422 1061 483 debemus.

6 507 102 565 Tunc
119 503 214 562 nobis
227 501 346 577 favent,
371 503 513 579 nobisque
526 503 726 582 congaudent,
752 515 839 582 atque
852 506 889 563 ad
902 505 956 564 hoc
969 510 1061 582 ipsum

8 610 63 649 nos
81 608 148 667 pro
170 589 236 644 suis
249 587 360 644 viribus
379 586 519 644 adiuvant
530 587 637 666 Angeli
656 589 761 665 quique
777 591 960 668 virtutesque
977 609 1062 666 supc-

8 678 110 734 riores
138 683 175 728 ct
198 671 264 746 ipsa
283 671 413 728 bonitate
435 689 469 728 ae
492 672 602 746 pictate
620 675 812 747 potentiores.
848 672 883 731 si
895 685 991 732 autern
1004 677 1063 730 illis

8 757 82 816 haec
95 755 252 814 exhibere
262 757 451 828 volucrimus,
464 773 526 812 non
537 754 662 812 libenter
672 758 829 832 accipiunt,
844 767 951 816 etcum
960 758 997 815 ad
1010 757 1060 816 ho-

9 846 110 899 mines
123 843 176 898 ita
190 840 362 911 mittuntur,
375 848 409 896 ut
422 857 522 896 eorum
533 841 700 916 praesentia
713 842 867 914 sentiatur,
880 844 1062 918 apertissime

8 936 127 984 vetant.
159 922 245 981 Sunt
257 924 389 1000 exempla
401 925 433 980 in
445 924 539 980 literis
552 925 671 980 sanetis,
689 922 871 984 Putaverunt
883 926 998 1002 quidam
1011 925 1060 982 dc·

8 1009 177 1068 fercndum
192 1007 314 1086 Angelis
325 1005 476 1080 honorem,
489 1008 537 1064 vel
549 1005 708 1080 adorando,
727 1011 774 1065 vel
787 1009 995 1082 sacrificando,
1011 1012 1060 1086 qui

8 1095 140 1151 debetur
154 1091 239 1162 Deo,
253 1101 283 1147 et
296 1109 395 1147 eorum
408 1100 478 1148 sunt
490 1091 688 1148 admonitione
699 1090 849 1166 prohibiti,
862 1095 994 1170 iussique
1006 1091 1061 1150 hcc

8 1181 36 1236 ci
49 1177 191 1247 deferre,
206 1175 255 1230 eui
269 1177 320 1231 uni
333 1175 377 1231 fas
392 1193 455 1232 esse
469 1183 624 1232 noverunt.
650 1175 760 1232 imitati
773 1185 842 1232 sunt
851 1176 979 1254 Angelos
993 1195 1061 1234 san-

7 1274 74 1320 etos
89 1261 190 1316 etium
203 1259 282 1316 santi
293 1257 424 1316 homines
438 1257 505 1316 Dei.
548 1257 624 1314 Nam
635 1256 742 1314 Pardus
756 1268 785 1316 et
797 1259 944 1316 Barnabas
958 1261 990 1316 in
1003 1259 1061 1335 hy·

8 1347 124 1403 caonia
138 1343 222 1399 iacto
237 1341 360 1418 quodam
372 1344 513 1400 miraculo
528 1342 662 1398 sanitatis
678 1344 773 1417 putati
790 1352 860 1400 sunt
877 1342 936 1414 dii,
963 1344 1062 1418 eisque

7 1429 171 1507 Lycaonii
184 1427 332 1484 immolare
341 1429 476 1484 victimas
488 1427 659 1498 voluerunt;
673 1425 749 1502 quod
762 1445 779 1482 a
792 1445 824 1482 se
838 1425 941 1484 humili
953 1428 1063 1500 pietate

8 1520 220 1582 removentes,
235 1511 278 1566 eis
291 1511 324 1566 in
338 1529 425 1586 quem
438 1509 593 1568 crederent
605 1511 858 1568 annuntiaverunt
870 1509 975 1568 Deum.
1001 1509 1062 1568 Nec

10 1599 46 1656 ob
66 1594 157 1653 aliud
179 1593 301 1652 fallaces
322 1585 371 1650 illi'
385 1593 510 1670 superbe
523 1593 580 1650 sibi
591 1591 646 1651 hoc
660 1595 800 1673 exigunt,
824 1596 884 1652 nisi
903 1595 973 1670 quia
990 1613 1061 1652 vcro

9 1681 77 1739 Deo
98 1679 207 1736 deberi
225 1680 332 1736 sciunt.
359 1677 429 1734 Nou
442 1679 521 1734 enim
534 1696 568 1734 re
586 1696 672 1750 vera,
696 1690 730 1734 ut
752 1680 794 1736 ait
810 1677 1007 1756 Porphyrius,
1033 1688 1063 1734 et
1165 1715 1169 1718 -

10 1764 157 1824 nonnulli
170 1771 293 1838 putant,
321 1761 503 1820 cadaverinis
517 1760 685 1834 nidoribus,
714 1761 765 1818 sed
778 1761 886 1820 divinis
901 1760 1060 1820 honoribus

9 1847 160 1930 gaudent.
209 1843 330 1922 Copiam
341 1865 412 1903 vero
426 1844 561 1904 nidorum
572 1863 709 1924 magnam
721 1843 829 1904 habent
840 1845 979 1922 undique,
994 1855 1023 1902 et
1036 1848 1062 1902 si

12 1933 146 2009 amplius
163 1931 295 2002 vellent,
315 1931 372 2006 ipsi
385 1929 442 1986 sibi
453 1939 590 2006 poterant
604 1927 752 1988 exhibere.
796 1931 854 1998 Qui
868 1949 939 2008 ergo
954 1929 1060 1988 divini·

11 2029 107 2076 tatem
122 2013 187 2071 sihi
200 2023 343 2092 arrogant
359 2013 490 2089 spiritus,
504 2032 566 2070 neu
579 2014 735 2071 cuiuslibet
747 2015 877 2090 eorporis
890 2013 985 2084 fumo,
1011 2012 1059 2068 sed

7 2098 217 2178 supplicantis
231 2099 328 2154 animo
346 2095 543 2169 delectantur,
570 2097 617 2154 cui
635 2096 754 2174 decepto
769 2098 957 2171 subiectaque
971 2095 1061 2152 domi-

8 2196 143 2256 nentur,
165 2180 399 2238 intercludentes
412 2183 470 2238 iter
482 2179 519 2237 ad
531 2179 628 2238 Deum
640 2200 757 2252 rerum,
783 2200 822 2238 ne
834 2181 874 2236 sit
885 2177 970 2236 horno
984 2180 1061 2235 illius

8 2267 212 2336 sacrificium,
226 2264 293 2322 dum
306 2265 486 2322 sacrificatur
500 2266 625 2342 cuipiam
635 2274 752 2342 praeter
765 2265 855 2322 illum.

419 2433 538 2492 CAP.
581 2431 668 2489 XX.

6 2537 54 2590 De
65 2549 176 2588 marma
187 2548 302 2602 veroque
313 2531 460 2603 sacrificio,
479 2531 549 2652 qapd
557 2529 614 2650 ipsp
625 2529 680 2580 Dei
694 2537 721 2580 et
731 2527 864 2582 hominum
875 2526 1012 2580 Mediator
1022 2527 1061 2598 es-

487 2617 515 2652 ee
530 2615 560 2651 us
570 2615 596 2652 cs
611 2634 619 2651 .

67 2692 161 2752 Vnde
175 2710 264 2749 verus
278 2693 328 2748 ille
334 2690 489 2762 Mediator,
502 2691 676 2765 inquantum
688 2685 811 2743 formam
824 2686 903 2742 servi
916 2685 1060 2760 accipiens

4 2779 168 2838 mediator
183 2772 304 2832 effectus
318 2775 436 2847 estDei,
450 2784 480 2832 ct
489 2771 639 2830 hominum
651 2768 739 2828 homo
751 2767 885 2828 Christus
891 2767 983 2840 lesus,
995 2787 1059 2825 cnm

4 2870 45 2922 in
67 2864 168 2919 forma
185 2857 246 2916 Dei
262 2858 438 2916 sacrificium
455 2878 520 2916 cum
537 2855 626 2914 Patre
644 2862 754 2926 sumat,
781 2873 847 2912 cum
867 2873 922 2931 quo
942 2861 972 2910 et
984 2871 1059 2912 unus

5 2949 103 3006 Deus
120 2953 183 3015 est,
209 2952 308 3000 tamen
328 2944 360 3000 in
379 2943 473 2999 ferma
491 2943 570 3000 servi
588 2939 764 2998 sacrificium
782 2939 884 2996 maluit
897 2956 961 2996 esse
975 2957 1060 3014 quam

6 3047 154 3100 sumere,
170 3047 209 3083 ne
220 3028 271 3083 vel
281 3025 335 3082 hac
349 3028 504 3084 occasione
517 3027 669 3102 quisquam
682 3024 863 3081 existimaret
878 3021 999 3081 cuilibet
1012 3040 1058 3078 aa·

7 3111 215 3172 crificaudum
230 3129 294 3166 esse
309 3119 467 3166 creaturae.
503 3109 560 3166 Per
571 3107 627 3166 boc
641 3117 671 3164 et
683 3107 817 3166 sacerdos
831 3116 890 3180 est,
913 3109 976 3183 ipse
989 3104 1058 3163 offe-

6 3218 105 3269 rens,
132 3198 199 3271 ipse
212 3206 244 3252 et
257 3194 374 3251 oblatio.
395 3193 483 3252 Cuius
496 3196 540 3250 rei
552 3201 766 3268 sacramentum
779 3191 982 3267 quotidianum
996 3209 1059 3247 esse

8 3283 118 3340 voluit
129 3279 286 3336 Ecclesiae
300 3277 487 3334 sacrificium:
502 3295 575 3353 quac
589 3296 656 3333 eum
668 3277 760 3351 ipsius
775 3277 877 3348 eapitis
892 3293 996 3350 corpus
1010 3276 1060 3346 sit,

11 3387 50 3423 se
65 3368 165 3442 ipsam
177 3381 232 3438 per
245 3363 340 3437 ipsum
353 3362 441 3418 discit
453 3359 567 3418 efferre.
610 3359 705 3418 Huius
725 3359 789 3416 veri
806 3358 945 3414 sacrificii
961 3359 1060 3415 multi-

10 3453 111 3526 plicia
122 3448 268 3523 variaque
281 3447 368 3524 signa
382 3455 467 3502 erant
480 3445 623 3502 sacrificia
635 3445 732 3519 prisca
745 3449 929 3512 sanctorum,
944 3459 1009 3495 eum
1023 3441 1058 3494 ob

10 3535 75 3592 hoc
89 3551 183 3590 unum
195 3549 251 3606 per
263 3531 356 3586 multa
367 3529 554 3608 figuraretur,
569 3537 707 3603 tanquam
719 3524 815 3581 verbis
828 3525 928 3578 multis
941 3540 988 3578 res
1002 3539 1061 3576 una

12 3617 183 3688 diceretur,
196 3623 231 3670 ut
243 3615 311 3670 sine
324 3613 440 3670 fastidio
454 3614 576 3668 multum
588 3608 846 3668 commendaretur.
861 3605 937 3663 Huic
951 3622 1061 3660 summo

11 3720 152 3778 veroque
168 3697 317 3758 sacrificio
332 3707 436 3754 cuneta
449 3695 594 3752 sacrificia
606 3695 680 3752 falsa
694 3699 854 3750 cesserunt.
