2576 4396
265 179 325 238 DE
349 181 570 240 CIVITATE
593 183 671 242 DEl
693 185 770 245 LlB.
792 187 832 246 X.
997 195 1058 252 313

31 357 94 397 non
107 343 304 406 cunctantur,
319 343 349 390 ct
361 333 469 391 dicere:
483 354 585 392 'rerum
598 337 685 392 etiam
698 338 815 410 altiore,
829 350 863 397 nt
874 346 995 416 putatis,
1009 363 1060 420 pe-

30 425 117 491 ritia,
132 418 209 474 haec
221 436 287 473 esse
300 419 434 474 animalia
447 419 612 475 beatissima
623 419 795 495 perhibetis,
816 434 847 479 et
860 425 981 483 cumbis
996 449 1059 486 cor·

30 504 153 581 poribus
168 503 355 576 sempiterna.
382 501 455 568 Quid
471 521 542 580 crgo
556 512 616 572 cst,
631 504 784 579 quodcum
796 508 879 564 vobis
892 507 963 564 fides
978 509 1060 566 Chri-

32 591 129 644 stiana
145 583 305 656 suadetur,
331 593 402 641 tunc
416 585 637 659 obliviscimini,
662 598 712 644 aut
723 590 861 666 ignorare
874 610 927 648 vos
940 591 1063 671 lingitis,
1157 595 1161 604 “

32 671 100 746 quid
114 671 266 744 disputare
279 677 329 724 aut
340 668 445 724 docere
459 666 596 726 soleatisl
639 671 714 736 Quid
729 691 833 730 causac
847 685 893 732 cst
906 693 971 745 cur,
995 695 1064 752 pro·

31 765 96 829 pter
118 753 277 827 opiniones
297 761 427 822 vestras,
453 769 524 828 quas
541 772 593 810 vos
613 755 669 829 ipsi
687 760 878 834 oppugnatis,
905 756 1064 816 Christiani

33 857 96 893 esse
109 837 231 906 nolitis,
258 836 316 890 nisi
330 837 399 910 quia
413 834 543 892 Christus
556 835 705 893 humiliter
718 842 815 909 venit,
838 851 868 898 et
880 860 932 898 vos
948 843 1064 918 superbi

33 917 120 976 estisl
168 920 275 986 Qualia
289 928 454 976 sanctorum
468 937 589 994 corpora
602 923 633 977 in
646 926 860 981 resurrectione
877 926 974 982 fictura
991 929 1060 996 sint,

34 1013 128 1079 potest
142 1005 294 1077 aliquanto
308 1005 502 1076 scrupulosius
516 1006 593 1060 inter
606 1004 837 1064 Christianarum
848 1007 1063 1082 scripturarum

34 1087 221 1143 doctissimos
235 1085 392 1160 disputari,
409 1086 508 1143 futura
521 1097 618 1144 tumen
633 1091 807 1163 sempiterna
820 1093 939 1147 minime
951 1092 1063 1148 dubita-

34 1186 113 1240 mus;
145 1178 176 1225 et
189 1171 261 1225 talia'
275 1170 388 1240 futura,
404 1171 490 1244 quale
504 1189 555 1226 suc
567 1173 782 1227 resurrectione
796 1173 930 1230 Christus
944 1174 1062 1231 demon-

35 1256 139 1310 stravit
153 1255 327 1327 exemplum.
363 1251 422 1310 Sed
438 1256 651 1329 qualiacunque
664 1257 740 1326 sint,
755 1274 820 1312 cum
832 1257 1064 1331 incorruptibilia

34 1356 152 1412 prorsus
164 1346 194 1392 et
207 1338 391 1408 immortalia,
411 1336 559 1412 nihiloque
573 1339 686 1393 animae
706 1341 993 1414 contemplationem,
1008 1357 1065 1414 qua

34 1423 67 1476 in
80 1419 146 1476 Deo
158 1420 278 1498 figitur,
305 1421 492 1494 impedientia
503 1419 723 1495 praedicentur-3
748 1441 860 1500 vosque
878 1425 965 1480 etiam
985 1422 1064 1480 dica-

33 1507 72 1560 tis
87 1522 152 1559 esse
165 1506 197 1559 in
212 1504 386 1560 coelestibus
405 1505 582 1560 immortalia
603 1523 725 1579 corpora
744 1507 947 1564 immortaliter
963 1507 1063 1564 beato·

33 1605 112 1644 rum:
141 1587 277 1662 quidest
298 1587 374 1661 quod
392 1597 425 1642 ut
442 1588 643 1661 beatissimus,
667 1609 751 1646 omno
771 1609 875 1666 corpus
893 1589 1064 1669 fugiendum

34 1691 96 1727 esse
110 1671 289 1746 opinamini,
302 1680 335 1726 ut
348 1669 632 1728 fidemChristianam
644 1675 728 1749 quasi
737 1676 949 1731 rationabiliter
960 1675 1063 1753 iugera

34 1755 210 1825 rideamini3
236 1755 295 1808 nisi
310 1756 376 1827 quia
389 1754 460 1810 illud
473 1765 533 1826 cst,
556 1756 632 1831 quod
645 1759 752 1813 iterum
765 1757 845 1830 dico,
873 1757 1005 1815 Christus
1020 1767 1064 1814 est

33 1839 162 1908 humilis,
188 1855 241 1894 vos
256 1834 394 1912 superbil
428 1838 474 1895 Αιι
487 1839 564 1895 forte
578 1843 687 1919 corrigi
698 1837 809 1914 pudet?
840 1841 880 1898 Et
892 1840 946 1897 hoc
958 1843 1064 1898 vitium

34 1941 91 1978 non
115 1923 177 1978 nisi
200 1922 388 1996 superborum
410 1931 462 1978 est.
506 1921 599 1979 Pudet
614 1923 754 1980 videlicet
766 1924 866 1982 doctos
880 1924 1011 1981 homines
1026 1941 1064 1980 ex

34 2006 184 2080 discipulis
198 2003 329 2059 Platonis
348 2004 413 2060 fieri
436 2003 592 2080 discipulos
607 2006 733 2078 Christi,
761 2010 811 2082 qui
824 2010 999 2082 piscatorem
1011 2025 1063 2064 suo

34 2089 147 2164 Spiritu
161 2088 262 2144 docuit
272 2105 374 2161 sapere
387 2107 420 2144 ac
434 2088 546 2159 dicere,
572 2087 608 2145 In
619 2092 773 2166 principio
787 2101 855 2146 erat
872 2089 1007 2160 Verbum,
1034 2101 1064 2147 et

37 2172 161 2230 Verbum
175 2181 245 2228 erat
262 2172 345 2248 apud
356 2170 461 2241 Deum,
488 2183 517 2230 et
531 2170 614 2230 Deus
628 2183 696 2230 erut
713 2171 852 2230 Verbum:
876 2173 1014 2229 hocerat
1034 2176 1064 2230 iu

30 2255 184 2332 principio
198 2255 279 2332 apud
291 2253 393 2311 Deum.
436 2251 542 2312 Omnia
557 2274 618 2333 per
632 2259 727 2334 ιἰιιιιιιι
741 2257 838 2328 facta
851 2267 936 2328 suat,
959 2267 989 2313 et
1001 2259 1065 2314 siue

33 2343 96 2417 ipso
112 2337 239 2408 factum
262 2347 308 2394 est
328 2337 409 2394 nihil.
436 2336 521 2408 Quod
529 2339 654 2410 factum
667 2342 756 2397 estin
769 2342 833 2418 c'pao
846 2342 911 2397 vita
924 2351 1007 2411 erat,
1034 2351 1065 2397 et

32 2426 96 2480 cita
120 2429 190 2477 erat
214 2421 265 2477 lua
284 2420 445 2492 homiuum,
472 2433 501 2478 et
515 2422 566 2478 lua
579 2426 609 2479 in
623 2424 752 2480 tenebris
766 2423 858 2493 lucet,
883 2433 912 2479 et
926 2424 1065 2480 tenebrae

34 2526 95 2562 eam
108 2522 167 2560 noa
182 2502 471 2581 comprehenderunt.
494 2505 578 2569 Quod
590 2507 708 2560 initium
725 2507 820 2559 sancti
832 2505 1003 2581 Evangelii,
1017 2507 1065 2559 cui

34 2607 140 2644 nomen
155 2595 202 2642 est
214 2587 371 2642 secundum
383 2585 537 2656 loannem,
552 2586 671 2660 quidam
681 2585 859 2657 Platonicus,
874 2588 951 2641 sicut
964 2603 981 2640 a
995 2603 1063 2641 san-

33 2683 78 2727 cto
93 2689 164 2727 sene
179 2669 386 2744 Simpliciano,
413 2671 464 2744 qui
474 2677 576 2743 postea
589 2667 803 2726 Mediolanensi
816 2668 967 2724 Ecclesiae
979 2687 1063 2742 prae-

34 2756 107 2810 sedit
119 2755 286 2828 episcopus,
301 2754 463 2811 solebamus
475 2751 585 2824 audire,
597 2754 691 2808 aureis
703 2753 797 2807 literis
810 2751 1061 2822 conscribendum,

32 2849 60 2894 et
74 2855 125 2910 per
140 2855 244 2892 omnes
257 2836 405 2892 Ecclesias
430 2837 462 2892 in
484 2837 557 2892 locis
581 2837 819 2892 eminentissimis
842 2833 1062 2911 proponendum

33 2935 96 2976 esse
109 2921 233 2976 dicebat.
279 2919 338 2977 Sed
351 2920 415 2976 ideo
429 2921 515 2977 viluit
527 2921 658 2994 superbis
673 2920 754 2977 Deus
766 2922 816 2976 ille
830 2922 979 3000 magister,
993 2921 1061 2996 quia

37 2997 157 3062 Verbum
176 3022 248 3060 caro
260 3003 384 3074 factum
403 3013 461 3074 est,
488 3013 518 3062 et
531 3002 679 3061 habitavit
692 3006 722 3061 iu
736 3005 836 3062 uobis:
861 3014 895 3061 ut
905 3023 1008 3080 parum
1022 3005 1061 3059 sit

33 3091 146 3144 miseris
167 3087 246 3162 quod
268 3095 442 3164 aegrotant,
463 3089 522 3143 nisi
535 3106 567 3143 sc
580 3089 611 3144 in
624 3089 688 3162 ipsa
701 3089 789 3144 etiam
809 3087 994 3168 aegritudine
1007 3105 1058 3143 ex·

33 3174 146 3242 tollant,
170 3180 202 3226 ct
214 3170 250 3224 dc
262 3169 406 3225 medicina
419 3188 475 3246 qua
488 3173 586 3227 sanari
598 3180 752 3246 poterant,
767 3173 947 3229 crubescant.
991 3171 1057 3227 Non

32 3257 106 3310 cuim
120 3254 177 3311 hoc
190 3253 305 3310 faciunt
316 3262 350 3308 ut
363 3254 528 3331 erigantur,
556 3254 606 3311 sed
631 3264 665 3311 ut
690 3253 818 3311 cadendo
842 3257 959 3332 gravius
984 3253 1057 3309 allii·

31 3350 145 3416 gantur.

397 3419 418 3478 C
440 3421 464 3478 Α
485 3421 517 3477 P.
559 3420 591 3477 X
604 3419 636 3477 X
649 3418 691 3476 X.

31 3517 139 3581 Quanta
155 3517 298 3571 Platonici
314 3517 447 3588 dogmatis
462 3515 630 3598 Porphyrius
644 3514 822 3588 refutaverit,
841 3523 869 3567 et
883 3513 1057 3566 caecutiente

467 3595 624 3638 correxerat.

89 3677 124 3735 Si
145 3687 212 3754 post
225 3677 381 3734 Platonem
395 3676 504 3754 aliquid
524 3676 678 3732 emendare
697 3675 882 3730 existimatur
895 3671 1056 3750 indignum,

32 3781 79 3817 cur
91 3765 156 3838 ipse
170 3761 354 3837 Porphyrius
377 3761 518 3818 nonnulla
532 3768 560 3814 ct
573 3779 632 3817 non
653 3777 753 3833 parra.
765 3752 950 3813 emendarit?
984 3754 1057 3812 Nam

32 3843 197 3920 Platonem3
215 3847 330 3904 arrianas
342 3842 490 3902 hominum
503 3853 569 3920 post
582 3853 704 3900 mortem
716 3843 829 3900 revolvi
841 3859 930 3917 usque
943 3839 979 3897 ad
992 3859 1050 3897 cor·
