2586 4396
231 213 289 268 loa
454 203 551 262 DlVl
573 199 761 260 AVRELll
782 197 1035 256 AVGVSTlNl

224 362 347 439 flamma
362 357 458 430 faeie
477 366 537 426 eat,
563 365 593 413 et
611 373 676 411 eece
692 352 813 425 fornax
821 348 1029 424 fumabunda,
1053 360 1082 407 et
1102 350 1254 427 lampades

230 445 327 522 ignia,
351 460 426 520 qaae
445 441 634 498 transierunt
646 454 706 514 per
725 435 821 493 media
839 434 937 492 diuisa
948 432 1019 490 illo:
1036 433 1186 512 signifieat
1197 437 1256 491 iam

229 531 261 584 in
274 527 333 584 fine
346 526 456 582 saeouli
468 541 520 597 per
532 509 632 600 ig'nem
644 517 814 576 iudicandos
829 535 893 574 esse
906 517 1046 573 earnales.
1081 516 1163 576 Siout
1175 521 1257 575 enim

230 610 348 668 afflietio
362 607 497 666 Civitatis
510 605 578 676 Dei,
593 605 686 680 qualis
701 611 787 660 antea
800 618 950 675 nunquam
962 600 1029 672 luit,
1043 619 1116 676 quae
1128 601 1178 657 sub
1191 601 1258 658 An·

230 693 363 752 tiehristo
375 691 472 748 futsrro
485 697 628 765 speratur,
647 686 829 765 significatur
842 683 996 741 tenebroso
1009 686 1113 741 timore
1125 683 1258 742 Abrahae

232 781 311 836 eirea
323 778 392 834 solis
406 792 555 845 ooeasum,
575 771 606 828 id
619 781 680 843 est,
702 771 914 846 propinquante
927 769 984 825 iam
996 767 1056 824 fine
1067 769 1192 826 saeouli:
1217 771 1258 826 sio

231 862 269 920 ad
281 863 350 917 solis
364 876 513 928 oceasum,
527 857 558 913 id
571 865 632 928 est,
650 855 687 912 ad
699 856 796 929 ipsum
808 855 866 910 iam
877 851 980 924 finem,
1003 851 1189 930 signifieatur
1202 854 1257 910 isto

231 948 302 1024 igne
315 944 377 1000 dies
391 943 492 998 iudioii
505 940 643 996 dirimens
658 939 789 996 earnales
805 955 857 1013 per
874 937 972 1014 ignem
991 935 1160 1007 salvandos,
1184 947 1216 993 et
1229 937 1258 992 in

232 1031 302 1107 igne
317 1025 502 1082 damnandos.
518 1022 633 1082 Deinde
646 1031 851 1080 testamentum
863 1020 970 1078 fautum
983 1019 1020 1076 ad
1030 1018 1180 1090 Abrabam,
1194 1030 1258 1076 ter-

231 1131 295 1169 ram
314 1110 452 1169 Chenaan
468 1109 587 1184 proprie
603 1107 789 1178 manifestat,
817 1114 847 1161 et
864 1105 996 1163 nominat
1017 1105 1050 1160 in
1070 1123 1104 1160 ee
1120 1102 1261 1159 undecim

232 1205 335 1275 gentes
349 1213 367 1250 a
379 1192 499 1250 flumine
511 1193 638 1270 Aegypti
650 1209 741 1265 usque
753 1189 790 1246 ad
802 1187 910 1246 flumen
922 1206 1059 1266 magnum
1070 1185 1260 1263 Euphratem.

231 1279 299 1338 Non
313 1298 383 1357 orgo
398 1297 415 1334 a
428 1273 547 1334 flumine
561 1294 667 1354 magno
680 1274 816 1352 Aegypti,
829 1270 884 1329 hoo
897 1281 952 1343 est,
966 1271 1049 1344 Nilo;
1064 1270 1114 1328 sed
1126 1289 1145 1329 a
1157 1290 1261 1347 parvo,

232 1363 309 1439 quod
328 1362 433 1420 dividit
452 1362 530 1420 inter
546 1362 711 1438 Aegyptum
732 1367 762 1413 et
781 1357 989 1426 Palaestinam,
1012 1355 1062 1413 ubi
1084 1365 1130 1412 est
1155 1357 1261 1414 civitas

231 1447 441 1506 Rhinooorura

598 1595 667 1654 CA
692 1595 723 1651 P.
765 1591 889 1652 XXV.

231 1693 273 1749 De
284 1694 362 1764 Agar
372 1693 471 1747 dadila
483 1693 584 1756 Sarae,
599 1707 678 1762 qaam
688 1692 779 1812 abeodem
791 1691 860 1744 Sura
871 1689 995 1745 Abrahae
1009 1689 1160 1744 saltitem
1170 1707 1253 1745 eones

713 1777 793 1813 mam.

294 1868 354 1926 lam
366 1867 436 1926 hino
449 1878 578 1943 tempora
591 1877 807 1944 consequuntur
820 1868 946 1926 filiorum
958 1867 1104 1940 Abrahae,
1121 1870 1218 1926 onius
1231 1869 1262 1925 de

230 1955 310 2034 Agar
323 1954 445 2025 aneilla,
468 1953 588 2010 alterius
601 1951 637 2008 de
651 1949 725 2010 Sara
738 1953 847 2025 libera,
872 1953 908 2010 de
927 1953 1029 2029 quibus
1042 1954 1074 2009 in
1087 1952 1165 2010 libro
1177 1971 1259 2030 supe

230 2041 310 2114 riore
325 2039 384 2094 iam
396 2036 532 2094 diximus.
557 2035 642 2103 Quod
654 2044 751 2093 autem
769 2038 875 2094 attinet
895 2036 1010 2094 adrem
1031 2045 1161 2115 gestam,
1184 2039 1263 2094 nnllo

231 2121 317 2180 modo
338 2130 384 2177 est
401 2120 578 2180 inurendum
596 2119 632 2177 de
648 2119 703 2177 hao
722 2121 884 2178 oonoubina
898 2123 1008 2178 orimen
1019 2117 1163 2178 Abrahae.
1189 2119 1263 2177 Vsus

232 2216 277 2264 est
292 2224 327 2262 ee
339 2207 445 2282 quippe
457 2205 493 2263 ad
506 2204 706 2284 generandam
718 2207 840 2280 prolem,
854 2224 914 2262 non
927 2203 965 2262 ad
977 2204 1153 2279 explendam
1165 2204 1264 2262 libidi-

231 2304 313 2362 nem3
328 2307 383 2345 neo
396 2292 553 2360 insultans,
567 2289 619 2344 sed
630 2290 728 2364 potius
739 2289 878 2346 obediens
888 2291 1019 2368 coniugi,
1033 2306 1108 2364 quae
1117 2306 1192 2345 snae
1205 2299 1264 2346 ste-

229 2373 349 2431 rilitatis
363 2372 486 2429 eredidit
499 2391 563 2430 esse
577 2373 726 2444 solatium,
749 2374 775 2428 si
792 2372 967 2430 foecundum
988 2373 1112 2430 aneillae
1134 2381 1266 2446 amram,

231 2458 368 2534 quoniam
381 2467 488 2514 natura
502 2475 562 2514 non
574 2465 699 2532 poterat,
712 2458 864 2514 voluntate
876 2457 986 2514 iaceret
996 2475 1092 2528 suum,
1107 2464 1184 2514 otoo
1197 2457 1267 2512 iure

230 2560 287 2618 quo
302 2539 374 2601 dioit
386 2541 558 2616 Apostolus,
578 2537 724 2599 Similiter
736 2550 767 2598 et
777 2541 826 2599 vir
839 2559 896 2598 aaa
908 2540 996 2600 babet
1001 2549 1186 2621 potestaten
1197 2557 1268 2598 eos·-

227 2627 313 2703 poris
327 2628 388 2696 sui,
413 2627 466 2684 aed
476 2626 592 2694 mulier,
605 2633 739 2681 uteretur
756 2626 862 2680 mulier
875 2625 911 2682 ad
922 2624 1094 2702 pariendum
1107 2639 1148 2680 ex
1160 2625 1268 2696 altera,

231 2708 307 2784 quod
325 2728 385 2766 non
402 2719 518 2785 poterat
540 2726 578 2765 ex
596 2727 629 2764 se
647 2710 720 2784 ipsa.
759 2707 847 2766 Nulla
866 2717 912 2766 est
929 2707 977 2766 hie
997 2708 1100 2784 oupido
1113 2708 1268 2780 lasciviae,

204 2862 207 2869 Ι
230 2793 311 2848 nulla
324 2794 474 2868 nequitiae
487 2791 645 2868 turpitudo.
667 2792 712 2850 Ab
726 2809 819 2850 uxore
833 2809 921 2850 eausa
932 2794 1023 2868 prolis
1036 2793 1146 2848 aneilla
1158 2795 1269 2849 marito

229 2875 367 2947 traditur,
381 2894 399 2931 a
408 2877 513 2932 marito
528 2892 615 2932 eausa
627 2876 718 2949 prolis
732 2877 887 2952 aooipitur:
900 2876 936 2934 ab
948 2886 1074 2952 utroque
1085 2893 1147 2933 non
1159 2877 1270 2950 eulpae

229 2960 333 3040 luxus,
356 2957 408 3012 sed
427 2966 550 3014 naturae
567 2957 680 3014 fruetus
703 2961 877 3036 exquiritur.
914 2961 1052 3036 Denique
1070 2977 1135 3017 oum
1153 2961 1271 3016 aneilla

230 3038 363 3118 gravida,
377 3039 495 3097 domina
509 3037 667 3118 [dominae]
682 3045 792 3116 sterili,
815 3046 993 3120 superbiret,
1017 3053 1047 3101 et
1057 3042 1113 3101 hoo
1123 3039 1202 3100 Sara
1217 3061 1271 3100 su-

230 3124 361 3198 spicione
373 3125 509 3181 muliebri
522 3125 587 3182 viro
600 3127 697 3198 potius
710 3127 882 3203 imputaret,
896 3126 984 3185 etiam
996 3128 1038 3187 ibi
1051 3127 1270 3184 demonstrarit

228 3206 373 3268 Abrabam
385 3225 446 3265 uon
459 3227 491 3265 se
504 3218 663 3266 amatorem
676 3229 810 3284 servum,
832 3211 884 3268 sed
895 3212 1019 3270 liberum
1035 3210 1130 3268 fuisse
1148 3213 1270 3290 genito-

228 3313 306 3365 rem,
330 3302 360 3349 et
378 3295 410 3350 in
423 3292 503 3372 Agar
517 3291 609 3352 Sarae
622 3297 742 3375 coniugi
753 3294 924 3370 pudicitiam
937 3294 1114 3368 custodisse3
1141 3313 1199 3368 neo
1216 3313 1270 3352 vo-

228 3380 369 3454 luptatem
382 3395 474 3448 suam,
488 3377 539 3434 sed
551 3379 734 3436 voluntatem
747 3375 826 3436 illius
839 3381 1018 3454 implevisse:
1036 3380 1200 3455 aoeepisse,
1215 3397 1271 3436 nee

228 3463 361 3538 petiisse3
375 3463 544 3532 aooessisse,
557 3480 613 3518 neo
626 3459 771 3536 haesisse3
793 3465 964 3535 seminasse,
983 3481 1037 3519 neo
1051 3481 1180 3520 amasse.
1222 3463 1272 3521 Ait

229 3548 323 3603 onim:
342 3543 421 3605 ane
433 3545 544 3602 aneilla
558 3555 612 3602 tua
624 3547 656 3602 ιἰι
667 3546 803 3604 ιιιιιιιέὂιιι
816 3549 887 3618 tais,
907 3557 992 3605 utere
1005 3565 1041 3603 ea
1054 3547 1201 3624 quomodo
1216 3547 1273 3604 tibi

227 3629 388 3704 placuerit.
416 3629 442 3686 0
458 3629 552 3685 virum
563 3629 690 3685 viriliter
703 3639 834 3686 utentem
853 3629 986 3700 seminis,
1011 3631 1142 3709 coniuge
1156 3641 1272 3706 tempe·

229 3722 342 3783 ranter,
356 3713 462 3768 aneilla
476 3711 719 3784 obtemperanter,
732 3713 814 3772 nulla
827 3715 1062 3788 intemperanter.
