2602 4416
222 231 264 290 w
435 222 534 282 DlVl
562 219 751 282 AVREbll
781 219 1046 280 AVGVSTINI

223 377 291 439 ideo
305 383 494 452 nequaquam
507 382 612 432 eontra
624 371 681 428 bec
695 380 884 446 praeceptum
897 371 1048 445 fecerunt,
1076 391 1134 449 que
1148 373 1258 436 dietum

223 470 281 535 ert,
306 457 372 518 Non
388 460 520 528 occider,
546 457 598 530 qui
611 453 677 510 Deo
691 455 901 512 auetorebella
919 465 1094 532 gesserunt,
1119 467 1173 514 aut
1190 476 1259 532 pcr-

224 563 329 603 senam
341 551 481 622 gerentes
493 539 628 615 publicae
641 540 799 610 potestatis
813 537 976 596 seeundum
995 541 1061 597 eius
1082 541 1182 618 leges,
1202 541 1259 598 hac

225 637 287 700 est,
313 627 495 685 iustissimae
514 621 640 678 rationis
659 622 831 696 imperium,
858 623 1019 680 sceleratos
1037 634 1134 681 morte
1151 627 1259 698 punie-

223 720 305 771 runt.
348 704 546 767 lthbraham
569 722 631 762 non
645 707 741 762 selum
767 715 895 764 nonest
918 708 1054 781 culpatus
1075 707 1259 764 crudelitatis

225 797 361 864 crimine,
388 789 591 848 verumetiam
604 787 741 846 laudatur
756 799 802 847 est
815 793 935 848 nomine
948 793 1084 865 pietatis,
1111 791 1190 866 qued
1204 809 1259 848 vo-

224 880 281 935 luit
292 877 403 946 filium,
422 890 607 948 nequaquam
620 875 774 945 scelerate,
794 873 846 930 sed
860 873 1033 932 obedienter
1047 873 1194 932 occidere.
1219 873 1262 930 Et

224 960 333 1018 merito
353 957 523 1033 quaeritur,
550 965 652 1012 utrum
670 975 724 1030 pro
742 959 826 1014 iussu
845 957 903 1015 Dei
917 959 957 1014 sit
973 956 1154 1029 habendum,
1180 956 1262 1030 quod

225 1040 326 1115 Iephte
340 1041 448 1108 filiam,
479 1057 555 1113 quae
568 1041 648 1112 patri
660 1039 807 1112 occurrit,
834 1040 961 1112 oceidit,
988 1059 1054 1096 cum
1074 1059 1106 1097 se
1124 1041 1261 1096 immola-

223 1135 326 1182 turum
340 1123 405 1180 Deo
432 1121 463 1177 id
488 1124 639 1192 vovisset,
666 1122 745 1196 quod
762 1125 791 1178 ei
808 1123 947 1179 redeunti
966 1122 1002 1178 de
1019 1125 1133 1196 proelio
1151 1125 1265 1179 victori

222 1208 361 1282 primitus
376 1206 566 1262 occurrisset.
609 1204 673 1261 Nec
687 1203 813 1262 Samson
826 1207 913 1262 aliter
927 1214 1107 1277 excusatur,
1131 1204 1212 1280 quod
1229 1223 1262 1260 se

223 1293 321 1364 ipsum
334 1309 402 1348 eum
413 1288 549 1345 hostibus
562 1289 651 1344 ruina
663 1287 767 1346 domus
781 1289 945 1362 oppressit,
968 1289 1029 1344 nisi
1048 1289 1118 1361 quia
1137 1289 1266 1362 spiritus

223 1373 582 1442 latenterheciusserat,
610 1373 663 1446 qui
679 1373 833 1444 perillum
851 1373 995 1427 miracula
1012 1370 1165 1438 faciebat.)
1204 1369 1267 1426 His

224 1457 319 1533 igitur
333 1457 482 1528 exceptis,
508 1472 583 1528 quos
600 1457 649 1511 vel
666 1456 717 1510 lex
734 1456 815 1510 iusta
827 1455 1024 1532 generaliter,
1048 1455 1097 1510 rel
1114 1454 1177 1527 ipse
1190 1453 1268 1510 lens

223 1538 453 1594 institiaeDeus
472 1537 641 1610 specialiter
654 1537 753 1592 occidi
772 1538 871 1608 iubet,
897 1536 1032 1610 quisquis
1048 1533 1198 1591 bominem
1215 1539 1270 1592 vel

224 1638 256 1675 se
283 1621 399 1693 ipsum,
427 1621 476 1674 vel
502 1619 662 1694 quemlibet
683 1617 849 1690 occiderit,
879 1617 1031 1676 homicidii
1061 1619 1186 1674 crimine
1215 1619 1267 1674 in-

224 1704 364 1759 nectitur.

588 1799 708 1858 CAP.
756 1799 896 1858 XXll.

225 1878 305 1944 Quod
320 1893 457 1948 nunquam
467 1879 555 1948 possit
569 1897 641 1933 mors
655 1881 813 2002 colpataric
826 1882 864 1935 ael
876 1879 1089 1951 magnitudinem
1103 1881 1189 1934 animi
1201 1897 1269 1950 per-

709 1967 791 2004 sacre.

286 2037 327 2095 Et
339 2038 510 2112 quicunque
527 2035 584 2094 boc
605 2039 639 2095 in
661 2057 694 2096 se
717 2041 790 2114 ipsis
811 2047 1068 2114 perpetraverunt,
1095 2038 1187 2094 animi
1199 2057 1267 2096 ma-

226 2121 384 2201 gnitudine
397 2119 525 2177 fortasse
542 2121 685 2195 mirandi,
710 2119 773 2180 non
794 2123 957 2199 sapientiae
975 2123 1103 2180 sanitate
1121 2119 1266 2181 laudandi

227 2214 307 2261 sunt.
353 2205 529 2279 Quanquam
547 2206 574 2260 si
597 2208 745 2263 rationem
758 2205 932 2284 diligentius
959 2206 1117 2277 consulas,
1143 2221 1182 2260 ne
1200 2206 1269 2279 ipsa

226 2287 345 2363 quidem
358 2287 449 2342 animi
462 2287 637 2366 magnitude
655 2299 738 2346 recte
756 2291 945 2360 nominatur,
970 2288 1023 2344 ubi
1048 2289 1175 2363 quisque
1202 2305 1269 2346 nen

224 2368 350 2428 valendo
364 2371 509 2442 tolerare,
534 2373 583 2429 vel
597 2391 731 2448 quaeque
745 2389 868 2448 aspera,
894 2373 943 2429 rel
955 2372 1053 2427 aliena
1065 2379 1204 2444 peccata,
1232 2389 1270 2428 se

224 2455 290 2528 ipse
315 2454 509 2510 interemerit.
545 2454 641 2534 Magis
668 2459 748 2513 enim
769 2475 853 2513 mens
879 2455 996 2512 infirma
1023 2453 1269 2529 deprehenditur,

225 2553 301 2610 quac
314 2535 394 2591 ferre
407 2553 469 2594 non
481 2547 591 2612 petest,
618 2541 667 2596 vel
680 2539 785 2596 duram
798 2541 846 2596 sui
859 2539 994 2612 eorporis
1010 2539 1197 2608 servitutem,
1216 2541 1271 2594 vel

224 2620 346 2674 stultam
365 2621 449 2698 vulgi
469 2622 653 2694 opinionem:
685 2624 838 2698 maiorque
855 2623 974 2678 animus
992 2621 1100 2677 merito
1120 2617 1270 2677 dicendus

225 2709 281 2772 est,
308 2703 361 2776 qui
372 2704 464 2759 vitam
477 2721 684 2762 aerumnosam
697 2707 795 2783 magis
808 2713 908 2778 petest
922 2703 1012 2775 ferre,
1040 2719 1127 2777 quam
1139 2701 1271 2779 fugere3

224 2793 255 2840 et
266 2783 429 2840 humanum
441 2786 586 2842 indicium
598 2789 726 2844 maxime
739 2790 882 2864 vulgare,
909 2786 988 2862 quod
1003 2787 1176 2860 plerumque
1191 2788 1269 2842 eali-

224 2867 296 2943 gine
323 2867 433 2921 erroris
459 2868 642 2940 involvitur,
667 2887 738 2944 prae
765 2871 967 2927 eonscientiae
991 2871 1058 2925 luce
1077 2883 1112 2922 ae
1131 2869 1271 2940 puritate

225 2954 425 3004 contemnere.
464 2949 661 3016 Quamobrem
675 2954 702 3007 ei
714 2969 823 3031 magno
837 2954 935 3020 animo
948 2952 1014 3008 fieri
1024 2948 1185 3026 putandum
1205 2962 1270 3024 est,

224 3047 292 3086 cum
309 3031 364 3086 sibi
379 3030 466 3087 home
480 3033 593 3110 ingerit
609 3043 747 3108 mortem,
765 3038 815 3092 ille
828 3037 929 3110 potius
944 3033 1147 3092 Cleombrotus
1160 3033 1194 3088 in
1206 3031 1271 3092 hac

224 3113 318 3168 animi
331 3114 536 3191 magnitudine
549 3119 713 3191 reperitur3
727 3135 815 3193 quem
829 3120 931 3175 lerunt
943 3121 1021 3174 lecto
1028 3115 1162 3172 Platonis
1173 3116 1270 3190 libro,

224 3195 275 3251 ubi
289 3194 326 3251 de
339 3198 559 3254 immortalitate
577 3201 693 3258 animae
706 3200 888 3275 disputavit,
914 3219 946 3256 se
958 3201 1150 3275 praeeipitem
1164 3198 1269 3257 dedis.

222 3295 255 3333 se
269 3277 305 3334 de
323 3297 420 3352 muro,
449 3291 538 3356 atque
560 3283 603 3339 ita
627 3299 665 3338 ex
687 3281 743 3340 bac
756 3285 819 3341 vita
842 3285 989 3362 migrasse
1013 3283 1050 3340 ad
1074 3299 1149 3353 eam,
1176 3300 1272 3357 quam

222 3360 348 3417 credidit
374 3379 439 3419 esse
464 3365 626 3423 meliorem.
670 3365 720 3424 Nil
746 3369 825 3424 enlm
849 3367 975 3445 urgebat
999 3375 1052 3423 aut
1074 3366 1270 3440 calamitatis,

221 3452 274 3498 aut
289 3446 434 3518 criminis,
461 3464 514 3504 seu
527 3466 649 3520 verum,
676 3467 728 3506 seu
743 3449 865 3521 falsum,
893 3449 974 3524 quod
987 3468 1049 3506 non
1060 3447 1187 3505 valendo
1202 3449 1269 3505 scr·

220 3541 254 3582 re
268 3527 461 3586 ee'auferret:
490 3529 542 3586 sed
561 3531 597 3586 ad
617 3531 826 3606 capescendam
847 3542 984 3603 mertem,
1010 3542 1100 3607 atque
1116 3529 1154 3586 ad
1172 3528 1269 3588 buius

220 3608 301 3664 vitae
318 3613 423 3669 suavia
442 3612 563 3669 vincula
583 3614 746 3688 rumpenda
769 3617 833 3670 sela
848 3614 945 3672 adfuit
967 3617 1060 3672 animi
1076 3613 1268 3692 magnitude.

220 3690 307 3758 Quod
325 3701 426 3750 tamen
445 3711 554 3771 magne
574 3697 673 3768 potins
692 3696 805 3754 factum
819 3715 885 3754 esse
902 3716 990 3774 quam
1008 3699 1100 3769 bene,
1127 3697 1216 3752 testis
1239 3702 1272 3755 ei

219 3773 319 3848 potuit
336 3791 402 3830 erec
417 3775 502 3832 Plato
516 3777 596 3852 ipse,
622 3795 709 3853 quem
730 3782 861 3858 legerat:
889 3783 941 3857 qui
952 3781 1088 3855 profecto
1102 3778 1133 3835 id
1145 3783 1272 3853 praeci-

219 3869 280 3928 pue
297 3858 545 3935 potissimumque
563 3859 702 3932 lecisset,
727 3863 775 3921 rel
792 3864 882 3922 etiam
900 3865 1121 3940 praecepisset,
1148 3863 1212 3918 nisi
1232 3883 1273 3921 ea
