2586 4396
272 171 334 230 DE
365 171 588 236 CIVITATE
611 177 690 238 DEI
711 181 790 240 ΗΒ.
813 185 886 244 VII.
1038 195 1100 252 205

58 325 127 380 nulla
154 325 273 398 templa
291 324 444 398 iecerunt3
470 345 524 384 aee
539 328 626 402 deor,
652 349 713 390 non
727 333 792 391 dieo
806 337 884 394 inter
896 338 949 398 hoe
962 343 1099 416 aeleetor,

57 408 98 463 red
111 426 170 463 nee
184 409 352 464 interillos
369 408 485 484 quidem
497 415 581 488 quari
593 415 724 489 plebeios
738 415 921 478 hahuerunti

443 557 565 618 CAP.
607 561 714 621 XVI.

81 653 122 706 De
134 653 270 722 Apolline
281 662 308 706 et
317 651 414 708 Dim
423 657 589 726 eaeterisque
599 661 704 712 aelectio
714 663 781 727 diii,
791 681 857 734 quoa
863 643 962 736 parier
970 673 1063 725 muudi

472 741 526 779 ene
538 730 686 782 voluerunt.

106 831 284 906 Apollinem
300 833 433 906 quamvir
448 827 642 892 divinatorem
656 845 686 894 et
703 840 846 899 medicum
862 847 970 918 velint,
997 856 1094 906 tamen

50 925 79 970 ut
90 917 121 972 in
136 915 245 990 aliqua
261 923 346 988 parte
358 914 462 972 mundi
475 926 653 976 statuerent:
679 922 773 997 iprum
799 929 888 984 etiam
913 932 1005 986 solem
1030 951 1095 988 erae

51 997 204 1068 dixerunt3
233 996 422 1073 Dianamque
447 1019 616 1078 germanam
639 1004 702 1060 eiua
728 1007 861 1064 similiter
873 1012 974 1070 lunam
986 1023 1017 1070 et
1030 1017 1094 1070 ria-

51 1100 109 1138 rum
121 1081 308 1158 praesidem.
351 1079 436 1138 Vnde
451 1092 481 1138 et
492 1085 641 1162 virginem
657 1090 779 1161 volunt,
806 1093 882 1167 quod
895 1097 944 1151 ria
958 1094 1093 1172 alhilpa-

48 1168 112 1222 riat:
140 1174 172 1220 et
185 1163 258 1220 ideo
283 1163 385 1220 ambos
412 1167 534 1244 sagittas
559 1165 684 1242 hahere,
711 1173 864 1248 quodipaa
877 1175 935 1233 duo
948 1179 1045 1235 sidera
1058 1180 1094 1236 de

49 1251 122 1304 eaelo
137 1247 245 1304 radios
259 1255 357 1304 terrae
370 1265 462 1325 usque
474 1249 661 1325 pertendant.
703 1251 866 1311 Vulcanum
876 1261 981 1315 volunt
994 1261 1094 1337 ignem
1122 1261 1129 1282 ⁸

49 1331 160 1403 mundI,
190 1329 367 1405 Neptunum
380 1349 469 1408 aquae
482 1333 598 1405 mundi,
626 1331 729 1391 Ditem
748 1347 880 1411 patrem,
906 1339 963 1396 hoe
977 1352 1022 1398 et
1031 1342 1093 1403 ,Οιτ

49 1433 125 1487 cum,
151 1423 313 1470 terrenam
326 1422 357 1469 et
368 1414 499 1471 infimam
511 1423 625 1490 partem
638 1417 750 1474 mundi·
793 1419 930 1478 Liberum
954 1433 985 1480 et
1006 1423 1094 1482 Cere·

48 1517 105 1556 rem
117 1505 317 1573 praeponunt
339 1497 516 1571 seminibus,
542 1500 685 1556 velillum
702 1505 889 1576 masculinis,
915 1507 995 1562 illam
1008 1507 1094 1564 iemi-

49 1583 138 1652 ninis3
162 1581 217 1636 vel
230 1581 317 1634 illum
328 1581 453 1655 liquem,
466 1583 546 1638 illam
559 1601 630 1639 vero
643 1583 774 1641 ariditati
789 1589 942 1645 neminum.
985 1590 1026 1648 Et
1038 1589 1094 1647 hoe

48 1667 142 1740 utique
155 1672 259 1720 totum
273 1663 403 1719 refertur
417 1663 621 1738 admondum,
651 1665 681 1722 id
694 1677 755 1738 eat,
781 1669 818 1725 ad
830 1669 947 1745 Iovem,
961 1675 1013 1750 qui
1025 1693 1093 1749 pro-

49 1758 143 1821 pterea
157 1745 265 1802 dictus
281 1755 327 1803 ert
339 1745 517 1826 Progenitor
530 1749 734 1826 genitrixque,
760 1753 837 1828 quod
859 1758 957 1812 omnia
982 1759 1094 1814 nemina

49 1849 124 1886 exre
139 1832 315 1901 emitteret,
342 1839 374 1886 et
386 1831 418 1886 in
432 1849 464 1886 ae
476 1833 629 1906 reciperet.
674 1833 914 1914 Quandoquidem
928 1841 1016 1896 etiam
1029 1839 1093 1897 Ma-

48 1923 115 1969 trem
128 1931 279 1991 magnam
292 1912 416 1968 eandem
429 1911 565 1969 Cererem
578 1917 697 1986 volunt,
711 1934 797 1992 quam
810 1919 886 1976 nihil
898 1921 979 1979 aliud
992 1921 1094 1979 dieunt

47 2016 106 2052 esse
119 2015 217 2072 quam
230 2003 357 2067 terram,
383 2013 503 2072 eamque
515 1996 671 2072 perhibent
683 2008 713 2054 et
724 1997 877 2060 Iunonem.
920 2003 961 2060 Et
983 2005 1049 2061 ideo
1066 2007 1092 2060 ei

46 2079 190 2137 recondas
221 2096 327 2134 eauaaa
353 2078 490 2135 tribuunt
511 2099 622 2137 rerum:
651 2099 717 2136 eum
729 2091 829 2141 tamen
842 2085 906 2142 Iovi
919 2087 959 2141 ait
971 2085 1092 2156 dietum,

46 2161 226 2242 Progenitor
247 2162 438 2240 genitrixque
464 2161 563 2220 deium:
590 2165 659 2240 quia
673 2165 834 2223 seeundum
848 2187 897 2224 eor
912 2177 993 2225 tetur
1006 2187 1091 2225 mun·

45 2247 93 2304 dus
108 2249 177 2323 ipae
193 2254 242 2301 eet
255 2244 342 2301 Iovis.
387 2243 550 2304 Minervam
566 2243 680 2319 etiam,
708 2249 776 2324 quia
790 2267 853 2305 eam
866 2249 1002 2308 humanis
1018 2253 1091 2308 arti-

44 2329 93 2387 bur
116 2337 379 2407 praeposuerunt,
406 2347 462 2386 nee
479 2332 660 2388 invenerunt
671 2331 720 2387 vel
733 2333 847 2390 atellam
859 2334 910 2391 uhi
923 2355 987 2392 eam
999 2353 1091 2411 pone-

43 2424 122 2486 rent,
150 2411 285 2470 eandem
296 2413 345 2468 vel
358 2429 501 2469 summurn
516 2412 637 2470 aethera
649 2415 698 2470 rel
712 2416 801 2470 etium
813 2418 914 2473 lunam
928 2436 992 2473 erae
1006 2417 1090 2474 dixe-

44 2507 118 2554 runt.
164 2495 293 2552 Vestam
315 2513 432 2570 quoque
455 2497 550 2571 ipsam
563 2505 717 2571 propterea
733 2495 855 2554 dearum
868 2501 1024 2555 maximam
1037 2519 1091 2572 pu-

44 2589 204 2652 taverunt,
232 2577 313 2653 quod
326 2581 390 2654 ipsa
403 2579 443 2634 ait
454 2588 550 2650 terra3
574 2579 707 2652 quamrie
721 2579 822 2654 ignem
834 2579 938 2636 mundi
950 2582 1091 2637 leviorem

44 2667 91 2738 qui
103 2665 244 2740 pertinet
258 2659 295 2716 ad
307 2679 377 2717 uiue
390 2660 542 2717 hominum
554 2659 673 2730 iaeilea,
698 2677 758 2716 von
771 2661 977 2718 violentiorem
998 2663 1091 2738 qualia

43 2745 167 2804 Vulcani
195 2754 262 2816 eat,
289 2745 317 2800 ei
344 2740 542 2818 deputandum
568 2761 634 2799 eree
661 2741 859 2800 erediderunt.
902 2744 944 2801 Ae
966 2763 1018 2820 per
1036 2743 1089 2800 hoe

45 2850 144 2886 omnen
159 2831 240 2885 istor
256 2829 381 2884 seleetor
395 2825 463 2885 deos
476 2826 554 2884 hune
568 2843 634 2882 eree
644 2824 785 2884 mundum
795 2829 915 2898 volunt,
927 2829 959 2884 in
970 2827 1075 2904 quihue
1090 2863 1092 2870 ‹

45 2913 109 2969 dam
120 2923 227 2990 parter
243 2913 322 2968 eius:
349 2913 520 2968 univerrum
534 2912 611 2968 sieut
623 2907 740 2982 Iovem3
766 2919 865 2984 parter
881 2913 960 2984 eiua,
983 2921 1017 2968 ut
1031 2910 1090 2968 Ge·

45 2999 143 3069 nium,
170 3005 208 3052 ut
229 2993 356 3053 Matrem
381 3013 533 3073 magnam,
560 3003 594 3051 ut
606 2992 706 3052 Solem
721 3004 752 3050 et
764 2993 892 3069 hunam,
918 2997 967 3072 pel
993 2996 1090 3071 potius

44 3079 217 3155 Apollinem
230 3087 261 3134 et
273 3077 410 3135 Dianam.
452 3077 492 3135 Et
504 3077 661 3154 aliquando
676 3095 769 3134 unum
792 3077 879 3136 deum
904 3097 953 3136 rer
978 3081 1091 3154 plureo,
1155 3115 1162 3126 ι

44 3161 209 3240 aliquando
222 3179 314 3218 unam
325 3179 389 3218 rem
403 3160 473 3216 deor
495 3163 596 3235 plures
610 3161 734 3218 iaciunt.
777 3161 853 3218 Nam
865 3181 942 3220 unua
957 3161 1028 3218 deuo
1043 3180 1090 3217 rea

43 3249 144 3320 plures
159 3254 252 3315 runt,
279 3245 358 3300 eieut
369 3245 433 3318 ipre
445 3243 571 3318 Iupiter:
600 3253 629 3300 et
641 3243 769 3301 mundus
783 3245 863 3301 enim
874 3254 955 3301 totus
969 3245 1091 3317 Iupiter,

44 3339 72 3384 et
86 3331 189 3386 oolum
211 3329 326 3384 eoelum
339 3325 467 3402 Iupiter,
493 3335 523 3382 et
536 3329 599 3384 oola
612 3329 696 3383 stella
709 3325 822 3401 Iupiter
835 3327 960 3384 hahetur
973 3336 1004 3382 et
1017 3325 1090 3380 ‹liei-

44 3423 101 3468 tur.
130 3412 270 3486 Itemque
283 3408 357 3466 Iuno
372 3409 567 3466 aeoundarum
580 3427 734 3467 eauaarum
747 3409 880 3481 domina,
901 3419 930 3465 et
942 3408 1016 3464 Iuno
1030 3411 1091 3476 air,

44 3505 71 3550 et
84 3495 164 3552 Iuno
179 3503 277 3564 terra,
300 3502 331 3549 et
344 3495 370 3550 ei
382 3491 529 3549 Venerem
540 3495 690 3563 moueret,
714 3491 788 3570 Iuno
802 3490 904 3558 Stella.
947 3489 1092 3546 Similiter

43 3578 187 3640 illnerva
209 3595 341 3632 numurus
363 3574 480 3647 aether,
507 3584 537 3631 et
551 3576 685 3634 Minerua
698 3573 800 3630 itidem
813 3575 899 3643 luna,
927 3588 1013 3646 quam
1027 3587 1092 3626 erae

42 3663 74 3717 in
90 3659 227 3718 aetheris
242 3658 343 3716 infimo
356 3660 450 3716 limite
464 3659 643 3716 existimant.
675 3655 769 3713 Vnam
781 3671 854 3712 vero
868 3673 930 3710 reru
943 3653 1015 3712 deos
1028 3654 1091 3727 piu-

44 3763 94 3800 τοι
110 3744 241 3800 iaciunt.
283 3741 325 3800 Et
337 3741 428 3800 lanua
443 3751 489 3798 eet
500 3741 646 3812 mundun,
667 3749 697 3796 et
709 3739 834 3814 Iupiter:
861 3738 905 3794 eie
920 3745 950 3794 et
960 3734 1036 3794 Iuno
1050 3744 1094 3794 ert

43 3837 146 3899 terra,
175 3835 206 3882 et
219 3825 315 3884 Mater
328 3842 454 3904 magna,
481 3835 511 3880 et
524 3823 622 3882 Cerea.
