2586 4396
226 227 267 283 94
456 211 552 273 Dll'l
579 209 762 268 AVREbll
783 205 1032 268 AVGVSTlNl

228 376 283 431 bus
297 380 363 428 ante
376 369 544 443 eommunis.
578 363 637 422 sed
649 363 870 442 intelligendum
883 370 943 434 est,
968 363 1062 436 ipsum
1073 357 1173 419 Heber
1184 381 1248 438 pro-

228 467 327 532 pterea
346 453 404 510 tale
422 469 527 508 nomen
545 450 719 524 imposuisse
736 447 797 503 illio
813 465 883 518 sue,
905 455 940 527 ut
951 455 1105 503 vocaretur
1118 445 1250 520 Pbaleeb,

228 539 304 616 quod
316 541 523 612 interpretatur
536 531 659 604 divisio,
683 534 750 608 quis
760 541 831 588 tune
845 533 872 586 ei
886 537 973 588 natus
987 538 1047 602 est,
1072 529 1183 606 quande
1196 551 1250 606 per

226 626 342 702 linguas
354 631 433 677 terra
444 620 537 676 divisa
549 627 610 690 est,
636 615 666 672 id
683 626 742 689 est,
767 619 828 692 lpse
841 625 987 690 tempore,
1008 622 1042 670 ut
1052 611 1108 670 hoe
1121 615 1157 670 sit
1169 614 1249 689 quod

227 709 334 764 dictum
348 714 406 761 est:
421 700 456 760 In
469 703 568 760 diebus
582 703 644 759 es‘us
655 701 753 759 ds'oa'su
766 710 811 758 est
825 709 919 757 terra.
932 697 1006 755 Nam
1017 700 1074 755 nisi
1088 696 1178 754 adbuc
1188 698 1249 754 lle-

227 792 278 848 ber
290 791 413 860 vireret,
425 786 539 862 quaudo
551 788 719 864 linguarum
732 785 808 842 faeta
821 792 866 840 est
878 775 1045 856 multitudo,
1068 799 1127 839 non
1140 799 1177 839 ex
1190 786 1248 839 eins

227 875 345 932 nominc
358 889 463 928 nomen
476 871 619 946 acciperet
632 871 749 948 lingua,
767 885 841 945 quae
854 867 928 943 apud
941 869 1021 924 illurn
1033 869 1128 944 potuit
1138 883 1248 942 perma-

229 975 309 1014 nere.
342 955 382 1012 Et
399 954 462 1012 ideo
484 947 627 1010 credenda
645 961 706 1025 est,
730 955 793 1030 ipsa
806 953 895 1008 fuisse
907 953 1000 1026 prima
1013 953 1064 1008 illa
1078 951 1249 1008 communis:

229 1041 366 1116 quoniam
373 1037 408 1094 de
415 1053 509 1112 poena
516 1039 597 1095 venit
608 1039 658 1094 illa
667 1035 868 1112 multiplicatio
880 1035 1059 1112 mutatioque
1073 1037 1249 1114 linguarum:

228 1125 365 1198 etutique
373 1132 489 1198 praeter
497 1119 572 1179 bane
584 1139 706 1198 poenam
720 1139 782 1177 esse
795 1119 894 1177 debuit
907 1121 1028 1196 populus
1039 1119 1102 1177 Dei.
1115 1119 1173 1176 Nee
1184 1118 1250 1174 fru-

229 1217 290 1264 stra
303 1208 404 1286 lingua
416 1205 487 1262 brec
498 1216 543 1262 est
554 1202 706 1284 [linguam
719 1206 805 1270 istam
813 1201 867 1260 hoe
879 1199 947 1279 estJ,
961 1219 1048 1280 quem
1061 1205 1151 1260 tenuit
1157 1201 1251 1258 Abra-

228 1289 310 1363 bam,
333 1283 388 1348 ne'e
408 1292 439 1347 iu
458 1306 556 1347 omnes
575 1290 650 1347 lilios
670 1305 736 1346 suos
750 1289 947 1345 transmittere
958 1289 1074 1362 potuit,
1097 1287 1191 1344 sedin
1204 1303 1252 1342 eos

228 1385 343 1432 tantum
356 1376 406 1452 qui
418 1375 574 1454 propagati
586 1389 637 1450 per
650 1372 751 1446 laceb,
778 1382 808 1429 et
819 1373 966 1450 insignius
980 1385 1067 1448 atque
1080 1372 1253 1428 eminentius

229 1461 261 1516 iu
272 1458 329 1516 Dei
341 1461 477 1534 populum
490 1461 701 1530 coalescentes,
719 1456 774 1514 Dei
788 1463 961 1512 testamenta
974 1459 1004 1512 et
1017 1457 1136 1531 stirpem
1148 1453 1254 1513 Christi

229 1541 334 1598 habere
347 1549 515 1616 potuerunt.
547 1538 609 1598 Nee
622 1540 721 1597 Hebes
738 1542 800 1615 ipse
814 1537 934 1595 eandem
946 1540 1078 1618 linguam
1091 1542 1123 1595 ln
1136 1541 1253 1596 unirer-

230 1643 291 1680 sam
309 1626 479 1702 progeniem
497 1641 578 1681 suam
595 1622 719 1697 refudit3
739 1623 834 1679 sedin
850 1629 1049 1695 cunctantem,
1069 1624 1152 1680 euius
1166 1641 1253 1702 geue-

229 1708 358 1764 rationes
371 1706 568 1783 perducuntur
581 1706 616 1762 ad
629 1706 780 1763 Abrabam.
804 1708 984 1782 Quapropter
996 1708 1108 1763 etiamsi
1122 1723 1183 1763 nen
1197 1708 1253 1762 esi·

231 1790 333 1846 deuter
355 1808 524 1864 expressum
548 1799 606 1861 est,
630 1789 722 1846 fuisse
745 1789 861 1866 aliquod
881 1793 961 1866 pium
982 1809 1075 1868 genus
1097 1789 1253 1860 hominurn,

230 1870 346 1948 quaudo
359 1873 392 1928 ab
408 1874 503 1948 impiis
516 1871 676 1949 Babylonia
689 1871 878 1931 condebaturr
894 1889 952 1930 neu
966 1874 1002 1930 ad
1015 1872 1070 1929 boc
1083 1876 1177 1931 raluit
1188 1872 1254 1930 baec

230 1955 400 2030 obscuritas,
414 1960 447 2012 ut
460 1957 627 2031 quaerentis
641 1955 834 2028 fraudaretur,
855 1955 906 2016 sed
917 1957 1014 2032 potius
1027 1967 1061 2013 ut
1073 1968 1255 2014 exerceretur

230 2040 364 2096 intentio.
395 2042 489 2108 Quum
507 2042 585 2097 cuim
605 2042 727 2120 legitur,
754 2060 840 2097 unam
858 2041 950 2108 fuisse
971 2043 1102 2120 linguam
1123 2043 1254 2118 primitus

231 2125 373 2196 omnium,
395 2135 425 2182 et
437 2133 619 2181 autecmnes
632 2125 708 2181 lilios
722 2122 792 2182 Sem
807 2125 1022 2182 commendatur
1035 2123 1145 2198 lleber,
1158 2141 1254 2201 quam-

229 2211 275 2264 vls
292 2207 327 2264 ab
344 2209 394 2266 illo
414 2209 531 2284 quintus
551 2210 676 2282 oriatur3
703 2219 732 2265 et
745 2208 879 2266 Hebraea
895 2217 1016 2266 vocatur
1028 2210 1150 2288 lingua,
1175 2223 1255 2284 quan

230 2287 460 2348 Patriarelrarum
475 2301 507 2347 et
518 2291 743 2366 Prophetarum,
767 2311 827 2349 non
840 2294 933 2350 sulum
945 2294 976 2349 in
991 2293 1174 2349 sermonibus
1187 2293 1254 2362 suis,

230 2377 439 2432 verumetiam
463 2375 495 2430 in
514 2375 608 2430 literis
633 2377 723 2432 sacris
747 2375 905 2433 custodivit
926 2378 1099 2432 auctoritas:
1126 2376 1254 2452 proiecto

230 2473 318 2534 quum
329 2460 481 2534 ¹quaeritur
494 2459 526 2515 in
540 2457 683 2516 divisione
695 2461 871 2538 linguarum,
885 2460 934 2517 ubi
948 2462 1048 2539 lingua
1060 2461 1110 2516 illa
1124 2477 1254 2516 remane-

229 2558 262 2598 re
274 2545 410 2616 patuerit,
425 2559 499 2620 quae
511 2541 647 2600 scitante
660 2546 835 2617 eommunis3
856 2561 941 2620 quae,
955 2545 1018 2600 sine
1030 2545 1090 2600 ulla
1103 2544 1255 2600 dubitatio-

228 2643 277 2698 ne,
291 2626 342 2682 ubi
353 2628 511 2701 remansit,
535 2645 596 2684 non
609 2628 650 2684 ibi
662 2627 719 2684 luit
731 2629 782 2684 illa
793 2645 903 2704 poena,
931 2645 1004 2704 quae
1017 2627 1094 2685 laeta
1105 2638 1152 2685 eat
1162 2639 1256 2685 muta-

228 2710 310 2765 tione
322 2711 503 2790 linguarum3
530 2711 598 2786 quid
612 2712 689 2768 aliud
702 2714 845 2786 occurrit,
867 2713 925 2767 nisi
939 2711 1014 2788 qued
1027 2713 1058 2768 in
1070 2710 1155 2770 buius
1169 2721 1257 2790 gente

228 2797 412 2864 remanserit,
426 2813 444 2850 a
457 2797 539 2851 cuius
550 2797 668 2851 nomine
678 2811 784 2852 nomen
796 2796 923 2870 aceeplt;
937 2805 966 2852 et
975 2793 1030 2852 lme
1041 2797 1170 2854 iustitiae
1183 2815 1257 2873 geu-

227 2877 267 2931 tis
286 2873 372 2932 buius
389 2893 450 2932 uon
469 2895 591 2951 parrum
610 2880 778 2952 apparuisse
794 2881 967 2957 vestigium,
993 2880 1071 2955 qued
1084 2897 1168 2956 quum
1180 2881 1258 2934 aliae

227 2967 332 3035 gentes
343 2961 540 3033 plecterentur
551 2962 713 3018 mutatione
725 2963 908 3042 linguarum,
934 2963 969 3020 ad
982 2965 1068 3022 istam
1083 2981 1138 3020 neu
1149 2979 1257 3036 perve-

227 3042 273 3096 nit
285 3043 343 3096 tale
355 3039 545 3116 supplicium?

289 3121 347 3181 Sed
359 3123 454 3181 adbuc
466 3125 537 3183 illud
550 3136 659 3200 moret,
678 3130 822 3205 quomodo
833 3139 996 3208 paldmunt
1007 3133 1142 3210 singulas
1151 3139 1257 3209 gentes

227 3206 326 3264 faeere
339 3207 438 3266 Hebes
451 3221 481 3267 et
493 3211 569 3268 filius
583 3213 645 3268 eius
658 3211 794 3284 Phaleclr,
808 3216 835 3270 si
845 3230 873 3282 ur
887 3215 1015 3294 allngua
1022 3217 1185 3290 permansit
1198 3231 1258 3269 asu-

227 3287 337 3348 bobusl
363 3292 404 3349 Et
417 3305 496 3352 certe
509 3313 567 3352 una
581 3306 626 3352 est
638 3295 773 3355 Hebraea
786 3313 861 3377 gcus
873 3315 910 3355 ex
923 3298 1022 3356 llcber
1033 3309 1196 3376 propagata
1209 3315 1258 3352 us-

227 3393 283 3452 que
297 3376 333 3433 ad
345 3375 499 3452 Abraham,
514 3389 544 3436 ct
555 3398 607 3456 per
622 3397 687 3437 eum
701 3382 852 3457 deinceps,
866 3382 959 3439 donee
970 3398 1095 3460 magnus
1108 3382 1196 3438 fieret
1207 3399 1259 3454 po-

225 3462 311 3536 pulus
324 3461 423 3518 lsrael.
450 3463 600 3530 Quomodo
611 3466 703 3542 igitur
715 3483 815 3521 onmes
829 3465 883 3522 lilii
896 3468 948 3542 qui
960 3467 1177 3522 commemorati
1190 3473 1260 3521 suut

226 3546 316 3603 trium
329 3544 457 3602 filiorum
471 3546 544 3620 Noe,
558 3547 691 3604 iecerunt
703 3549 833 3628 singulas
847 3558 969 3628 gentes,
989 3551 1014 3605 si
1027 3549 1127 3606 Heber
1138 3559 1170 3606 et
1183 3547 1259 3605 Pha-

225 3628 290 3684 leeh
303 3631 432 3708 singulas
446 3649 506 3686 nou
520 3626 669 3687 feceruntl
683 3629 827 3689 Nimirum
837 3632 909 3689 illud
920 3642 964 3689 est
976 3633 1165 3707 probabilius,
1182 3630 1261 3709 quod

227 3712 313 3786 gigas
325 3713 375 3766 ille
388 3711 518 3769 Nebrotb
531 3711 635 3770 iecerit
648 3715 735 3770 etiam
748 3718 810 3792 ipse
823 3726 942 3795 gentem
955 3729 1051 3786 sumu,
1077 3718 1129 3773 sed
1141 3727 1262 3792 prepter

229 3793 431 3850 excellentiam
443 3793 649 3855 deminutionis
664 3805 693 3851 et
712 3797 841 3874 corporis
859 3817 990 3856 morsum
1008 3801 1187 3856 eminentius
1206 3815 1260 3854 uo-

229 3874 355 3930 minatus
369 3883 428 3943 est,
455 3887 488 3934 ut
497 3890 613 3937 maneat
628 3896 765 3939 numerus
784 3885 968 3962 septuaginta
988 3883 1108 3942 duarum
1121 3883 1259 3961 gentium
