2590 4396
258 193 322 250 DE
345 188 563 248 ClVl'l'A'l'E
590 190 667 248 DEl
697 191 776 248 LlB.
800 192 858 250 lll.
1047 194 1086 250 93

49 371 96 409 nec
110 350 213 418 leno,
229 363 287 401 nee
301 342 420 421 ignibus
434 342 628 416 corrupisset3
641 341 693 399 sed
707 351 805 398 tamen
819 342 845 398 si
856 359 909 416 pro
921 341 978 398 fide
987 340 1085 400 Evan-

48 437 136 513 gclica
164 428 322 486 excidium
346 433 513 500 pateretur,
540 441 574 480 ea
588 443 639 500 spe
663 433 814 499 pateretur
827 441 883 500 qus
896 425 928 480 in
941 423 1087 482 Christum

49 515 232 584 crediderat,
261 528 323 566 non
337 506 474 564 mercede
486 507 652 564 brevissimi
664 508 819 582 temporis,
839 506 892 562 sed
905 509 1087 564 aeternitatis

48 599 237 658 interminae.
252 591 313 648 Pro
326 591 393 654 istis
407 599 505 646 autem
515 589 582 661 diis,
596 591 646 665 qui
657 598 812 665 propterea
823 591 880 648 coli
888 587 1088 664 perhibentur,

47 687 90 760 qui
102 689 269 758 propterea
293 673 410 732 colendi
431 673 636 748 requiruntur,
667 680 699 728 ut
712 671 816 728 barum
830 671 990 728 labentium
1003 681 1089 746 atque

45 765 268 823 transeuntium
282 775 382 814 rerum
395 756 522 812 felicitas
535 764 601 812 tuta
614 756 669 828 sit,
696 755 861 830 quidnobis
875 754 1047 810 defensores
1061 763 1091 810 et

46 857 239 905 excusatores
268 859 373 898 eornm
395 839 432 894 de
445 837 620 916 Saguntinis
644 837 833 914 pereuntibus
859 837 1090 912 respondebunt,

45 936 97 990 nisi
110 929 191 1008 qnod
208 927 247 984 de
261 928 314 982 illo
327 922 444 1000 Regulo
459 917 629 978 exstinctoi
656 919 721 978 Hoc
735 923 840 997 qnippe
853 922 994 994 interest,
1013 919 1090 996 quod

45 1019 179 1072 illeunus
194 1011 306 1080 homo,
334 1005 408 1062 haec
428 1013 490 1084 tpta
503 1006 622 1075 civitas,
648 1005 801 1080 utriusque
827 1014 926 1061 tamen
951 1004 1088 1060 interitus

46 1119 125 1156 causa
150 1093 352 1154 conservatio
376 1087 446 1144 fidei
468 1088 531 1144 fnit.
574 1087 699 1163 Propter
716 1085 792 1144 hanc
806 1089 885 1144 enim
898 1085 935 1143 ad
946 1085 1045 1144 hostes
1060 1095 1090 1142 et

45 1185 134 1240 redire
147 1183 200 1236 ille
215 1176 334 1246 voluit,
358 1181 389 1228 et
402 1173 498 1228 noluit
509 1171 567 1227 ista
579 1173 717 1227 transire.
744 1165 927 1227 conservata
939 1187 1011 1247 ergo
1021 1187 1089 1244 pro·

45 1277 123 1323 vocat
146 1263 278 1320 deorum
298 1259 377 1314 iram
396 1250 553 1394 fideslffir
567 1263 692 1328 possunt
705 1262 735 1309 et
748 1253 803 1308 diis
816 1253 968 1327 propitiis,
993 1252 1090 1326 perire

46 1370 98 1406 non
120 1350 221 1406 solum
248 1343 366 1419 quique
393 1337 491 1394 homin
532 1379 541 1409 ,
569 1355 672 1393 verum
685 1338 774 1392 etiam
787 1337 923 1412 integrae
936 1329 1090 1390 civitates?

48 1433 141 1489 Vtrum
166 1431 299 1497 volunt,
329 1425 452 1500 eligant.
497 1419 531 1478 Si
545 1421 625 1476 enim
637 1418 854 1475 fideiservatae
867 1418 1036 1474 irascuntur
1049 1416 1092 1471 illi

49 1517 100 1588 dii,
124 1519 272 1590 quaerant
287 1505 421 1582 perfidos
435 1523 454 1562 a
467 1505 571 1580 quibus
586 1505 730 1560 colantur.
774 1499 809 1558 Si
821 1509 919 1557 autem
932 1501 1020 1555 etiam
1033 1500 1091 1554 illis
1150 1497 1152 1502 '

48 1600 171 1674 propitiis
182 1595 297 1654 multis
311 1588 514 1670 gravibusque
528 1587 705 1644 eruciatibus
719 1583 835 1656 afflicti,
860 1584 985 1640 interire
997 1581 1091 1639 homi-

48 1702 94 1739 nes
107 1684 312 1754 civitatesque
325 1680 465 1750 possunt,
478 1673 558 1728 nullo
569 1671 668 1727 fructu
679 1669 830 1726 felicitatis
843 1666 930 1724 huius
944 1667 1091 1724 coluntur.

47 1766 184 1823 Desinant
197 1765 302 1842 igitur
316 1773 507 1827 succensere,
526 1755 576 1831 qui
589 1754 680 1810 sacris
694 1753 815 1809 deorum
836 1768 958 1808 suorum
969 1749 1092 1826 perditis

47 1870 72 1906 se
84 1850 220 1906 infelices
233 1845 338 1901 factos
354 1857 422 1896 esse
446 1847 559 1914 putant.
603 1837 731 1894 Possent
743 1836 821 1892 enirn
834 1835 893 1890 illis
911 1851 972 1890 non
997 1831 1092 1888 solum

47 1934 245 2001 manentibus,
274 1923 488 1985 verumetiam
513 1919 697 1992 faventibus,
722 1937 783 1976 non
798 1916 973 1976 sicutmodo
988 1915 1024 1972 de
1037 1916 1092 1970 mi-

49 2020 116 2073 seria
138 2027 352 2080 murmurare,
380 2004 434 2062 sed
447 2006 524 2062 sicut
537 2014 608 2062 tunc
622 2003 755 2082 Regulus
768 2011 798 2058 et
811 1999 973 2078 Saguntini
986 2013 1093 2054 excru-

49 2103 110 2156 ciati
122 2096 316 2156 horribiliter
336 2091 427 2146 etiam
439 2090 556 2164 penitus
570 2089 702 2144 interire.

438 2205 559 2264 CAP.
604 2203 716 2261 XXl.

51 2296 130 2360 Quum
149 2297 272 2364 ingrata
284 2289 386 2372 suerit
397 2287 520 2370 Romana
536 2287 632 2339 civitas
645 2283 766 2353 Scipioni
784 2279 927 2336 liberatori
946 2295 1009 2342 auo,
1029 2277 1095 2332 stin

107 2366 206 2434 quibus
217 2363 340 2415 moribus
348 2366 455 2429 egerat,
465 2357 644 2480 qaadqdprqqinp
651 2353 798 2407 Sallustius
809 2349 1033 2422 optimomfisim

108 2523 203 2579 Porro
217 2523 300 2578 inter
313 2516 476 2576 secundum
491 2526 520 2573 et
530 2524 710 2592 postremum
719 2513 828 2568 bellum
838 2507 1095 2584 Carthaginiense,

54 2606 164 2682 quando
177 2605 342 2663 Sallustius
356 2602 473 2676 optimis
487 2598 617 2656 moribus
632 2605 661 2652 et
683 2595 811 2650 maxima
837 2589 995 2646 concordia
1021 2586 1097 2642 dixit

55 2693 151 2766 egisse
162 2689 315 2746 Romanos
329 2686 431 2758 (multu
445 2685 524 2741 enim
535 2688 708 2756 praetereo,
728 2673 857 2746 suscepti
870 2671 967 2746 operis
980 2666 1096 2724 modurn

55 2769 219 2850 cogitans),
240 2773 346 2830 eodem
364 2787 436 2846 ergo
449 2769 513 2843 ipso
526 2773 658 2838 tempore
675 2775 790 2816 morum
803 2756 978 2830 optimorum
1001 2751 1096 2807 maxi-

54 2874 175 2932 maeque
204 2855 398 2924 concordiae,
424 2849 524 2925 Scipio
551 2849 602 2904 ille
626 2845 738 2903 Romae
763 2838 923 2914 Italiaeque
943 2837 1094 2907 liberator,

54 2939 327 3016 eiusdemquejrelli
340 2936 448 2993 Punici
460 2931 582 2992 secundi
608 2941 668 2987 tarn
692 2921 849 2995 horrendi,
875 2931 936 2979 tam
962 2921 1094 2990 exitiosi,

52 3037 109 3082 tarn
123 3025 287 3101 periculosi
299 3021 468 3098 praeclarus
481 3016 681 3089 mirabilisque
707 3008 874 3079 confector,
900 3007 997 3063 victor
1009 3001 1094 3060 Han-

52 3111 158 3166 nibalis
174 3107 361 3180 domitorque
374 3101 584 3180 Carthaginis,
610 3098 692 3154 cuins
706 3094 741 3150 ab
756 3091 956 3148 adolescentia
968 3090 1030 3145 vita
1043 3085 1094 3142 de-

53 3195 194 3249 scribitur
209 3191 266 3246 diia
280 3189 380 3246 dedita
393 3187 565 3260 templisque
579 3183 706 3249 nutrita,
728 3175 918 3233 inimicorum
929 3171 1094 3228 accusatio-

53 3279 139 3333 nibus
153 3276 265 3345 cessit,
292 3287 455 3345 carensque
469 3269 577 3344 patria,
601 3282 687 3340 qnam
701 3279 754 3318 sua
766 3261 878 3316 virtute
891 3258 1001 3313 salvam
1017 3263 1046 3310 et
1058 3255 1094 3308 li-

54 3362 150 3417 beram
164 3357 312 3428 reddidit,
326 3357 358 3411 in
372 3352 476 3428 oppido
491 3348 682 3408 Linternensi
695 3342 912 3423 egit-reliquam
925 3337 1095 3412 complevit-

54 3463 106 3520 que
132 3446 248 3512 vitam,
275 3447 343 3516 post
368 3437 517 3513 insignem
539 3450 625 3488 snum
637 3425 814 3502 triumphum
829 3425 909 3481 nullo
922 3421 1002 3476 illius
1016 3415 1096 3472 urbis

54 3539 152 3604 captus
167 3525 338 3592 desiderio,
352 3523 395 3576 ita
408 3528 442 3574 ut
455 3518 576 3574 iussisse
588 3511 792 3590 perhibeatur,
817 3526 855 3564 ne
866 3507 970 3562 saltem
981 3506 1096 3554 mortam

54 3614 82 3667 in
96 3615 218 3692 ingrata
230 3607 331 3685 patria
345 3603 435 3660 funus
448 3601 542 3657 fieret.
569 3596 685 3654 Deinde
698 3603 770 3650 tnnc
784 3592 909 3664 primum
924 3601 977 3657 per
986 3579 1098 3637 Cneum

55 3695 195 3754 Manlium
217 3688 432 3770 proconsulem
454 3685 492 3741 de
516 3678 718 3758 Gallograecis
743 3669 987 3744 triumphantem,
1014 3663 1099 3720 Asia-

56 3781 108 3836 tica
122 3780 247 3836 luxuria
261 3774 389 3832 Romam
402 3769 481 3824 omni
493 3766 579 3842 hoste
591 3765 675 3838 peior
687 3757 815 3830 irrepsit.
849 3749 935 3806 Tunc
949 3749 1027 3804 enim
1039 3747 1100 3823 pri-

59 3881 129 3922 mum
141 3865 214 3922 lecti
229 3859 345 3928 aerati,
374 3862 403 3908 et
415 3853 543 3926 pretiosa
557 3845 689 3922 stragula
710 3841 775 3896 visa
802 3832 1004 3912 perhibentur:
1030 3839 1101 3886 tunc
