2586 4396
134 290 137 296 ¹
247 203 306 261 DE
330 205 549 266 ctvl‘rnr'u
572 209 651 268 DEI
680 211 762 268 LIB.
784 213 844 272 XV
1019 224 1058 279 63

392 355 513 414 ΟΑΡ.
555 357 711 419 xvltt.

34 455 110 520 Quid
127 451 313 522 significatum
331 452 411 506 sitin
426 453 502 519 Abel,
522 463 549 508 et
564 454 638 520 Seth,
658 467 685 509 et
698 458 782 525 Enoc,
802 462 872 529 qood
884 469 1062 532 apportata

164 520 305 574 Christum
315 531 341 574 et
351 539 446 591 corpus
456 525 522 591 eius,
531 525 618 590 idest,
633 527 780 582 Ecclesiam
786 531 934 598 pertinere.

97 612 139 670 Et
151 611 240 684 Seth,
262 613 369 688 inquit,
386 625 476 672 notus
490 625 537 674 est
548 615 651 688 filias,
670 629 700 675 et
712 623 873 678 nominavit
885 641 985 681 nomen
998 625 1073 681 eins-

29 699 132 756 Enos:
145 695 192 752 bic
204 698 340 775 speravit
353 697 490 758 invocare
501 717 600 758 nomen
613 699 732 758 Domini
743 701 811 760 Dei.
835 703 944 780 Nempe
958 708 1062 764 clamat

31 781 182 839 attestatio
197 782 341 838 veritatis.
376 780 411 838 in
424 799 475 856 spe
492 784 584 861 igitur
595 785 670 841 sivit
681 783 767 842 homo
780 786 858 842 filius
869 791 1060 846 resurrectio·

32 868 97 924 nis:
123 865 155 920 in
167 882 217 940 spe
228 865 317 936 vivit,
341 863 476 940 quamdiu
488 869 692 945 peregrinatur
709 867 757 926 hic
770 869 881 928 Civitas
894 871 966 944 Dei,
988 891 1061 948 quse
1136 933 1139 942 ,

32 949 169 1029 gignitur
181 966 220 1004 ex
233 947 290 1004 fide
303 950 526 1006 resurrectionis
541 949 658 1008 Christi.
682 951 730 1010 Ex
743 953 853 1011 duobus
867 973 990 1031 namque
1003 957 1061 1012 illis

31 1031 211 1104 hominibut,
224 1031 306 1102 Abel,
320 1031 395 1107 quod
409 1034 617 1110 interpretatur
630 1037 740 1108 luctus,
759 1040 864 1094 eteius
877 1037 967 1095 fratre
978 1037 1061 1110 Seth,

32 1116 108 1194 quod
117 1117 519 1190 interpretaturresurreotio,
525 1136 604 1174 mor
611 1117 719 1176 Christi
726 1121 822 1177 etvita
830 1124 891 1178 eius
897 1140 934 1177 ex
940 1125 1062 1180 mortuis

31 1199 256 1278 praefiguratur.
290 1198 340 1256 Ex
352 1217 408 1275 qua
420 1199 477 1256 fide
490 1201 624 1278 gignitur
635 1200 682 1258 hio
696 1202 805 1260 Civitas
818 1204 886 1276 Dei,
898 1206 929 1261 id
942 1216 997 1277 est,
1009 1205 1062 1263 bo·

33 1304 98 1356 mo,
120 1285 172 1358 qui
184 1284 313 1357 speravit
324 1284 461 1341 invocare
473 1302 581 1340 nomen
593 1283 713 1342 Domini
725 1285 800 1359 Dei,
826 1285 885 1364 Spe
898 1291 973 1345 enim
986 1289 1064 1346 salci

30 1369 118 1442 fecti
131 1383 242 1436 sensns,
261 1369 302 1425 ait
313 1367 476 1442 Apostolus.
503 1365 578 1445 Spes
592 1379 690 1426 antem
707 1389 781 1446 pose
792 1372 924 1442 videtur,
947 1389 1005 1429 non
1019 1381 1063 1428 est

34 1468 114 1529 spes.
143 1448 228 1519 Quod
239 1453 314 1508 enini
326 1451 407 1508 videt
419 1452 501 1526 qais,
520 1452 591 1528 qnid
608 1451 731 1528 sperati
756 1451 792 1511 Si
803 1463 901 1510 cotem
920 1455 996 1532 qnod
1007 1471 1063 1512 non

33 1536 176 1604 videmus,
188 1551 351 1612 speramns,
357 1551 418 1611 per
424 1534 607 1611 patientiam
621 1546 832 1614 exspectamus.
846 1536 920 1594 Nam
933 1539 997 1613 quis
1010 1555 1062 1594 vo-

35 1637 102 1674 care
119 1616 176 1674 hoc
195 1619 343 1674 existimet
362 1617 397 1674 ab
415 1616 569 1695 altitudine
588 1616 780 1676 sacramentit
823 1619 968 1696 Numquid
987 1623 1064 1678 enim

34 1702 108 1758 Abel
120 1719 181 1758 non
194 1703 323 1776 speravit
340 1702 480 1758 invocare
498 1720 605 1758 nomen
617 1701 737 1760 Domini
752 1703 826 1776 Dei,
851 1706 932 1762 cuius
951 1704 1064 1762 sacrifi·

35 1787 112 1841 cium
124 1783 276 1860 Scriptura
288 1793 347 1842 tam
359 1793 508 1859 acceptum
520 1784 585 1842 Deo
602 1785 692 1842 fuisse
709 1785 930 1846 commemorati
972 1787 1063 1846 Num·
1102 1823 1104 1834 »

34 1869 104 1945 quid
123 1870 185 1944 ipse
203 1865 275 1925 Seth
293 1886 353 1925 non
371 1870 498 1942 speravit
518 1871 655 1928 invocare
672 1890 779 1928 nomen
797 1870 916 1930 Domini
933 1872 1005 1943 Dei,
1030 1871 1065 1928 de

35 1973 89 2028 quo
107 1953 221 2008 dictum
241 1961 300 2008 est:
326 1949 491 2010 Suscitavit
509 1956 583 2010 enim
604 1953 676 2011 mibi
691 1953 774 2012 Deus
791 1973 887 2013 censen
905 1957 990 2014 oiisd
1004 1973 1064 2033 pro
1134 1981 1138 1990 ·

34 2036 113 2094 Adel.
132 2035 192 2092 Cur
205 2053 278 2114 ergo
290 2033 357 2091 huic
369 2036 486 2109 proprie
499 2036 649 2108 tribuitur,
663 2039 740 2112 quod
751 2040 865 2112 piorum
878 2041 1005 2096 omnium
1017 2040 1064 2094 in·

34 2122 179 2198 telligitur
192 2137 258 2176 esse
271 2137 439 2190 commune,
461 2120 519 2174 nisi
531 2122 598 2193 quia
612 2120 763 2192 oportebat
776 2123 808 2176 in
821 2139 856 2176 eo
871 2122 920 2196 qui
933 2121 969 2176 de
982 2119 1081 2194 patre'

34 2205 259 2282 generationum
278 2205 311 2260 in
329 2203 479 2260 meliorem
494 2211 616 2276 partem,
637 2201 693 2258 boc
707 2212 762 2274 est,
776 2221 918 2280 supernae
931 2202 1064 2260 Civitatis

35 2298 251 2364 separatarum,
273 2288 383 2361 primus
396 2296 636 2342 commemoratur
648 2296 786 2359 exortus,
809 2286 999 2366 praefigurari
1012 2285 1064 2344 ho·

35 2373 154 2442 minem,
167 2371 198 2427 id
211 2380 267 2440 est,
279 2368 428 2425 hominum
442 2371 623 2440 societatem,
644 2388 716 2444 quae
731 2389 791 2429 non
804 2373 961 2428 secundum
973 2371 1064 2428 bomi-

36 2475 102 2512 nem
115 2457 148 2511 in
162 2473 197 2510 re
210 2453 357 2508 felicitatis
371 2461 520 2522 terrenae,
539 2451 591 2508 sed
605 2452 763 2509 secundum
776 2453 872 2510 Deum
884 2457 958 2510 vivit
970 2457 1001 2509 in
1015 2473 1065 2528 spe

37 2540 188 2596 felicitatis
202 2531 359 2592 aeternaei
384 2533 447 2590 Neo
460 2534 636 2606 dictumest,
655 2533 713 2590 Hic
727 2538 854 2610 speravit
866 2538 897 2592 in
910 2535 1066 2592 Dominum

37 2622 147 2678 Deum:
161 2629 223 2691 aut,
237 2618 295 2676 Hic
308 2618 458 2676 invocavit
470 2635 575 2674 nomen
588 2616 708 2674 Domini
720 2616 791 2674 Dei:
812 2617 873 2688 uel,
889 2616 949 2673 Hic
962 2635 1066 2694 spero-

36 2708 98 2775 vit,
123 2706 233 2780 inquit,
256 2705 393 2760 invocare
412 2719 513 2758 nomen
527 2699 647 2757 Domini
660 2697 729 2758 Dei.
764 2700 839 2768 Quid
852 2701 909 2757 sibi
925 2699 979 2756 hoc
992 2703 1065 2774 vult,

37 2787 182 2866 Spes-ecit
193 2789 340 2857 invocare,
360 2786 419 2842 nisi
432 2785 499 2859 quia
510 2783 661 2860 prophetia
673 2793 728 2854 est,
742 2794 910 2840 exorturum
920 2786 1065 2860 populum,

38 2873 92 2946 qui
105 2871 259 2928 secundum
273 2870 445 2927 electionem
456 2871 569 2946 gratioe
579 2870 732 2925 invocaret
742 2887 847 2926 nomen
859 2867 978 2925 Domini
988 2866 1063 2926 Deii

36 2955 104 3012 Hoc
122 2964 181 3026 est,
201 2951 277 3030 quod
293 2971 345 3027 per
357 2954 445 3010 alium
457 2951 623 3028 prophetam
636 2952 758 3025 dictum,
782 2953 936 3028 Apostolus
955 2953 990 3009 de
1009 2951 1064 3010 hoe

33 3041 143 3116 populo
160 3038 302 3114 intelligit
325 3036 361 3092 ad
377 3035 435 3094 Dei
459 3039 583 3115 gratiam
604 3038 784 3111 pertinente:
810 3036 852 3096 Et
875 3039 949 3108 erit,
973 3041 1065 3095 connis

34 3125 201 3201 quicunque
213 3123 395 3178 invocaverit
408 3139 508 3178 nomen
521 3119 657 3191 Domini,
683 3121 784 3178 sciens
799 3124 867 3178 erit.
910 3119 975 3177 Hoc
989 3123 1066 3178 enim

34 3209 134 3280 ipsum
146 3204 226 3281 quod
238 3203 358 3262 dicitur:
373 3202 414 3260 Et
427 3205 587 3260 nominavit
599 3221 699 3262 nomen
713 3207 776 3261 eins
788 3204 868 3260 Enos
882 3205 958 3280 quod
970 3207 1064 3262 inter-

27 3298 181 3370 pretator
193 3288 274 3344 bosso
281 3305 292 3362 ,⁰
304 3304 337 3342 ae
348 3285 452 3342 deinde
465 3285 589 3358 additur,
600 3283 661 3344 Hic
671 3288 805 3364 speravit
818 3288 955 3342 invocare
967 3305 1067 3344 nomen

36 3370 162 3430 Domini
174 3371 252 3432 Dei:
271 3371 341 3426 satis
355 3367 527 3439 ostenditur,
541 3367 616 3443 quod
629 3389 690 3429 non
701 3370 733 3424 in
747 3387 779 3424 se
792 3370 854 3443 ipso
867 3387 948 3442 spem
959 3387 1067 3442 ponere

35 3455 143 3512 debeat
159 3456 255 3513 homo.
301 3452 478 3512 Maledictus
498 3454 573 3508 enim
591 3455 682 3510 omnis
701 3446 790 3528 (sicut
803 3451 871 3506 aiibi
884 3447 1001 3526 legitur)
1020 3451 1070 3526 qni

34 3557 122 3619 spent
129 3542 219 3618 ponit
232 3539 263 3594 in
274 3535 403 3594 bomine:
417 3553 451 3592 ac
463 3553 514 3610 per
527 3533 593 3606 boc,
606 3555 660 3592 nec
670 3537 701 3591 in
710 3553 754 3607 se,
767 3543 800 3589 ut
812 3535 851 3588 sit
864 3534 936 3588 civis
949 3534 1067 3587 alterius
1095 3587 1097 3590 .

34 3623 190 3694 Civitatis,
201 3639 276 3699 quae
287 3639 347 3678 non
356 3618 515 3676 seeundum
523 3618 614 3674 tilium
623 3618 696 3676 Cain
707 3617 855 3673 dedicetur
865 3613 918 3669 hoc
930 3624 1068 3690 tempore,

34 3707 73 3764 id
87 3717 143 3780 est,
155 3705 288 3764 mortalis
300 3702 388 3760 huius
403 3703 511 3758 saeculi
524 3703 638 3758 labente
650 3712 831 3772 tranmurnu,
846 3697 940 3754 sedin
953 3699 1003 3754 ilia
1015 3700 1068 3755 im-

34 3793 223 3852 mortalitate
236 3786 422 3846 beatitudinis
435 3786 634 3858 sempiternae.
