2530 4392
177 196 234 254 DE
257 195 477 254 CIVITATE
501 197 580 256 nm
607 199 688 258 ΗΒ.
711 200 790 259 ΧΧ.
944 208 1004 264 27³

59 350 111 406 iam
122 349 209 422 mcdc,
231 349 306 425 quod
324 367 390 407 cum
407 352 448 408 sit
459 351 639 409 abundantia
653 354 815 428 sapientiae
829 375 917 430 super
928 359 1005 416 insi-

61 436 137 506 tiam,
159 436 227 490 sicut
239 433 420 492 abundantis
434 437 507 493 lucis
522 454 610 510 super
627 438 780 510 tenebras,
807 441 1005 518 sapientisque

59 521 68 574 i
80 521 170 576 sintin
182 519 270 593 capite
283 520 387 594 ipsius,
406 530 437 578 et
448 521 555 577 stultus
569 522 601 577 in
614 520 744 578 tenebris
758 523 903 596 ambulet3
928 544 1004 582 unus

59 623 83 660 m
99 605 221 660 incursus
241 604 375 660 incurrat
388 605 538 676 amnibus,
561 606 664 680 utique
677 607 709 661 in
723 604 776 662 hac
789 608 851 663 vita
864 626 939 683 quae
953 610 1005 665 sub

63 688 163 766 agitur:
184 685 352 764 significans
367 688 506 745 videlicet
519 706 553 744 ca
565 690 657 760 mala,
683 701 763 764 quae
779 690 863 747 bonis
878 702 908 748 et
920 693 1005 748 malis

59 789 110 827 mus
123 789 179 828 esse
192 773 362 828 communia.
381 771 463 829 Dicit
476 773 564 829 etism
577 771 659 843 illud,
673 772 751 849 quod
765 784 795 830 et
807 774 877 832 boni
889 778 1004 850 patian-

59 858 126 927 nels,
142 864 271 930 tanquam
284 857 354 912 mali
367 857 441 927 sint,
466 866 496 914 et
508 859 578 914 mali
591 866 730 932 tanquam
743 859 812 914 beni
825 860 897 930 sint,
912 859 1005 935 adipi-

59 949 98 996 tur
107 939 187 1009 benc,
199 941 240 995 ita
252 941 391 1014 laquens:
417 940 484 1011 Est,
503 942 610 1017 inquit,
621 945 753 1013 canitae,
768 943 947 1018 quaefacta
962 953 1006 1000 cst

59 1033 199 1097 »terram
222 1025 293 1100 quia
306 1033 377 1080 sunt
390 1025 478 1095 iusti,
497 1041 588 1104 super
602 1043 672 1102 quea
685 1029 767 1082 venit
780 1029 868 1103 quasi
879 1026 1005 1097 factum

59 1125 142 1181 >rum,·
166 1118 194 1164 et
206 1117 276 1164 sunt
290 1109 388 1186 impii,
402 1125 492 1186 super
505 1125 576 1185 ques
588 1109 670 1165 venit
682 1111 760 1165 sicut
771 1110 897 1180 factum
912 1111 1005 1166 iusto·

83 1189 156 1248 Dici
171 1192 302 1268 quoniam
315 1189 369 1247 dcc
382 1210 491 1269 quoque
504 1194 636 1248 vanitas.
668 1191 702 1248 In
716 1190 770 1249 hac
783 1195 930 1264 vanitate,
957 1195 1005 1250 cui

59 1282 112 1330 tum
125 1277 191 1330 satis
203 1275 298 1330 visum
312 1283 374 1346 est,
397 1274 594 1346 intimandae,
616 1284 711 1332 totum
730 1277 819 1332 istum
837 1276 944 1332 librum
957 1278 1006 1332 vir

59 1359 198 1414 ntissimus
212 1357 374 1433 deputavit3
399 1377 459 1414 ncn
474 1360 576 1434 utique
590 1359 628 1414 cb
643 1358 737 1430 aliud,
761 1360 821 1415 nisi
835 1370 869 1416 ut
883 1378 947 1415 eam
960 1360 1005 1415 vi-

59 1441 250 1512 lesidcremus‚
278 1460 353 1516 quac
370 1444 534 1498 vanitatem
546 1461 607 1499 non
624 1441 712 1499 habet
725 1442 779 1499 sub
799 1441 853 1500 hec
867 1445 940 1514 sclc,
954 1441 1006 1497 sed

59 1534 122 1580 item
135 1526 184 1582 sub
197 1527 248 1582 illc
263 1527 312 1599 qui
325 1525 397 1582 fecit
415 1524 495 1582 hunc
509 1527 617 1582 selem:
643 1529 674 1582 in
693 1525 748 1582 hae
768 1545 839 1603 erge
860 1528 1005 1597 vanitate,

59 1607 111 1683 ,uid
124 1611 180 1664 nisi
193 1611 270 1666 iusto
286 1608 344 1666 Dei
361 1619 502 1685 rectoque
520 1610 628 1666 iudicio
646 1611 750 1666 similis
772 1609 866 1665 eidcm
879 1611 1005 1666 vanitati

59 1712 62 1746 ι
76 1687 245 1748 ‘vanesceret
257 1689 362 1750 homci
394 1691 428 1750 ln
442 1693 544 1749 diebus
558 1703 657 1749 tamen
671 1695 811 1751 vanitatis
825 1712 895 1749 susc
910 1695 1004 1748 inter-

59 1778 192 1847 urimum,
203 1785 301 1832 utrum
313 1779 445 1848 resistat,
459 1795 497 1833 an
512 1776 694 1851 obtemperet
706 1779 838 1848 veritati,
862 1787 892 1833 et
904 1785 1003 1834 utrum

59 1879 122 1934 pers
135 1877 221 1916 verae
234 1861 365 1933 pictatis,
378 1879 416 1917 an
429 1862 590 1935 particeps:
612 1879 673 1918 ncn
690 1871 810 1936 propter
823 1862 902 1917 vitae
915 1858 1004 1917 huius

59 1963 103 2000 ma
116 1941 303 2019 acquirenda,
316 1947 365 2001 vel
376 1947 453 2000 mala
467 1943 588 2001 vitanda
602 1943 789 2001 vanescendo
803 1946 1004 2008 transeuntis;

59 2038 145 2103 ‘apter
158 2027 289 2084 futurum
302 2027 453 2098 iudicium,
466 2046 519 2101 per
532 2027 609 2101 quod
624 2037 712 2084 erunt
724 2037 755 2082 et
770 2027 855 2083 bonis
870 2027 957 2094 lions,
976 2040 1005 2082 et

59 2114 148 2183 mala,
174 2114 239 2168 sinc
252 2111 311 2168 fine
323 2129 472 2168 mansura.
509 2110 646 2184 Denique
664 2111 722 2166 istc
739 2111 857 2184 sapiens
875 2107 955 2165 hunc
969 2111 1005 2164 li-

59 2198 98 2252 sic
113 2197 269 2267 conclusit,
283 2203 317 2252 ut
330 2195 453 2265 diceret,
471 2192 567 2252 Deum
581 2195 662 2263 time,
677 2194 864 2251 otmundum
878 2194 941 2250 eius
954 2211 1005 2248 cu-

74 2283 148 2360 pm'a
161 2279 217 2338 dcc
230 2287 276 2337 est
289 2281 381 2338 omnis
395 2277 493 2336 dcccc:
519 2277 590 2354 quic
604 2295 685 2334 cmne
703 2275 757 2334 doc
771 2293 843 2356 opus
855 2275 939 2333 Dese
952 2276 1007 2333 ad-

60 2367 88 2420 in
103 2365 247 2422 iudicium
260 2365 291 2420 s'n
310 2364 389 2420 omni
406 2353 570 2440 despectc,'
584 2362 646 2418 sive
664 2360 782 2431 bonnm,
803 2361 866 2417 sive
883 2359 1005 2436 ,malma

60 2449 181 2518 sevius,
203 2448 316 2518 verius,
338 2446 486 2504 salubrius
500 2444 558 2500 dici
570 2439 686 2519 potuiti
725 2443 832 2514 Deum,
845 2444 952 2518 inquit,
966 2445 1006 2499 n·-

66 2532 220 2589 mcndatc
234 2533 297 2588 eius
310 2531 428 2588 custodi
432 2549 442 2604 3
455 2531 525 2606 quic
538 2526 592 2585 dcc
606 2537 652 2585 est
664 2529 756 2584 menis
768 2525 859 2584 dome.
874 2527 1006 2592 Quicun-

61 2617 103 2672 im
118 2625 176 2687 est,
191 2613 249 2672 hoc
263 2623 319 2684 cst,
332 2623 432 2670 custos
447 2615 550 2687 utiquc
563 2610 767 2669 mandatorum
780 2609 853 2668 Dei:
868 2609 1005 2684 quoniam

61 2720 69 2754 ι
85 2718 149 2756 non
165 2709 223 2770 est,
237 2696 312 2756 nihil
325 2706 378 2754 est.
407 2695 475 2753 Non
490 2697 568 2752 enim
583 2695 620 2752 ad
633 2695 769 2753 veritatis
784 2695 944 2770 imaginem
956 2709 1005 2746 re-

61 2802 114 2851 ur,
140 2799 303 2843 remanens
317 2783 349 2838 in
363 2779 555 2836 similitudine
575 2779 725 2836 vanitatis.
764 2775 844 2846 Quia
858 2793 940 2832 omne
953 2773 1006 2832 dcc

61 2864 88 2920 id
103 2875 167 2936 est,
194 2864 275 2942 quod
286 2865 322 2922 ab
336 2863 455 2922 homine
468 2863 502 2920 iit
514 2865 547 2920 in
559 2862 613 2920 hac
627 2865 703 2934 vita,
726 2863 788 2920 sice
802 2861 921 2930 denum,
943 2860 1006 2916 sive

64 2988 74 3018 ,
98 2946 190 3006 Deus
205 2949 335 3007 adducet
348 2951 378 3005 in
392 2950 544 3017 iudicium,
558 2950 589 3004 in
603 2949 683 3006 cmnc'
694 2947 842 3025 despecto,
859 2943 959 3015 idest,
974 2944 1005 2999 in

61 3035 135 3089 tiam
150 3033 205 3107 qui
220 3032 428 3090 contemtibilis
442 3031 490 3089 hic
502 3031 635 3103 videtur,
662 3041 692 3088 et
713 3029 779 3088 ideo
799 3047 854 3086 nce
873 3026 1005 3085 videtur:

61 3137 86 3172 ns
102 3115 195 3174 Dcus
211 3125 242 3173 et
254 3118 352 3194 ipsum
365 3115 457 3187 videt,
474 3135 529 3174 nee
544 3135 610 3172 eum
623 3115 763 3189 despicit,
777 3132 833 3170 nec
847 3131 915 3170 cum
928 3110 1005 3168 iudi-

62 3202 165 3258 eterit.

367 3350 490 3407 CAP.
536 3348 595 3406 IV.

62 3448 65 3488 Γ
80 3446 283 3500 disserendum
298 3446 329 3498 de
343 3445 485 3498 cecissimo
499 3443 601 3498 iudicio
610 3441 679 3505 Dei,
699 3440 762 3496 neci
776 3439 897 3509 primum
916 3435 1010 3488 Testa-

93 3515 201 3580 menti,
219 3532 253 3568 ec
263 3515 356 3592 deinde
366 3515 466 3568 ceteris
476 3513 632 3568 testimonia
642 3513 806 3580 prolaturus
816 3508 862 3560 cit.

64 3642 105 3680 us
133 3625 249 3702 itaque
272 3625 370 3682 ultimi
392 3623 495 3680 indicii
514 3621 573 3680 Dei
594 3619 763 3676 testimonis
787 3614 823 3670 de
847 3610 1010 3684 Scripturis

72 3724 162 3782 quae
185 3725 302 3783 ponere
321 3709 456 3776 institui,
477 3708 560 3780 prius
580 3701 717 3778 eligenda
730 3706 801 3755 sunt
814 3694 849 3752 de
862 3693 946 3751 libris
959 3693 1009 3750 In-

63 3791 105 3847 1ti
120 3791 219 3861 novi,
233 3798 336 3865 postea
350 3789 386 3846 de
402 3789 520 3846 veteris.
549 3785 689 3852 Quamvis
705 3783 783 3839 enim
796 3790 898 3838 vetera
912 3779 1012 3854 pricra

63 3893 173 3951 ipore,
190 3893 273 3932 nova
286 3883 384 3931 tamen
396 3870 600 3946 anteponenda
615 3877 685 3925 sunt
696 3868 860 4008 gignitum
874 3864 1012 3942 queniam
