2510 4404
203 232 262 291 DE
284 233 501 293 CIVITATE
525 234 604 294 DEI
630 233 711 298 utu.
733 236 841 298 xxti
979 245 1041 305 387

32 385 81 442 sed
93 386 251 443 libellorum
263 387 420 444 dandorum
433 388 474 444 iti
484 388 661 446 consuetudo
673 407 733 446 non
745 397 800 461 est,
811 393 859 448 rel
872 395 967 466 potius
979 414 1039 454 non
1136 464 1140 474 ι

32 470 87 525 uit:
115 489 178 526 nam
199 472 324 528 fortasse
347 491 426 528 nunc
448 491 512 528 esse
532 475 590 529 ism
612 475 716 548 eoepit.
740 475 835 542 Quum
853 477 931 532 enim
947 495 1039 553 nuper

32 556 80 610 llic
93 572 232 626 essemus,
247 555 414 612 Petroniam
428 558 617 614 clarissimam
630 557 784 629 feminam,
810 577 885 635 quae
897 561 938 616 ibi
950 564 1037 620 mira·

32 640 113 694 »iliter
125 655 160 693 ex
172 657 278 718 magno
292 649 380 715 etque
394 639 547 713 diuturno,
574 643 605 698 in
628 659 683 716 quo
704 642 881 700 medicorum
896 645 1038 702 adiutoria

31 731 121 778 :uncte
133 721 311 795 deiecerant,
332 727 474 802 languore
488 734 590 781 sanata
603 736 664 796 est,
690 724 798 784 hortati
811 746 910 784 ιιιιιιιιι
922 730 1038 785 volente

31 805 175 879 upredicto
189 807 247 862 loci
258 807 418 883 Episcopo,
443 818 476 864 ut
488 810 616 865 libellum
629 809 724 879 daret,
749 813 800 886 qui
819 813 993 868 recitaretur
1006 815 1036 868 in

31 892 131 964 ›opulo;
157 899 186 946 et
200 891 434 948 obedientissime
446 894 551 965 paruit.
594 892 628 948 ln
642 912 699 969 quo
715 895 814 968 posuit
831 897 934 966 etiam,
963 898 1038 970 quod

30 976 63 1027 ric
76 975 193 1030 reticere
206 993 266 1030 non
280 993 411 1049 possum,
437 978 568 1051 quamvis
582 977 618 1032 od
632 995 665 1032 ee
680 995 753 1051 quse
766 977 822 1034 hoe
835 997 906 1053 opus
920 989 1037 1056 urgent,

30 1059 149 1113 estinare
162 1059 327 1131 compellar.
345 1060 368 1115 Α
383 1059 507 1134 quodam
519 1059 624 1116 ludaco
637 1060 726 1130 (lixit,
744 1063 800 1118 sibi
813 1063 904 1118 fuisse
916 1081 1037 1136 persua-

30 1161 91 1212 um,
116 1150 147 1196 ut
164 1144 304 1198 annulum
322 1143 470 1216 capillatio
491 1145 610 1221 cingulo
629 1147 787 1216 insereret,
814 1163 870 1219 quo
890 1147 941 1202 sub
956 1150 1036 1202 omni

30 1235 93 1282 este
114 1223 149 1280 ad
170 1225 248 1281 nuda
270 1228 399 1301 eorporis
423 1229 605 1304 cingeretur:
632 1230 681 1302 qui
702 1231 826 1284 annulus
843 1227 964 1286 heberet
981 1231 1035 1286 sub

29 1327 124 1380 :emnia
136 1309 259 1381 lapidem
272 1311 303 1365 in
316 1310 437 1366 renibus
450 1313 604 1366 inventum
616 1311 707 1368 bovis.
734 1311 798 1368 Hoc
816 1313 936 1390 alligata
953 1315 1036 1388 quasi

29 1392 136 1448 emedio
155 1392 190 1448 ad
209 1395 303 1448 suncti
322 1392 462 1469 Martyris
482 1395 584 1450 limina
600 1396 746 1452 veniebat.
790 1394 849 1452 Sed
868 1395 1000 1471 profecta
1019 1415 1036 1453 a

29 1475 201 1554 {arthaginc‚
215 1493 304 1551 quum
315 1479 348 1532 in
362 1479 486 1534 consilio
500 1476 630 1534 fluminis
643 1478 795 1556 Bagradee
808 1480 839 1534 in
854 1497 906 1535 sua
918 1499 1034 1554 posses-

28 1563 91 1616 ione
104 1561 274 1631 monuisset,
294 1579 418 1639 surgens
431 1571 465 1618 ut
477 1565 534 1618 iter
546 1572 715 1640 perageret,
735 1573 804 1618 ante
817 1563 903 1637 pedes
917 1581 984 1620 suos
998 1567 1034 1619 il-

28 1663 67 1699 um
80 1646 224 1700 iacentem
237 1645 376 1700 annulum
387 1645 476 1715 vidit,
501 1655 531 1701 et
544 1648 717 1720 capillatiam
736 1665 839 1702 aonam
852 1665 925 1722 quae
941 1647 1036 1704 fuerat

28 1730 154 1805 lligatus‚
167 1729 274 1784 mirata
287 1731 420 1785 tentavit.
440 1732 533 1796 Quam
545 1748 608 1784 cum
623 1731 742 1786 omnino
756 1733 816 1785 suis
830 1729 913 1786 nodis
927 1730 1034 1787 firmis-

28 1815 103 1883 imis,
117 1813 192 1868 sieut
204 1811 309 1885 fuerat,
323 1815 512 1888 comperisset
523 1814 704 1885 adstrictam,
718 1816 865 1886 crepuisse
878 1823 966 1889 utque
980 1832 1032 1870 ex-

27 1897 272 1952 iluisse-ennulum
285 1899 432 1971 suspicata
452 1907 509 1954 est:
535 1899 586 1972 qui
599 1900 686 1954 etiam
699 1900 762 1970 ipsc
776 1917 863 1972 quum
875 1899 1030 1976 integerri-

27 1997 69 2035 ius
89 1979 192 2035 fuisset
212 1982 367 2050 inventus,
393 1981 507 2036 futurae
526 1983 627 2036 salutis
641 1981 764 2056 quodam
776 1981 861 2036 modo
875 1983 982 2057 pignus
997 1982 1032 2036 (le

27 2075 87 2118 into
99 2065 239 2120 miraculo
252 2081 283 2117 se
303 2065 450 2136 accepisse
467 2067 656 2136 praesumsit,
681 2073 767 2137 atque
789 2062 861 2117 illud
883 2065 1033 2118 vinculum

26 2149 140 2218 olvens,
167 2148 254 2201 simul
267 2165 332 2202 cum
346 2146 447 2201 eodem
465 2147 590 2214 annulo,
616 2147 737 2218 proiecit
753 2147 785 2200 in
804 2143 922 2200 flumen.
965 2145 1031 2202 Non

26 2230 126 2286 redunt
139 2230 208 2300 hoc,
235 2231 286 2304 qui
300 2231 387 2284 etiam
401 2228 559 2285 Dominum
571 2227 663 2283 lesum
680 2245 732 2301 per
745 2229 862 2305 integra
874 2229 1033 2306 virginalia

26 2317 104 2370 ratris
124 2313 260 2384 enixum,
287 2323 317 2368 et
329 2312 365 2368 ad
378 2313 533 2386 discipulos
546 2313 630 2367 ostiis
644 2312 750 2367 clausis
763 2313 928 2389 ingressum
943 2311 1032 2369 fluisse

26 2418 61 2454 on
75 2399 212 2454 credunt:
241 2397 292 2453 sed
304 2395 358 2452 hoc
371 2405 450 2452 certe
464 2405 620 2470 quaerant,
647 2405 677 2450 et
690 2397 715 2452 si
733 2413 836 2452 verum
853 2397 1031 2468 invenerint,

26 2485 50 2537 la
65 2482 198 2538 credant.
240 2480 407 2538 Clarissima
420 2479 527 2535 femina
541 2487 599 2548 est,
626 2479 764 2536 nobiliter
782 2488 866 2549 nata,
895 2480 1032 2538 nobiliter

26 2576 105 2640 opta:
132 2563 310 2642 Carthagine
323 2563 448 2619 habitat:
475 2564 568 2636 amplo
582 2565 701 2633 civitas,
726 2565 821 2637 ampla
833 2581 1031 2638 personarent

26 2659 177 2706 raerentes
191 2649 282 2702 latere
296 2666 355 2702 non
369 2649 448 2701 sinit.
475 2645 588 2721 Martyr
602 2655 681 2701 certe
693 2648 769 2722 ipse,
784 2665 842 2720 quo
857 2648 1030 2721 impetrante

26 2738 48 2788 {a
63 2741 169 2787 sanata
183 2741 241 2800 est,
260 2732 292 2786 in
305 2731 396 2785 lilium
410 2731 606 2804 permanentis
618 2731 743 2806 virginis
758 2729 894 2799 eredidit,
919 2732 950 2785 in
964 2749 1028 2787 eum

26 2819 48 2871 ri
63 2816 149 2870 ostiis
165 2816 270 2870 clausis
284 2813 320 2869 ad
333 2813 490 2888 discipulos
506 2814 729 2890 ingressurae,
754 2812 890 2869 credidit:
916 2823 1028 2888 postre-

26 2919 59 2967 o,
77 2907 201 2970 propter
214 2897 290 2972 quod
303 2899 401 2953 omnia
414 2898 470 2953 ista
484 2897 620 2953 dicuntur
634 2916 652 2953 a
665 2898 763 2967 nobis,
789 2899 821 2952 in
835 2915 898 2952 eum
915 2899 965 2973 qui
978 2899 1029 2955 ed·

27 2979 113 3036 endit
126 2983 159 3038 in
173 2983 285 3038 coelum
298 3001 364 3038 curn
377 3000 480 3052 corne,
494 2983 526 3037 in
540 3000 595 3056 qua
608 2991 824 3052 resurrexerat,
839 2981 978 3054 credidit3
1001 2993 1030 3039 et

26 3084 59 3120 eo
73 3085 129 3140 per
143 3085 208 3122 eum
218 3075 301 3124 terite
314 3067 399 3138 fiunt,
413 3067 480 3142 quia
489 3084 541 3140 pro
553 3067 609 3122 ista
618 3066 675 3122 fide
685 3069 809 3122 animam
819 3067 927 3139 posuit.
939 3065 1029 3123 Fiunt

26 3169 66 3227 go
82 3153 174 3208 ctiam
187 3171 266 3208 nunc
279 3154 370 3206 multa
383 3151 536 3216 miracula,
560 3151 661 3204 eodem
674 3149 737 3205 Deo
751 3150 878 3205 faciente
891 3168 944 3222 per
957 3169 1028 3224 quos

26 3237 74 3304 ult,
91 3233 122 3290 e't
136 3233 375 3308 quemadmodum
390 3234 465 3300 vult,
484 3232 533 3304 qui
547 3241 578 3285 et
589 3233 640 3286 illa
653 3251 726 3305 quac
739 3233 862 3306 legimus
876 3233 960 3288 fecit:
978 3235 1027 3288 sed

26 3337 49 3372 :a
63 3337 121 3373 nec
135 3319 270 3372 similiter
290 3319 494 3383 innotescunt,
521 3330 615 3386 neque
633 3324 667 3368 ut
686 3331 745 3368 non
763 3313 901 3368 excidant
918 3315 1026 3386 eninm,

26 3403 79 3456 asi
93 3403 199 3478 glarea
212 3401 382 3466 memoriae,
396 3397 499 3452 crebra
511 3397 638 3451 lectione
651 3390 823 3452 tunduntuf.
846 3395 919 3451 Nam
934 3406 964 3452 et
979 3397 1026 3453 ubi

26 3487 154 3559 ligentia
167 3492 228 3552 est,
243 3501 317 3556 quoe
332 3499 410 3536 nunc
424 3479 498 3554 apud
512 3497 566 3534 uos
583 3497 646 3534 esse
659 3480 763 3552 coepit,
777 3488 811 3534 ut
824 3479 915 3534 libelli
928 3498 1026 3536 eorum

26 3568 42 3620 ,i
56 3566 206 3622 beneficia
218 3567 418 3640 praecipiunt,
441 3566 603 3620 reticentur
615 3565 646 3618 in
660 3564 781 3637 populo,
805 3565 893 3618 semel
906 3561 960 3619 hoc
975 3583 1026 3620 au·

26 3658 78 3705 unt
92 3652 148 3725 qui
160 3650 279 3720 edsnnt,
305 3651 457 3723 pluresque
470 3666 530 3704 non
543 3647 664 3717 adsunt,
690 3656 723 3702 ut
735 3665 789 3701 nec
805 3643 846 3702 illi
862 3649 913 3722 qui
925 3645 1025 3704 adiue-

26 3743 78 3804 ιιι,
108 3744 179 3808 post
192 3735 304 3809 aliquot
317 3732 395 3801 dies,
421 3732 498 3806 quod
510 3731 678 3802 audierunt,
704 3739 801 3786 mente
815 3731 976 3801 retineant,
996 3742 1025 3788 et

26 3837 40 3874 ι
56 3821 217 3894 quisquam
230 3819 391 3893 reperiatur
404 3817 537 3887 illorum,
560 3817 610 3891 qui
624 3817 651 3871 ei
664 3833 748 3890 quem
762 3833 822 3870 non
834 3813 962 3872 adfuisse
975 3833 1024 3873 oo·

26 3904 154 3975 lcuerit,
174 3901 284 3959 indicet
296 3901 373 3978 quod
386 3899 505 3957 audivit.
578 3913 581 3920 ’
654 3983 736 4040 ΒΗ
