<?xml version="1.0" encoding="UTF-8"?>
<!DOCTYPE html PUBLIC "-//W3C//DTD XHTML 1.0 Transitional//EN"
    "http://www.w3.org/TR/xhtml1/DTD/xhtml1-transitional.dtd">
<html xmlns="http://www.w3.org/1999/xhtml" xml:lang="en" lang="en">
 <head>
  <title>
</title>
<meta http-equiv="Content-Type" content="text/html;charset=utf-8" />
  <meta name='ocr-system' content='tesseract 3.04.00' />
  <meta name='ocr-capabilities' content='ocr_page ocr_carea ocr_par ocr_line ocrx_word'/>
</head>
<body>
  <div class='ocr_page' id='page_1' title='image "./saureliiaugusti02augugoog_0496.png"; bbox 0 0 2586 4396; ppageno 0'>
   <div class='ocr_carea' id='block_1_1' title="bbox 245 205 1053 276">
    <p class='ocr_par' dir='ltr' id='par_1_1' title="bbox 245 205 1053 276">
     <span class='ocr_line' id='line_1_1' title="bbox 245 205 1053 276; baseline 0.015 -12"><span class='ocrx_word' id='word_1_1' title='bbox 245 205 304 264; x_wconf 84' lang='lat' dir='ltr'><strong>DE</strong></span> <span class='ocrx_word' id='word_1_2' title='bbox 330 206 544 266; x_wconf 83' lang='lat' dir='ltr'><strong>ClVl&#39;l&#39;ATE</strong></span> <span class='ocrx_word' id='word_1_3' title='bbox 567 207 648 266; x_wconf 87' lang='lat' dir='ltr'><strong>DEI</strong></span> <span class='ocrx_word' id='word_1_4' title='bbox 678 209 756 268; x_wconf 79' lang='grc' dir='ltr'><strong>ΗΒ.</strong></span> <span class='ocrx_word' id='word_1_5' title='bbox 778 211 848 273; x_wconf 85' lang='lat' dir='ltr'><strong>XV.</strong></span> <span class='ocrx_word' id='word_1_6' title='bbox 1013 219 1053 276; x_wconf 79' lang='lat' dir='ltr'><strong>dd</strong></span> 
     </span>
    </p>
   </div>
   <div class='ocr_carea' id='block_1_2' title="bbox 11 359 1101 3696">
    <p class='ocr_par' dir='ltr' id='par_1_2' title="bbox 11 359 1101 3696">
     <span class='ocr_line' id='line_1_2' title="bbox 37 359 1052 442; baseline 0.009 -25"><span class='ocrx_word' id='word_1_7' title='bbox 37 369 196 440; x_wconf 86' lang='lat' dir='ltr'><strong>generant,</strong></span> <span class='ocrx_word' id='word_1_8' title='bbox 216 378 270 415; x_wconf 90' lang='lat' dir='ltr'><strong>nee</strong></span> <span class='ocrx_word' id='word_1_9' title='bbox 282 369 466 437; x_wconf 75' lang='lat' dir='ltr'>generantur.</span> <span class='ocrx_word' id='word_1_10' title='bbox 509 359 566 418; x_wconf 88' lang='lat' dir='ltr'><strong>llio</strong></span> <span class='ocrx_word' id='word_1_11' title='bbox 578 378 649 438; x_wconf 89' lang='lat' dir='ltr'><strong>ergo</strong></span> <span class='ocrx_word' id='word_1_12' title='bbox 662 365 797 440; x_wconf 87' lang='lat' dir='ltr'><strong>generari</strong></span> <span class='ocrx_word' id='word_1_13' title='bbox 811 375 840 420; x_wconf 90' lang='lat' dir='ltr'><strong>et</strong></span> <span class='ocrx_word' id='word_1_14' title='bbox 852 383 990 442; x_wconf 88' lang='lat' dir='ltr'><strong>generare</strong></span> <span class='ocrx_word' id='word_1_15' title='bbox 1003 369 1052 426; x_wconf 77' lang='lat' dir='ltr'><strong>ci-</strong></span> 
     </span>
     <span class='ocr_line' id='line_1_3' title="bbox 36 444 1053 520; baseline 0.008 -20"><span class='ocrx_word' id='word_1_16' title='bbox 36 446 122 501; x_wconf 79' lang='lat' dir='ltr'><strong>vitati</strong></span> <span class='ocrx_word' id='word_1_17' title='bbox 135 444 252 518; x_wconf 85' lang='lat' dir='ltr'><strong>utrique</strong></span> <span class='ocrx_word' id='word_1_18' title='bbox 266 461 415 500; x_wconf 77' lang='lat' dir='ltr'><strong>commune</strong></span> <span class='ocrx_word' id='word_1_19' title='bbox 433 452 490 500; x_wconf 83' lang='lat' dir='ltr'><strong>est:</strong></span> <span class='ocrx_word' id='word_1_20' title='bbox 518 447 647 520; x_wconf 83' lang='lat' dir='ltr'><strong>quamvis</strong></span> <span class='ocrx_word' id='word_1_21' title='bbox 660 445 717 502; x_wconf 87' lang='lat' dir='ltr'><strong>Dei</strong></span> <span class='ocrx_word' id='word_1_22' title='bbox 730 445 840 503; x_wconf 87' lang='lat' dir='ltr'><strong>Civitas</strong></span> <span class='ocrx_word' id='word_1_23' title='bbox 853 447 955 505; x_wconf 89' lang='lat' dir='ltr'><strong>babeat</strong></span> <span class='ocrx_word' id='word_1_24' title='bbox 968 453 1053 508; x_wconf 83' lang='lat' dir='ltr'><strong>etism</strong></span> 
     </span>
     <span class='ocr_line' id='line_1_4' title="bbox 35 527 1051 606; baseline 0.006 -22"><span class='ocrx_word' id='word_1_25' title='bbox 35 527 82 584; x_wconf 87' lang='lat' dir='ltr'><strong>hio</strong></span> <span class='ocrx_word' id='word_1_26' title='bbox 95 529 186 582; x_wconf 80' lang='lat' dir='ltr'><strong>multa</strong></span> <span class='ocrx_word' id='word_1_27' title='bbox 199 528 307 582; x_wconf 86' lang='lat' dir='ltr'><strong>oivium</strong></span> <span class='ocrx_word' id='word_1_28' title='bbox 317 528 424 598; x_wconf 88' lang='lat' dir='ltr'><strong>millia,</strong></span> <span class='ocrx_word' id='word_1_29' title='bbox 441 545 516 601; x_wconf 87' lang='lat' dir='ltr'><strong>quae</strong></span> <span class='ocrx_word' id='word_1_30' title='bbox 528 528 562 583; x_wconf 87' lang='lat' dir='ltr'><strong>ab</strong></span> <span class='ocrx_word' id='word_1_31' title='bbox 576 547 663 602; x_wconf 91' lang='lat' dir='ltr'><strong>opere</strong></span> <span class='ocrx_word' id='word_1_32' title='bbox 675 530 833 606; x_wconf 84' lang='lat' dir='ltr'><strong>generandi</strong></span> <span class='ocrx_word' id='word_1_33' title='bbox 847 549 878 586; x_wconf 88' lang='lat' dir='ltr'><strong>se</strong></span> <span class='ocrx_word' id='word_1_34' title='bbox 891 531 1051 591; x_wconf 88' lang='lat' dir='ltr'><strong>abstinent:</strong></span> 
     </span>
     <span class='ocr_line' id='line_1_5' title="bbox 35 605 1052 690; baseline 0.007 -23"><span class='ocrx_word' id='word_1_35' title='bbox 35 611 84 690; x_wconf 87' lang='lat' dir='ltr'><strong>sed</strong></span> <span class='ocrx_word' id='word_1_36' title='bbox 97 610 185 667; x_wconf 85' lang='lat' dir='ltr'><strong>babet</strong></span> <span class='ocrx_word' id='word_1_37' title='bbox 198 612 285 666; x_wconf 82' lang='lat' dir='ltr'><strong>etiarn</strong></span> <span class='ocrx_word' id='word_1_38' title='bbox 297 612 347 665; x_wconf 85' lang='lat' dir='ltr'><strong>illa</strong></span> <span class='ocrx_word' id='word_1_39' title='bbox 360 605 454 688; x_wconf 84' lang='lat' dir='ltr'><strong>[eires</strong></span> <span class='ocrx_word' id='word_1_40' title='bbox 465 613 621 668; x_wconf 85' lang='lat' dir='ltr'><strong>nonnullos</strong></span> <span class='ocrx_word' id='word_1_41' title='bbox 632 614 696 668; x_wconf 82' lang='lat' dir='ltr'><strong>istis</strong></span> <span class='ocrx_word' id='word_1_42' title='bbox 707 611 827 690; x_wconf 78' lang='lat' dir='ltr'><strong>similes]</strong></span> <span class='ocrx_word' id='word_1_43' title='bbox 842 631 879 669; x_wconf 87' lang='lat' dir='ltr'><strong>ex</strong></span> <span class='ocrx_word' id='word_1_44' title='bbox 892 616 1052 674; x_wconf 79' lang='lat' dir='ltr'><strong>imitatione</strong></span> 
     </span>
     <span class='ocr_line' id='line_1_6' title="bbox 35 693 1052 771; baseline 0.005 -21"><span class='ocrx_word' id='word_1_45' title='bbox 35 693 176 770; x_wconf 87' lang='lat' dir='ltr'><strong>quadam,</strong></span> <span class='ocrx_word' id='word_1_46' title='bbox 191 695 262 749; x_wconf 89' lang='lat' dir='ltr'><strong>lieet</strong></span> <span class='ocrx_word' id='word_1_47' title='bbox 275 695 441 749; x_wconf 77' lang='lat' dir='ltr'><strong>errantium.</strong></span> <span class='ocrx_word' id='word_1_48' title='bbox 483 693 527 750; x_wconf 84' lang='lat' dir='ltr'><strong>Ad</strong></span> <span class='ocrx_word' id='word_1_49' title='bbox 552 713 615 751; x_wconf 87' lang='lat' dir='ltr'><strong>eam</strong></span> <span class='ocrx_word' id='word_1_50' title='bbox 638 713 761 770; x_wconf 89' lang='lat' dir='ltr'><strong>namque</strong></span> <span class='ocrx_word' id='word_1_51' title='bbox 785 699 932 770; x_wconf 78' lang='lat' dir='ltr'><strong>pertinent</strong></span> <span class='ocrx_word' id='word_1_52' title='bbox 956 701 1052 771; x_wconf 86' lang='lat' dir='ltr'><strong>etiam,</strong></span> 
     </span>
     <span class='ocr_line' id='line_1_7' title="bbox 36 775 1052 852; baseline 0.005 -19"><span class='ocrx_word' id='word_1_53' title='bbox 36 780 87 852; x_wconf 90' lang='lat' dir='ltr'><strong>qui</strong></span> <span class='ocrx_word' id='word_1_54' title='bbox 100 776 247 834; x_wconf 73' lang='lat' dir='ltr'><strong>deviantes</strong></span> <span class='ocrx_word' id='word_1_55' title='bbox 260 778 295 833; x_wconf 89' lang='lat' dir='ltr'><strong>ab</strong></span> <span class='ocrx_word' id='word_1_56' title='bbox 308 775 393 833; x_wconf 83' lang='lat' dir='ltr'><strong>buius</strong></span> <span class='ocrx_word' id='word_1_57' title='bbox 408 777 464 832; x_wconf 87' lang='lat' dir='ltr'><strong>fide</strong></span> <span class='ocrx_word' id='word_1_58' title='bbox 477 778 605 834; x_wconf 86' lang='lat' dir='ltr'><strong>diversas</strong></span> <span class='ocrx_word' id='word_1_59' title='bbox 625 777 755 834; x_wconf 82' lang='lat' dir='ltr'><strong>haereseo</strong></span> <span class='ocrx_word' id='word_1_60' title='bbox 775 779 980 838; x_wconf 78' lang='lat' dir='ltr'><strong>condiderunt:</strong></span> <span class='ocrx_word' id='word_1_61' title='bbox 1006 801 1052 838; x_wconf 87' lang='lat' dir='ltr'><strong>se-</strong></span> 
     </span>
     <span class='ocr_line' id='line_1_8' title="bbox 36 859 1052 934; baseline 0.005 -18"><span class='ocrx_word' id='word_1_62' title='bbox 36 859 159 916; x_wconf 89' lang='lat' dir='ltr'><strong>eundum</strong></span> <span class='ocrx_word' id='word_1_63' title='bbox 169 859 316 917; x_wconf 88' lang='lat' dir='ltr'><strong>bominem</strong></span> <span class='ocrx_word' id='word_1_64' title='bbox 329 861 433 934; x_wconf 87' lang='lat' dir='ltr'><strong>quippe</strong></span> <span class='ocrx_word' id='word_1_65' title='bbox 445 861 561 929; x_wconf 87' lang='lat' dir='ltr'><strong>vivunt,</strong></span> <span class='ocrx_word' id='word_1_66' title='bbox 575 880 634 917; x_wconf 91' lang='lat' dir='ltr'><strong>non</strong></span> <span class='ocrx_word' id='word_1_67' title='bbox 648 863 801 919; x_wconf 89' lang='lat' dir='ltr'><strong>seeundum</strong></span> <span class='ocrx_word' id='word_1_68' title='bbox 816 862 918 920; x_wconf 90' lang='lat' dir='ltr'><strong>Deum.</strong></span> <span class='ocrx_word' id='word_1_69' title='bbox 952 863 992 920; x_wconf 92' lang='lat' dir='ltr'><strong>Et</strong></span> <span class='ocrx_word' id='word_1_70' title='bbox 1003 864 1052 921; x_wconf 94' lang='lat' dir='ltr'><strong>ln·</strong></span> 
     </span>
     <span class='ocr_line' id='line_1_9' title="bbox 36 942 1052 1022; baseline 0.005 -23"><span class='ocrx_word' id='word_1_71' title='bbox 36 943 137 1001; x_wconf 90' lang='lat' dir='ltr'><strong>dorum</strong></span> <span class='ocrx_word' id='word_1_72' title='bbox 154 942 422 1022; x_wconf 81' lang='lat' dir='ltr'><strong>gymnosophistae,</strong></span> <span class='ocrx_word' id='word_1_73' title='bbox 448 946 497 1018; x_wconf 87' lang='lat' dir='ltr'><strong>qui</strong></span> <span class='ocrx_word' id='word_1_74' title='bbox 514 943 586 1001; x_wconf 88' lang='lat' dir='ltr'><strong>nudi</strong></span> <span class='ocrx_word' id='word_1_75' title='bbox 603 943 789 1019; x_wconf 74' lang='lat' dir='ltr'><strong>perhibentur</strong></span> <span class='ocrx_word' id='word_1_76' title='bbox 806 945 999 1022; x_wconf 86' lang='lat' dir='ltr'><strong>philosophari</strong></span> <span class='ocrx_word' id='word_1_77' title='bbox 1021 950 1052 1004; x_wconf 91' lang='lat' dir='ltr'><strong>in</strong></span> 
     </span>
     <span class='ocr_line' id='line_1_10' title="bbox 36 1025 1054 1106; baseline 0.004 -23"><span class='ocrx_word' id='word_1_78' title='bbox 36 1027 242 1083; x_wconf 77' lang='lat' dir='ltr'><strong>solitudinibus</strong></span> <span class='ocrx_word' id='word_1_79' title='bbox 254 1025 368 1098; x_wconf 83' lang='lat' dir='ltr'><strong>Indiae,</strong></span> <span class='ocrx_word' id='word_1_80' title='bbox 396 1029 474 1084; x_wconf 85' lang='lat' dir='ltr'><strong>eires</strong></span> <span class='ocrx_word' id='word_1_81' title='bbox 489 1029 551 1084; x_wconf 89' lang='lat' dir='ltr'><strong>eius</strong></span> <span class='ocrx_word' id='word_1_82' title='bbox 564 1038 648 1100; x_wconf 85' lang='lat' dir='ltr'><strong>sunt,</strong></span> <span class='ocrx_word' id='word_1_83' title='bbox 675 1038 733 1084; x_wconf 92' lang='lat' dir='ltr'><strong>eta</strong></span> <span class='ocrx_word' id='word_1_84' title='bbox 748 1031 915 1106; x_wconf 89' lang='lat' dir='ltr'><strong>generando</strong></span> <span class='ocrx_word' id='word_1_85' title='bbox 929 1049 961 1086; x_wconf 87' lang='lat' dir='ltr'><strong>se</strong></span> <span class='ocrx_word' id='word_1_86' title='bbox 975 1030 1054 1087; x_wconf 84' lang='lat' dir='ltr'><strong>eolri-</strong></span> 
     </span>
     <span class='ocr_line' id='line_1_11' title="bbox 35 1108 1055 1181; baseline 0.003 -13"><span class='ocrx_word' id='word_1_87' title='bbox 35 1112 111 1168; x_wconf 88' lang='lat' dir='ltr'><strong>bent.</strong></span> <span class='ocrx_word' id='word_1_88' title='bbox 154 1110 222 1168; x_wconf 90' lang='lat' dir='ltr'><strong>Non</strong></span> <span class='ocrx_word' id='word_1_89' title='bbox 236 1112 313 1166; x_wconf 89' lang='lat' dir='ltr'><strong>enim</strong></span> <span class='ocrx_word' id='word_1_90' title='bbox 326 1119 371 1166; x_wconf 91' lang='lat' dir='ltr'><strong>est</strong></span> <span class='ocrx_word' id='word_1_91' title='bbox 383 1108 438 1166; x_wconf 91' lang='lat' dir='ltr'><strong>boe</strong></span> <span class='ocrx_word' id='word_1_92' title='bbox 450 1111 573 1181; x_wconf 89' lang='lat' dir='ltr'><strong>benum,</strong></span> <span class='ocrx_word' id='word_1_93' title='bbox 599 1113 657 1167; x_wconf 78' lang='lat' dir='ltr'><strong>niti</strong></span> <span class='ocrx_word' id='word_1_94' title='bbox 669 1131 735 1168; x_wconf 86' lang='lat' dir='ltr'><strong>oum</strong></span> <span class='ocrx_word' id='word_1_95' title='bbox 748 1115 787 1168; x_wconf 88' lang='lat' dir='ltr'><strong>sit</strong></span> <span class='ocrx_word' id='word_1_96' title='bbox 800 1113 957 1170; x_wconf 88' lang='lat' dir='ltr'><strong>seeundum</strong></span> <span class='ocrx_word' id='word_1_97' title='bbox 969 1114 1055 1171; x_wconf 88' lang='lat' dir='ltr'><strong>fidem</strong></span> 
     </span>
     <span class='ocr_line' id='line_1_12' title="bbox 36 1192 1054 1269; baseline 0.004 -19"><span class='ocrx_word' id='word_1_98' title='bbox 36 1195 139 1250; x_wconf 88' lang='lat' dir='ltr'><strong>summi</strong></span> <span class='ocrx_word' id='word_1_99' title='bbox 151 1196 237 1265; x_wconf 93' lang='lat' dir='ltr'><strong>boni,</strong></span> <span class='ocrx_word' id='word_1_100' title='bbox 263 1195 313 1269; x_wconf 89' lang='lat' dir='ltr'><strong>qui</strong></span> <span class='ocrx_word' id='word_1_101' title='bbox 325 1202 371 1249; x_wconf 93' lang='lat' dir='ltr'><strong>est</strong></span> <span class='ocrx_word' id='word_1_102' title='bbox 382 1192 471 1250; x_wconf 85' lang='lat' dir='ltr'><strong>Deus.</strong></span> <span class='ocrx_word' id='word_1_103' title='bbox 514 1192 580 1250; x_wconf 92' lang='lat' dir='ltr'><strong>Hoe</strong></span> <span class='ocrx_word' id='word_1_104' title='bbox 597 1203 695 1251; x_wconf 89' lang='lat' dir='ltr'><strong>tamen</strong></span> <span class='ocrx_word' id='word_1_105' title='bbox 714 1213 798 1251; x_wconf 91' lang='lat' dir='ltr'><strong>nemo</strong></span> <span class='ocrx_word' id='word_1_106' title='bbox 812 1196 916 1252; x_wconf 79' lang='lat' dir='ltr'><strong>fecisse</strong></span> <span class='ocrx_word' id='word_1_107' title='bbox 928 1207 997 1254; x_wconf 88' lang='lat' dir='ltr'><strong>ante</strong></span> <span class='ocrx_word' id='word_1_108' title='bbox 1010 1199 1054 1254; x_wconf 92' lang='lat' dir='ltr'><strong>di-</strong></span> 
     </span>
     <span class='ocr_line' id='line_1_13' title="bbox 35 1276 1055 1355; baseline 0.003 -22"><span class='ocrx_word' id='word_1_109' title='bbox 35 1280 145 1334; x_wconf 88' lang='lat' dir='ltr'><strong>luvium</strong></span> <span class='ocrx_word' id='word_1_110' title='bbox 168 1279 326 1351; x_wconf 90' lang='lat' dir='ltr'><strong>reperitur:</strong></span> <span class='ocrx_word' id='word_1_111' title='bbox 352 1277 466 1351; x_wconf 88' lang='lat' dir='ltr'><strong>quando</strong></span> <span class='ocrx_word' id='word_1_112' title='bbox 486 1276 601 1352; x_wconf 87' lang='lat' dir='ltr'><strong>quidem</strong></span> <span class='ocrx_word' id='word_1_113' title='bbox 619 1280 706 1335; x_wconf 87' lang='lat' dir='ltr'><strong>etiam</strong></span> <span class='ocrx_word' id='word_1_114' title='bbox 723 1280 785 1354; x_wconf 82' lang='lat' dir='ltr'><strong>ipre</strong></span> <span class='ocrx_word' id='word_1_115' title='bbox 797 1278 899 1335; x_wconf 80' lang='lat' dir='ltr'><strong>Enoch</strong></span> <span class='ocrx_word' id='word_1_116' title='bbox 919 1283 1055 1355; x_wconf 88' lang='lat' dir='ltr'><strong>septimus</strong></span> 
     </span>
     <span class='ocr_line' id='line_1_14' title="bbox 38 1361 1056 1441; baseline 0.001 -24"><span class='ocrx_word' id='word_1_117' title='bbox 38 1363 72 1417; x_wconf 87' lang='lat' dir='ltr'><strong>ab</strong></span> <span class='ocrx_word' id='word_1_118' title='bbox 86 1361 191 1432; x_wconf 74' lang='lat' dir='ltr'><strong>Adam,</strong></span> <span class='ocrx_word' id='word_1_119' title='bbox 218 1363 268 1436; x_wconf 86' lang='lat' dir='ltr'><strong>qui</strong></span> <span class='ocrx_word' id='word_1_120' title='bbox 287 1361 446 1416; x_wconf 64' lang='lat' dir='ltr'><strong>transsatus</strong></span> <span class='ocrx_word' id='word_1_121' title='bbox 464 1361 591 1416; x_wconf 78' lang='lat' dir='ltr'><strong>refertur</strong></span> <span class='ocrx_word' id='word_1_122' title='bbox 604 1380 682 1433; x_wconf 88' lang='lat' dir='ltr'><strong>esse,</strong></span> <span class='ocrx_word' id='word_1_123' title='bbox 708 1381 768 1418; x_wconf 90' lang='lat' dir='ltr'><strong>non</strong></span> <span class='ocrx_word' id='word_1_124' title='bbox 780 1371 928 1433; x_wconf 84' lang='lat' dir='ltr'><strong>mortuus,</strong></span> <span class='ocrx_word' id='word_1_125' title='bbox 954 1365 1056 1441; x_wconf 91' lang='lat' dir='ltr'><strong>genuit</strong></span> 
     </span>
     <span class='ocr_line' id='line_1_15' title="bbox 37 1444 1081 1520; baseline 0.002 -20"><span class='ocrx_word' id='word_1_126' title='bbox 37 1445 114 1500; x_wconf 88' lang='lat' dir='ltr'><strong>filios</strong></span> <span class='ocrx_word' id='word_1_127' title='bbox 133 1454 162 1500; x_wconf 91' lang='lat' dir='ltr'><strong>et</strong></span> <span class='ocrx_word' id='word_1_128' title='bbox 178 1444 251 1500; x_wconf 87' lang='lat' dir='ltr'><strong>filias</strong></span> <span class='ocrx_word' id='word_1_129' title='bbox 271 1453 339 1499; x_wconf 92' lang='lat' dir='ltr'><strong>ante</strong></span> <span class='ocrx_word' id='word_1_130' title='bbox 357 1461 443 1518; x_wconf 88' lang='lat' dir='ltr'><strong>quam</strong></span> <span class='ocrx_word' id='word_1_131' title='bbox 460 1444 683 1517; x_wconf 81' lang='lat' dir='ltr'><strong>transferretur;</strong></span> <span class='ocrx_word' id='word_1_132' title='bbox 708 1445 856 1520; x_wconf 86' lang='lat' dir='ltr'><strong>inquibus</strong></span> <span class='ocrx_word' id='word_1_133' title='bbox 870 1445 1053 1503; x_wconf 84' lang='lat' dir='ltr'><strong>luitblatbu-</strong></span> <span class='ocrx_word' id='word_1_134' title='bbox 1079 1483 1081 1490; x_wconf 47' lang='grc' dir='ltr'>ι</span> 
     </span>
     <span class='ocr_line' id='line_1_16' title="bbox 36 1529 1053 1605; baseline 0 -21"><span class='ocrx_word' id='word_1_135' title='bbox 36 1530 134 1599; x_wconf 85' lang='lat' dir='ltr'><strong>salem,</strong></span> <span class='ocrx_word' id='word_1_136' title='bbox 148 1546 200 1602; x_wconf 90' lang='lat' dir='ltr'><strong>per</strong></span> <span class='ocrx_word' id='word_1_137' title='bbox 209 1547 294 1603; x_wconf 89' lang='lat' dir='ltr'><strong>quem</strong></span> <span class='ocrx_word' id='word_1_138' title='bbox 303 1529 524 1605; x_wconf 80' lang='lat' dir='ltr'><strong>generationum</strong></span> <span class='ocrx_word' id='word_1_139' title='bbox 533 1529 781 1586; x_wconf 88' lang='lat' dir='ltr'><strong>memorandarum</strong></span> <span class='ocrx_word' id='word_1_140' title='bbox 791 1529 860 1585; x_wconf 92' lang='lat' dir='ltr'><strong>ordo</strong></span> <span class='ocrx_word' id='word_1_141' title='bbox 871 1533 1053 1586; x_wconf 80' lang='lat' dir='ltr'><strong>transcurrit.</strong></span> 
     </span>
     <span class='ocr_line' id='line_1_17' title="bbox 102 1610 1054 1688; baseline 0.001 -20"><span class='ocrx_word' id='word_1_142' title='bbox 102 1610 161 1668; x_wconf 85' lang='lat' dir='ltr'><strong>Cur</strong></span> <span class='ocrx_word' id='word_1_143' title='bbox 182 1630 253 1688; x_wconf 89' lang='lat' dir='ltr'><strong>ergo</strong></span> <span class='ocrx_word' id='word_1_144' title='bbox 275 1621 357 1668; x_wconf 87' lang='lat' dir='ltr'><strong>tenta</strong></span> <span class='ocrx_word' id='word_1_145' title='bbox 379 1613 508 1685; x_wconf 79' lang='lat' dir='ltr'><strong>paucitas</strong></span> <span class='ocrx_word' id='word_1_146' title='bbox 533 1613 750 1668; x_wconf 81' lang='lat' dir='ltr'><strong>suoeesoionum</strong></span> <span class='ocrx_word' id='word_1_147' title='bbox 767 1622 1006 1670; x_wconf 84' lang='lat' dir='ltr'><strong>commemoratur</strong></span> <span class='ocrx_word' id='word_1_148' title='bbox 1023 1615 1054 1669; x_wconf 90' lang='lat' dir='ltr'><strong>in</strong></span> 
     </span>
     <span class='ocr_line' id='line_1_18' title="bbox 36 1694 1054 1773; baseline 0.001 -23"><span class='ocrx_word' id='word_1_149' title='bbox 36 1695 271 1773; x_wconf 76' lang='lat' dir='ltr'><strong>generationibus</strong></span> <span class='ocrx_word' id='word_1_150' title='bbox 284 1712 322 1750; x_wconf 85' lang='lat' dir='ltr'><strong>ex</strong></span> <span class='ocrx_word' id='word_1_151' title='bbox 334 1694 424 1765; x_wconf 85' lang='lat' dir='ltr'><strong>Cain,</strong></span> <span class='ocrx_word' id='word_1_152' title='bbox 438 1696 463 1749; x_wconf 93' lang='lat' dir='ltr'><strong>si</strong></span> <span class='ocrx_word' id='word_1_153' title='bbox 473 1713 521 1750; x_wconf 85' lang='lat' dir='ltr'><strong>eas</strong></span> <span class='ocrx_word' id='word_1_154' title='bbox 535 1714 627 1771; x_wconf 88' lang='lat' dir='ltr'><strong>usque</strong></span> <span class='ocrx_word' id='word_1_155' title='bbox 639 1696 676 1752; x_wconf 92' lang='lat' dir='ltr'><strong>ad</strong></span> <span class='ocrx_word' id='word_1_156' title='bbox 689 1695 829 1753; x_wconf 88' lang='lat' dir='ltr'><strong>diluvium</strong></span> <span class='ocrx_word' id='word_1_157' title='bbox 840 1696 959 1770; x_wconf 87' lang='lat' dir='ltr'><strong>perduoi</strong></span> <span class='ocrx_word' id='word_1_158' title='bbox 971 1715 1054 1772; x_wconf 90' lang='lat' dir='ltr'><strong>opor-</strong></span> 
     </span>
     <span class='ocr_line' id='line_1_19' title="bbox 36 1777 1101 1858; baseline 0.005 -24"><span class='ocrx_word' id='word_1_159' title='bbox 36 1779 129 1849; x_wconf 91' lang='lat' dir='ltr'><strong>tebat,</strong></span> <span class='ocrx_word' id='word_1_160' title='bbox 155 1798 209 1836; x_wconf 90' lang='lat' dir='ltr'><strong>nee</strong></span> <span class='ocrx_word' id='word_1_161' title='bbox 229 1787 291 1834; x_wconf 91' lang='lat' dir='ltr'><strong>erat</strong></span> <span class='ocrx_word' id='word_1_162' title='bbox 310 1777 446 1835; x_wconf 88' lang='lat' dir='ltr'><strong>diuturna</strong></span> <span class='ocrx_word' id='word_1_163' title='bbox 464 1787 544 1835; x_wconf 88' lang='lat' dir='ltr'><strong>aetas</strong></span> <span class='ocrx_word' id='word_1_164' title='bbox 557 1781 748 1854; x_wconf 83' lang='lat' dir='ltr'><strong>praeveniens</strong></span> <span class='ocrx_word' id='word_1_165' title='bbox 761 1781 956 1855; x_wconf 84' lang='lat' dir='ltr'><strong>pubertatem,</strong></span> <span class='ocrx_word' id='word_1_166' title='bbox 982 1797 1055 1858; x_wconf 78' lang='lat' dir='ltr'><strong>quae</strong></span> <span class='ocrx_word' id='word_1_167' title='bbox 1097 1795 1101 1806; x_wconf 77' lang='grc'><em>’</em></span> 
     </span>
     <span class='ocr_line' id='line_1_20' title="bbox 37 1861 1055 1936; baseline 0.006 -18"><span class='ocrx_word' id='word_1_168' title='bbox 37 1873 152 1919; x_wconf 85' lang='lat' dir='ltr'><strong>centum</strong></span> <span class='ocrx_word' id='word_1_169' title='bbox 164 1864 212 1920; x_wconf 84' lang='lat' dir='ltr'><strong>vel</strong></span> <span class='ocrx_word' id='word_1_170' title='bbox 225 1863 348 1936; x_wconf 86' lang='lat' dir='ltr'><strong>amplius</strong></span> <span class='ocrx_word' id='word_1_171' title='bbox 361 1879 453 1918; x_wconf 87' lang='lat' dir='ltr'><strong>annos</strong></span> <span class='ocrx_word' id='word_1_172' title='bbox 466 1872 614 1923; x_wconf 78' lang='lat' dir='ltr'><strong>voeareta</strong></span> <span class='ocrx_word' id='word_1_173' title='bbox 627 1861 772 1920; x_wconf 80' lang='lat' dir='ltr'><strong>foetibusl</strong></span> <span class='ocrx_word' id='word_1_174' title='bbox 808 1863 882 1920; x_wconf 92' lang='lat' dir='ltr'><strong>Nam</strong></span> <span class='ocrx_word' id='word_1_175' title='bbox 896 1868 923 1922; x_wconf 88' lang='lat' dir='ltr'><strong>si</strong></span> <span class='ocrx_word' id='word_1_176' title='bbox 935 1886 995 1924; x_wconf 91' lang='lat' dir='ltr'><strong>non</strong></span> <span class='ocrx_word' id='word_1_177' title='bbox 1008 1869 1055 1924; x_wconf 88' lang='lat' dir='ltr'><strong>in·</strong></span> 
     </span>
     <span class='ocr_line' id='line_1_21' title="bbox 35 1944 1054 2026; baseline 0.005 -24"><span class='ocrx_word' id='word_1_178' title='bbox 35 1946 171 2003; x_wconf 82' lang='lat' dir='ltr'><strong>tendebat</strong></span> <span class='ocrx_word' id='word_1_179' title='bbox 187 1955 289 2003; x_wconf 89' lang='lat' dir='ltr'><strong>auetor</strong></span> <span class='ocrx_word' id='word_1_180' title='bbox 301 1945 369 2002; x_wconf 93' lang='lat' dir='ltr'><strong>libri</strong></span> <span class='ocrx_word' id='word_1_181' title='bbox 381 1944 468 2002; x_wconf 88' lang='lat' dir='ltr'><strong>buius</strong></span> <span class='ocrx_word' id='word_1_182' title='bbox 481 1947 621 2022; x_wconf 87' lang='lat' dir='ltr'><strong>aliquem,</strong></span> <span class='ocrx_word' id='word_1_183' title='bbox 648 1947 685 2003; x_wconf 90' lang='lat' dir='ltr'><strong>ad</strong></span> <span class='ocrx_word' id='word_1_184' title='bbox 703 1965 788 2022; x_wconf 89' lang='lat' dir='ltr'><strong>quem</strong></span> <span class='ocrx_word' id='word_1_185' title='bbox 806 1952 970 2006; x_wconf 82' lang='lat' dir='ltr'><strong>necessario</strong></span> <span class='ocrx_word' id='word_1_186' title='bbox 988 1969 1054 2026; x_wconf 89' lang='lat' dir='ltr'><strong>per-</strong></span> 
     </span>
     <span class='ocr_line' id='line_1_22' title="bbox 36 2025 1070 2107; baseline 0.003 -21"><span class='ocrx_word' id='word_1_187' title='bbox 36 2031 152 2086; x_wconf 84' lang='lat' dir='ltr'><strong>duceret</strong></span> <span class='ocrx_word' id='word_1_188' title='bbox 165 2025 272 2086; x_wconf 88' lang='lat' dir='ltr'><strong>seriem</strong></span> <span class='ocrx_word' id='word_1_189' title='bbox 284 2031 522 2107; x_wconf 75' lang='lat' dir='ltr'><strong>generationum,</strong></span> <span class='ocrx_word' id='word_1_190' title='bbox 536 2031 612 2086; x_wconf 87' lang='lat' dir='ltr'><strong>siout</strong></span> <span class='ocrx_word' id='word_1_191' title='bbox 619 2032 651 2086; x_wconf 94' lang='lat' dir='ltr'><strong>in</strong></span> <span class='ocrx_word' id='word_1_192' title='bbox 664 2032 722 2086; x_wconf 87' lang='lat' dir='ltr'><strong>illis</strong></span> <span class='ocrx_word' id='word_1_193' title='bbox 735 2048 811 2105; x_wconf 85' lang='lat' dir='ltr'><strong>quae</strong></span> <span class='ocrx_word' id='word_1_194' title='bbox 822 2033 947 2088; x_wconf 89' lang='lat' dir='ltr'><strong>veniunt</strong></span> <span class='ocrx_word' id='word_1_195' title='bbox 960 2033 994 2088; x_wconf 90' lang='lat' dir='ltr'><strong>de</strong></span> <span class='ocrx_word' id='word_1_196' title='bbox 1009 2053 1054 2088; x_wconf 85' lang='lat' dir='ltr'><strong>se·</strong></span> <span class='ocrx_word' id='word_1_197' title='bbox 1068 2045 1070 2052; x_wconf 88' lang='lat'>&#39;</span> 
     </span>
     <span class='ocr_line' id='line_1_23' title="bbox 35 2112 1055 2189; baseline 0.001 -19"><span class='ocrx_word' id='word_1_198' title='bbox 35 2116 111 2170; x_wconf 90' lang='lat' dir='ltr'><strong>mine</strong></span> <span class='ocrx_word' id='word_1_199' title='bbox 130 2113 217 2186; x_wconf 80' lang='lat' dir='ltr'><strong>Seth,</strong></span> <span class='ocrx_word' id='word_1_200' title='bbox 244 2112 414 2169; x_wconf 85' lang='lat' dir='ltr'><strong>intendebat</strong></span> <span class='ocrx_word' id='word_1_201' title='bbox 430 2114 583 2186; x_wconf 85' lang='lat' dir='ltr'><strong>pervenire</strong></span> <span class='ocrx_word' id='word_1_202' title='bbox 602 2113 638 2168; x_wconf 76' lang='lat' dir='ltr'><strong>ad</strong></span> <span class='ocrx_word' id='word_1_203' title='bbox 651 2113 728 2185; x_wconf 72' lang='lat' dir='ltr'><strong>Noe,</strong></span> <span class='ocrx_word' id='word_1_204' title='bbox 753 2131 771 2168; x_wconf 93' lang='lat' dir='ltr'><strong>a</strong></span> <span class='ocrx_word' id='word_1_205' title='bbox 784 2131 840 2189; x_wconf 84' lang='lat' dir='ltr'><strong>quo</strong></span> <span class='ocrx_word' id='word_1_206' title='bbox 863 2133 962 2171; x_wconf 87' lang='lat' dir='ltr'><strong>rursus</strong></span> <span class='ocrx_word' id='word_1_207' title='bbox 986 2116 1055 2171; x_wconf 89' lang='lat' dir='ltr'><strong>ordo</strong></span> 
     </span>
     <span class='ocr_line' id='line_1_24' title="bbox 35 2195 1055 2274; baseline 0.001 -20"><span class='ocrx_word' id='word_1_208' title='bbox 35 2200 216 2254; x_wconf 83' lang='lat' dir='ltr'><strong>necessarius</strong></span> <span class='ocrx_word' id='word_1_209' title='bbox 230 2204 414 2272; x_wconf 83' lang='lat' dir='ltr'><strong>sequeretur3</strong></span> <span class='ocrx_word' id='word_1_210' title='bbox 442 2195 511 2271; x_wconf 89' lang='lat' dir='ltr'><strong>quid</strong></span> <span class='ocrx_word' id='word_1_211' title='bbox 530 2214 602 2270; x_wconf 90' lang='lat' dir='ltr'><strong>opus</strong></span> <span class='ocrx_word' id='word_1_212' title='bbox 623 2206 685 2252; x_wconf 91' lang='lat' dir='ltr'><strong>erat</strong></span> <span class='ocrx_word' id='word_1_213' title='bbox 705 2199 935 2271; x_wconf 86' lang='lat' dir='ltr'><strong>praetermittere</strong></span> <span class='ocrx_word' id='word_1_214' title='bbox 948 2201 1055 2274; x_wconf 91' lang='lat' dir='ltr'><strong>primo-</strong></span> 
     </span>
     <span class='ocr_line' id='line_1_25' title="bbox 34 2272 1056 2360; baseline 0.002 -24"><span class='ocrx_word' id='word_1_215' title='bbox 34 2282 152 2360; x_wconf 85' lang='lat' dir='ltr'><strong>genitos</strong></span> <span class='ocrx_word' id='word_1_216' title='bbox 165 2281 257 2352; x_wconf 89' lang='lat' dir='ltr'><strong>filios,</strong></span> <span class='ocrx_word' id='word_1_217' title='bbox 270 2272 304 2336; x_wconf 87' lang='lat' dir='ltr'><strong>ut</strong></span> <span class='ocrx_word' id='word_1_218' title='bbox 315 2280 519 2354; x_wconf 83' lang='lat' dir='ltr'><strong>perveniretur</strong></span> <span class='ocrx_word' id='word_1_219' title='bbox 531 2279 568 2336; x_wconf 86' lang='lat' dir='ltr'><strong>ad</strong></span> <span class='ocrx_word' id='word_1_220' title='bbox 581 2278 719 2352; x_wconf 87' lang='lat' dir='ltr'><strong>Lameeb‚</strong></span> <span class='ocrx_word' id='word_1_221' title='bbox 731 2282 763 2336; x_wconf 93' lang='lat' dir='ltr'><strong>in</strong></span> <span class='ocrx_word' id='word_1_222' title='bbox 777 2282 859 2338; x_wconf 88' lang='lat' dir='ltr'><strong>ouius</strong></span> <span class='ocrx_word' id='word_1_223' title='bbox 872 2281 941 2339; x_wconf 79' lang='lat' dir='ltr'><strong>liliis</strong></span> <span class='ocrx_word' id='word_1_224' title='bbox 954 2282 1056 2339; x_wconf 86' lang='lat' dir='ltr'><strong>finitur</strong></span> 
     </span>
     <span class='ocr_line' id='line_1_26' title="bbox 34 2365 1055 2442; baseline 0 -21"><span class='ocrx_word' id='word_1_225' title='bbox 34 2368 84 2422; x_wconf 91' lang='lat' dir='ltr'><strong>illa</strong></span> <span class='ocrx_word' id='word_1_226' title='bbox 99 2368 260 2436; x_wconf 79' lang='lat' dir='ltr'><strong>contextio,</strong></span> <span class='ocrx_word' id='word_1_227' title='bbox 272 2373 375 2420; x_wconf 88' lang='lat' dir='ltr'><strong>oetava</strong></span> <span class='ocrx_word' id='word_1_228' title='bbox 388 2365 578 2442; x_wconf 89' lang='lat' dir='ltr'><strong>generatione</strong></span> <span class='ocrx_word' id='word_1_229' title='bbox 586 2366 703 2420; x_wconf 80' lang='lat' dir='ltr'><strong>&#39;scilieet</strong></span> <span class='ocrx_word' id='word_1_230' title='bbox 715 2382 753 2421; x_wconf 88' lang='lat' dir='ltr'><strong>ex</strong></span> <span class='ocrx_word' id='word_1_231' title='bbox 767 2365 867 2442; x_wconf 81' lang='lat' dir='ltr'><strong>Adam,</strong></span> <span class='ocrx_word' id='word_1_232' title='bbox 881 2369 1004 2442; x_wconf 90' lang='lat' dir='ltr'><strong>septima</strong></span> <span class='ocrx_word' id='word_1_233' title='bbox 1018 2385 1055 2422; x_wconf 85' lang='lat' dir='ltr'><strong>ex</strong></span> 
     </span>
     <span class='ocr_line' id='line_1_27' title="bbox 35 2447 1055 2524; baseline -0.002 -18"><span class='ocrx_word' id='word_1_234' title='bbox 35 2449 121 2520; x_wconf 82' lang='lat' dir='ltr'><strong>Cain,</strong></span> <span class='ocrx_word' id='word_1_235' title='bbox 150 2451 233 2524; x_wconf 82' lang='lat' dir='ltr'><strong>quasi</strong></span> <span class='ocrx_word' id='word_1_236' title='bbox 250 2457 326 2504; x_wconf 85' lang='lat' dir='ltr'><strong>esset</strong></span> <span class='ocrx_word' id='word_1_237' title='bbox 343 2447 411 2504; x_wconf 90' lang='lat' dir='ltr'><strong>inde</strong></span> <span class='ocrx_word' id='word_1_238' title='bbox 429 2448 539 2521; x_wconf 73' lang='lat' dir='ltr'><strong>aliquid</strong></span> <span class='ocrx_word' id='word_1_239' title='bbox 558 2448 693 2521; x_wconf 89' lang='lat' dir='ltr'><strong>deineeps</strong></span> <span class='ocrx_word' id='word_1_240' title='bbox 707 2449 951 2519; x_wconf 77' lang='lat' dir='ltr'><strong>connectendum,</strong></span> <span class='ocrx_word' id='word_1_241' title='bbox 978 2450 1055 2505; x_wconf 91' lang='lat' dir='ltr'><strong>unde</strong></span> 
     </span>
     <span class='ocr_line' id='line_1_28' title="bbox 34 2530 1054 2608; baseline -0.003 -19"><span class='ocrx_word' id='word_1_242' title='bbox 34 2535 235 2608; x_wconf 84' lang='lat' dir='ltr'><strong>perveniretur</strong></span> <span class='ocrx_word' id='word_1_243' title='bbox 247 2533 294 2589; x_wconf 92' lang='lat' dir='ltr'><strong>vel</strong></span> <span class='ocrx_word' id='word_1_244' title='bbox 306 2531 344 2588; x_wconf 91' lang='lat' dir='ltr'><strong>ad</strong></span> <span class='ocrx_word' id='word_1_245' title='bbox 356 2530 545 2586; x_wconf 74' lang='lat' dir='ltr'><strong>Israeliticum</strong></span> <span class='ocrx_word' id='word_1_246' title='bbox 557 2533 707 2604; x_wconf 88' lang='lat' dir='ltr'><strong>populum,</strong></span> <span class='ocrx_word' id='word_1_247' title='bbox 727 2533 758 2586; x_wconf 92' lang='lat' dir='ltr'><strong>in</strong></span> <span class='ocrx_word' id='word_1_248' title='bbox 776 2549 831 2606; x_wconf 91' lang='lat' dir='ltr'><strong>quo</strong></span> <span class='ocrx_word' id='word_1_249' title='bbox 847 2534 963 2586; x_wconf 84' lang='lat' dir='ltr'><strong>eoelesti</strong></span> <span class='ocrx_word' id='word_1_250' title='bbox 976 2532 1054 2588; x_wconf 86' lang='lat' dir='ltr'><strong>Civi-</strong></span> 
     </span>
     <span class='ocr_line' id='line_1_29' title="bbox 33 2611 1071 2692; baseline -0.008 -21"><span class='ocrx_word' id='word_1_251' title='bbox 33 2619 88 2672; x_wconf 92' lang='lat' dir='ltr'><strong>tati</strong></span> <span class='ocrx_word' id='word_1_252' title='bbox 112 2619 200 2673; x_wconf 88' lang='lat' dir='ltr'><strong>etiam</strong></span> <span class='ocrx_word' id='word_1_253' title='bbox 223 2626 342 2672; x_wconf 83' lang='lat' dir='ltr'><strong>terrens</strong></span> <span class='ocrx_word' id='word_1_254' title='bbox 353 2613 537 2670; x_wconf 85' lang='lat' dir='ltr'><strong>Hierusalem</strong></span> <span class='ocrx_word' id='word_1_255' title='bbox 554 2613 678 2692; x_wconf 83' lang='lat' dir='ltr'><strong>liguram</strong></span> <span class='ocrx_word' id='word_1_256' title='bbox 701 2611 895 2688; x_wconf 80' lang='lat' dir='ltr'><strong>propheticam</strong></span> <span class='ocrx_word' id='word_1_257' title='bbox 911 2616 1071 2688; x_wconf 62' lang='lat' dir='ltr'><strong>praebuit.</strong></span> 
     </span>
     <span class='ocr_line' id='line_1_30' title="bbox 33 2695 1054 2772; baseline -0.004 -16"><span class='ocrx_word' id='word_1_258' title='bbox 33 2702 82 2756; x_wconf 91' lang='lat' dir='ltr'><strong>vel</strong></span> <span class='ocrx_word' id='word_1_259' title='bbox 96 2700 132 2755; x_wconf 91' lang='lat' dir='ltr'><strong>ad</strong></span> <span class='ocrx_word' id='word_1_260' title='bbox 144 2699 288 2758; x_wconf 83' lang='lat' dir='ltr'><strong>Christum</strong></span> <span class='ocrx_word' id='word_1_261' title='bbox 307 2697 466 2755; x_wconf 87' lang='lat' dir='ltr'><strong>seeundum</strong></span> <span class='ocrx_word' id='word_1_262' title='bbox 484 2715 618 2767; x_wconf 87' lang='lat' dir='ltr'><strong>earnem,</strong></span> <span class='ocrx_word' id='word_1_263' title='bbox 641 2699 690 2772; x_wconf 91' lang='lat' dir='ltr'><strong>qui</strong></span> <span class='ocrx_word' id='word_1_264' title='bbox 708 2706 753 2752; x_wconf 90' lang='lat' dir='ltr'><strong>est</strong></span> <span class='ocrx_word' id='word_1_265' title='bbox 766 2699 962 2770; x_wconf 90' lang='lat' dir='ltr'><strong>superomnia</strong></span> <span class='ocrx_word' id='word_1_266' title='bbox 975 2695 1054 2754; x_wconf 85' lang='lat' dir='ltr'><strong>Deus</strong></span> 
     </span>
     <span class='ocr_line' id='line_1_31' title="bbox 11 2779 1054 2856; baseline -0.002 -18"><span class='ocrx_word' id='word_1_267' title='bbox 11 2782 200 2840; x_wconf 79' lang='lat' dir='ltr'><strong>-benedietor</strong></span> <span class='ocrx_word' id='word_1_268' title='bbox 224 2786 256 2840; x_wconf 90' lang='lat' dir='ltr'><strong>in</strong></span> <span class='ocrx_word' id='word_1_269' title='bbox 279 2785 410 2854; x_wconf 77' lang='lat' dir='ltr'><strong>saecula,</strong></span> <span class='ocrx_word' id='word_1_270' title='bbox 436 2800 577 2856; x_wconf 88' lang='lat' dir='ltr'><strong>supernae</strong></span> <span class='ocrx_word' id='word_1_271' title='bbox 589 2779 773 2838; x_wconf 86' lang='lat' dir='ltr'><strong>Hierusalem</strong></span> <span class='ocrx_word' id='word_1_272' title='bbox 792 2780 949 2837; x_wconf 78' lang='lat' dir='ltr'><strong>fabricator</strong></span> <span class='ocrx_word' id='word_1_273' title='bbox 968 2791 1054 2856; x_wconf 86' lang='lat' dir='ltr'><strong>atque</strong></span> 
     </span>
     <span class='ocr_line' id='line_1_32' title="bbox 32 2861 1053 2946; baseline -0.003 -22"><span class='ocrx_word' id='word_1_274' title='bbox 32 2881 185 2946; x_wconf 83' lang='lat' dir='ltr'><strong>regnator,</strong></span> <span class='ocrx_word' id='word_1_275' title='bbox 200 2887 290 2943; x_wconf 89' lang='lat' dir='ltr'><strong>quum</strong></span> <span class='ocrx_word' id='word_1_276' title='bbox 301 2877 363 2924; x_wconf 84' lang='lat' dir='ltr'><strong>tote</strong></span> <span class='ocrx_word' id='word_1_277' title='bbox 375 2868 530 2945; x_wconf 89' lang='lat' dir='ltr'><strong>progenies</strong></span> <span class='ocrx_word' id='word_1_278' title='bbox 538 2864 609 2922; x_wconf 88' lang='lat' dir='ltr'><strong>Cain</strong></span> <span class='ocrx_word' id='word_1_279' title='bbox 623 2865 730 2923; x_wconf 89' lang='lat' dir='ltr'><strong>diluvio</strong></span> <span class='ocrx_word' id='word_1_280' title='bbox 741 2866 780 2922; x_wconf 90' lang='lat' dir='ltr'><strong>sit</strong></span> <span class='ocrx_word' id='word_1_281' title='bbox 792 2861 904 2920; x_wconf 78' lang='lat' dir='ltr'><strong>deletal</strong></span> <span class='ocrx_word' id='word_1_282' title='bbox 918 2863 1000 2921; x_wconf 80' lang='lat' dir='ltr'><strong>Vnde</strong></span> <span class='ocrx_word' id='word_1_283' title='bbox 1009 2866 1053 2921; x_wconf 88' lang='lat' dir='ltr'><strong>vi·</strong></span> 
     </span>
     <span class='ocr_line' id='line_1_33' title="bbox 33 2949 1054 3028; baseline -0.002 -22"><span class='ocrx_word' id='word_1_284' title='bbox 33 2951 95 3008; x_wconf 93' lang='lat' dir='ltr'><strong>deri</strong></span> <span class='ocrx_word' id='word_1_285' title='bbox 107 2961 222 3028; x_wconf 83' lang='lat' dir='ltr'><strong>potest,</strong></span> <span class='ocrx_word' id='word_1_286' title='bbox 248 2952 280 3007; x_wconf 90' lang='lat' dir='ltr'><strong>in</strong></span> <span class='ocrx_word' id='word_1_287' title='bbox 293 2951 392 3007; x_wconf 89' lang='lat' dir='ltr'><strong>eodem</strong></span> <span class='ocrx_word' id='word_1_288' title='bbox 406 2950 508 3007; x_wconf 92' lang='lat' dir='ltr'><strong>ordine</strong></span> <span class='ocrx_word' id='word_1_289' title='bbox 521 2951 743 3028; x_wconf 78' lang='lat' dir='ltr'><strong>generationum</strong></span> <span class='ocrx_word' id='word_1_290' title='bbox 759 2950 968 3026; x_wconf 89' lang='lat' dir='ltr'><strong>primogenitos</strong></span> <span class='ocrx_word' id='word_1_291' title='bbox 981 2949 1054 3005; x_wconf 83' lang='lat' dir='ltr'><strong>fnis-</strong></span> 
     </span>
     <span class='ocr_line' id='line_1_34' title="bbox 33 3029 1055 3112; baseline -0.004 -20"><span class='ocrx_word' id='word_1_292' title='bbox 33 3054 63 3092; x_wconf 87' lang='lat' dir='ltr'><strong>se</strong></span> <span class='ocrx_word' id='word_1_293' title='bbox 77 3045 325 3092; x_wconf 85' lang='lat' dir='ltr'><strong>oommemorotos.</strong></span> <span class='ocrx_word' id='word_1_294' title='bbox 369 3034 426 3092; x_wconf 86' lang='lat' dir='ltr'><strong>Cur</strong></span> <span class='ocrx_word' id='word_1_295' title='bbox 437 3053 508 3112; x_wconf 86' lang='lat' dir='ltr'><strong>ergo</strong></span> <span class='ocrx_word' id='word_1_296' title='bbox 520 3045 579 3090; x_wconf 88' lang='lat' dir='ltr'><strong>tam</strong></span> <span class='ocrx_word' id='word_1_297' title='bbox 587 3036 672 3109; x_wconf 88' lang='lat' dir='ltr'><strong>pauei</strong></span> <span class='ocrx_word' id='word_1_298' title='bbox 681 3029 767 3090; x_wconf 81' lang='lat' dir='ltr'><strong>suntl</strong></span> <span class='ocrx_word' id='word_1_299' title='bbox 793 3031 858 3088; x_wconf 92' lang='lat' dir='ltr'><strong>Non</strong></span> <span class='ocrx_word' id='word_1_300' title='bbox 873 3035 951 3090; x_wconf 87' lang='lat' dir='ltr'><strong>enim</strong></span> <span class='ocrx_word' id='word_1_301' title='bbox 962 3053 1055 3109; x_wconf 85' lang='lat' dir='ltr'><strong>usque</strong></span> 
     </span>
     <span class='ocr_line' id='line_1_35' title="bbox 32 3117 1054 3192; baseline 0 -18"><span class='ocrx_word' id='word_1_302' title='bbox 32 3119 67 3174; x_wconf 92' lang='lat' dir='ltr'><strong>ad</strong></span> <span class='ocrx_word' id='word_1_303' title='bbox 79 3120 223 3176; x_wconf 78' lang='lat' dir='ltr'><strong>diluvium</strong></span> <span class='ocrx_word' id='word_1_304' title='bbox 235 3127 281 3175; x_wconf 92' lang='lat' dir='ltr'><strong>tot</strong></span> <span class='ocrx_word' id='word_1_305' title='bbox 293 3137 355 3174; x_wconf 82' lang='lat' dir='ltr'><strong>este</strong></span> <span class='ocrx_word' id='word_1_306' title='bbox 366 3128 538 3192; x_wconf 90' lang='lat' dir='ltr'><strong>potuerunt,</strong></span> <span class='ocrx_word' id='word_1_307' title='bbox 564 3136 623 3174; x_wconf 93' lang='lat' dir='ltr'><strong>non</strong></span> <span class='ocrx_word' id='word_1_308' title='bbox 641 3117 811 3174; x_wconf 84' lang='lat' dir='ltr'><strong>vacantibus</strong></span> <span class='ocrx_word' id='word_1_309' title='bbox 829 3135 920 3192; x_wconf 83' lang='lat' dir='ltr'><strong>usque</strong></span> <span class='ocrx_word' id='word_1_310' title='bbox 935 3118 971 3174; x_wconf 91' lang='lat' dir='ltr'><strong>ad</strong></span> <span class='ocrx_word' id='word_1_311' title='bbox 985 3136 1054 3174; x_wconf 87' lang='lat' dir='ltr'><strong>oen·</strong></span> 
     </span>
     <span class='ocr_line' id='line_1_36' title="bbox 32 3198 1055 3278; baseline -0.001 -21"><span class='ocrx_word' id='word_1_312' title='bbox 32 3205 176 3259; x_wconf 86' lang='lat' dir='ltr'><strong>tenariam</strong></span> <span class='ocrx_word' id='word_1_313' title='bbox 189 3203 369 3278; x_wconf 87' lang='lat' dir='ltr'><strong>pubertatem</strong></span> <span class='ocrx_word' id='word_1_314' title='bbox 382 3201 511 3276; x_wconf 86' lang='lat' dir='ltr'><strong>patribus</strong></span> <span class='ocrx_word' id='word_1_315' title='bbox 525 3201 560 3256; x_wconf 91' lang='lat' dir='ltr'><strong>ab</strong></span> <span class='ocrx_word' id='word_1_316' title='bbox 574 3201 668 3257; x_wconf 86' lang='lat' dir='ltr'><strong>ollieio</strong></span> <span class='ocrx_word' id='word_1_317' title='bbox 682 3198 858 3278; x_wconf 91' lang='lat' dir='ltr'><strong>generandi,</strong></span> <span class='ocrx_word' id='word_1_318' title='bbox 881 3203 906 3256; x_wconf 82' lang='lat' dir='ltr'><strong>si</strong></span> <span class='ocrx_word' id='word_1_319' title='bbox 920 3220 978 3257; x_wconf 92' lang='lat' dir='ltr'><strong>non</strong></span> <span class='ocrx_word' id='word_1_320' title='bbox 993 3211 1055 3256; x_wconf 87' lang='lat' dir='ltr'><strong>erat</strong></span> 
     </span>
     <span class='ocr_line' id='line_1_37' title="bbox 32 3277 1057 3363; baseline -0.001 -23"><span class='ocrx_word' id='word_1_321' title='bbox 32 3296 101 3343; x_wconf 88' lang='lat' dir='ltr'><strong>tune</strong></span> <span class='ocrx_word' id='word_1_322' title='bbox 119 3277 308 3361; x_wconf 89' lang='lat' dir='ltr'><strong>proportione</strong></span> <span class='ocrx_word' id='word_1_323' title='bbox 328 3285 535 3363; x_wconf 76' lang='lat' dir='ltr'><strong>longaevitatis</strong></span> <span class='ocrx_word' id='word_1_324' title='bbox 555 3285 633 3340; x_wconf 85' lang='lat' dir='ltr'><strong>illius</strong></span> <span class='ocrx_word' id='word_1_325' title='bbox 652 3287 738 3340; x_wconf 89' lang='lat' dir='ltr'><strong>etiam</strong></span> <span class='ocrx_word' id='word_1_326' title='bbox 751 3299 817 3337; x_wconf 90' lang='lat' dir='ltr'><strong>sera</strong></span> <span class='ocrx_word' id='word_1_327' title='bbox 831 3284 976 3355; x_wconf 88' lang='lat' dir='ltr'><strong>pubertas.</strong></span> <span class='ocrx_word' id='word_1_328' title='bbox 1018 3284 1057 3339; x_wconf 90' lang='lat' dir='ltr'><strong>Vt</strong></span> 
     </span>
     <span class='ocr_line' id='line_1_38' title="bbox 32 3364 1057 3448; baseline -0.004 -24"><span class='ocrx_word' id='word_1_329' title='bbox 32 3371 111 3425; x_wconf 87' lang='lat' dir='ltr'><strong>enim</strong></span> <span class='ocrx_word' id='word_1_330' title='bbox 122 3387 268 3445; x_wconf 86' lang='lat' dir='ltr'><strong>peraeque</strong></span> <span class='ocrx_word' id='word_1_331' title='bbox 280 3371 405 3448; x_wconf 88' lang='lat' dir='ltr'><strong>triginta</strong></span> <span class='ocrx_word' id='word_1_332' title='bbox 417 3385 559 3424; x_wconf 90' lang='lat' dir='ltr'><strong>annorum</strong></span> <span class='ocrx_word' id='word_1_333' title='bbox 570 3367 694 3438; x_wconf 80' lang='lat' dir='ltr'><strong>fuerint,</strong></span> <span class='ocrx_word' id='word_1_334' title='bbox 721 3383 809 3440; x_wconf 87' lang='lat' dir='ltr'><strong>quum</strong></span> <span class='ocrx_word' id='word_1_335' title='bbox 826 3364 901 3420; x_wconf 84' lang='lat' dir='ltr'><strong>filios</strong></span> <span class='ocrx_word' id='word_1_336' title='bbox 915 3385 1057 3442; x_wconf 88' lang='lat' dir='ltr'><strong>generare</strong></span> 
     </span>
     <span class='ocr_line' id='line_1_39' title="bbox 32 3450 1057 3527; baseline -0.006 -19"><span class='ocrx_word' id='word_1_337' title='bbox 32 3464 207 3527; x_wconf 85' lang='lat' dir='ltr'><strong>coeperunt,</strong></span> <span class='ocrx_word' id='word_1_338' title='bbox 221 3456 312 3510; x_wconf 84' lang='lat' dir='ltr'><strong>oeties</strong></span> <span class='ocrx_word' id='word_1_339' title='bbox 324 3454 442 3523; x_wconf 82' lang='lat' dir='ltr'><strong>triceni,</strong></span> <span class='ocrx_word' id='word_1_340' title='bbox 457 3453 606 3524; x_wconf 84' lang='lat' dir='ltr'><strong>(quoniam</strong></span> <span class='ocrx_word' id='word_1_341' title='bbox 618 3461 682 3507; x_wconf 89' lang='lat' dir='ltr'><strong>oeto</strong></span> <span class='ocrx_word' id='word_1_342' title='bbox 692 3458 762 3506; x_wconf 86' lang='lat' dir='ltr'><strong>sunt</strong></span> <span class='ocrx_word' id='word_1_343' title='bbox 775 3450 981 3526; x_wconf 82' lang='lat' dir='ltr'><strong>generationes</strong></span> <span class='ocrx_word' id='word_1_344' title='bbox 994 3467 1057 3502; x_wconf 89' lang='lat' dir='ltr'><strong>eum</strong></span> 
     </span>
     <span class='ocr_line' id='line_1_40' title="bbox 30 3530 1058 3614; baseline -0.01 -20"><span class='ocrx_word' id='word_1_345' title='bbox 30 3535 124 3594; x_wconf 84' lang='lat' dir='ltr'><strong>Adam</strong></span> <span class='ocrx_word' id='word_1_346' title='bbox 137 3547 168 3594; x_wconf 89' lang='lat' dir='ltr'><strong>et</strong></span> <span class='ocrx_word' id='word_1_347' title='bbox 181 3555 248 3594; x_wconf 87' lang='lat' dir='ltr'><strong>eum</strong></span> <span class='ocrx_word' id='word_1_348' title='bbox 262 3539 304 3593; x_wconf 85' lang='lat' dir='ltr'><strong>eis</strong></span> <span class='ocrx_word' id='word_1_349' title='bbox 317 3556 390 3612; x_wconf 86' lang='lat' dir='ltr'><strong>quos</strong></span> <span class='ocrx_word' id='word_1_350' title='bbox 404 3535 508 3614; x_wconf 87' lang='lat' dir='ltr'><strong>genuit</strong></span> <span class='ocrx_word' id='word_1_351' title='bbox 520 3531 677 3614; x_wconf 82' lang='lat' dir='ltr'><strong>Lamech,)</strong></span> <span class='ocrx_word' id='word_1_352' title='bbox 695 3532 814 3590; x_wconf 85' lang='lat' dir='ltr'><strong>ducenti</strong></span> <span class='ocrx_word' id='word_1_353' title='bbox 825 3539 854 3586; x_wconf 91' lang='lat' dir='ltr'><strong>et</strong></span> <span class='ocrx_word' id='word_1_354' title='bbox 867 3530 1058 3607; x_wconf 85' lang='lat' dir='ltr'><strong>quadraginta</strong></span> 
     </span>
     <span class='ocr_line' id='line_1_41' title="bbox 32 3613 1059 3696; baseline -0.006 -21"><span class='ocrx_word' id='word_1_355' title='bbox 32 3629 101 3678; x_wconf 90' lang='lat' dir='ltr'><strong>sunt</strong></span> <span class='ocrx_word' id='word_1_356' title='bbox 114 3623 201 3679; x_wconf 89' lang='lat' dir='ltr'><strong>anni:</strong></span> <span class='ocrx_word' id='word_1_357' title='bbox 221 3639 291 3677; x_wconf 86' lang='lat' dir='ltr'><strong>num</strong></span> <span class='ocrx_word' id='word_1_358' title='bbox 309 3619 406 3696; x_wconf 84' lang='lat' dir='ltr'><strong>itaque</strong></span> <span class='ocrx_word' id='word_1_359' title='bbox 424 3629 485 3676; x_wconf 90' lang='lat' dir='ltr'><strong>toto</strong></span> <span class='ocrx_word' id='word_1_360' title='bbox 504 3617 607 3674; x_wconf 90' lang='lat' dir='ltr'><strong>deinde</strong></span> <span class='ocrx_word' id='word_1_361' title='bbox 626 3627 753 3694; x_wconf 86' lang='lat' dir='ltr'><strong>tempore</strong></span> <span class='ocrx_word' id='word_1_362' title='bbox 767 3614 905 3691; x_wconf 77' lang='lat' dir='ltr'><strong>usquead</strong></span> <span class='ocrx_word' id='word_1_363' title='bbox 919 3613 1059 3676; x_wconf 84' lang='lat' dir='ltr'><strong>diluvium</strong></span> 
     </span>
    </p>
   </div>
   <div class='ocr_carea' id='block_1_3' title="bbox 32 3698 1059 3859">
    <p class='ocr_par' dir='ltr' id='par_1_3' title="bbox 32 3698 1059 3859">
     <span class='ocr_line' id='line_1_42' title="bbox 32 3698 1059 3784; baseline -0.008 -24"><span class='ocrx_word' id='word_1_364' title='bbox 32 3723 92 3761; x_wconf 92' lang='lat' dir='ltr'><strong>non</strong></span> <span class='ocrx_word' id='word_1_365' title='bbox 107 3701 348 3784; x_wconf 78' lang='lat' dir='ltr'><strong>generaveruntl</strong></span> <span class='ocrx_word' id='word_1_366' title='bbox 376 3705 438 3770; x_wconf 81' lang='lat' dir='ltr'><strong>Qua</strong></span> <span class='ocrx_word' id='word_1_367' title='bbox 451 3700 567 3759; x_wconf 84' lang='lat' dir='ltr'><strong>tandem</strong></span> <span class='ocrx_word' id='word_1_368' title='bbox 580 3720 686 3774; x_wconf 85' lang='lat' dir='ltr'><strong>eausa,</strong></span> <span class='ocrx_word' id='word_1_369' title='bbox 710 3703 759 3776; x_wconf 87' lang='lat' dir='ltr'><strong>qui</strong></span> <span class='ocrx_word' id='word_1_370' title='bbox 771 3699 842 3756; x_wconf 91' lang='lat' dir='ltr'><strong>haee</strong></span> <span class='ocrx_word' id='word_1_371' title='bbox 855 3698 985 3771; x_wconf 87' lang='lat' dir='ltr'><strong>seripsit,</strong></span> <span class='ocrx_word' id='word_1_372' title='bbox 1008 3715 1059 3775; x_wconf 90' lang='lat' dir='ltr'><strong>ge-</strong></span> 
     </span>
     <span class='ocr_line' id='line_1_43' title="bbox 32 3779 1059 3859; baseline -0.007 -17"><span class='ocrx_word' id='word_1_373' title='bbox 32 3792 207 3846; x_wconf 85' lang='lat' dir='ltr'><strong>nerationes</strong></span> <span class='ocrx_word' id='word_1_374' title='bbox 221 3805 446 3845; x_wconf 76' lang='lat' dir='ltr'><strong>commemorare</strong></span> <span class='ocrx_word' id='word_1_375' title='bbox 459 3787 553 3842; x_wconf 93' lang='lat' dir='ltr'><strong>noluit</strong></span> <span class='ocrx_word' id='word_1_376' title='bbox 563 3802 635 3859; x_wconf 89' lang='lat' dir='ltr'><strong>quae</strong></span> <span class='ocrx_word' id='word_1_377' title='bbox 648 3779 826 3859; x_wconf 79' lang='lat' dir='ltr'><strong>sequunturl</strong></span> <span class='ocrx_word' id='word_1_378' title='bbox 840 3781 913 3838; x_wconf 90' lang='lat' dir='ltr'><strong>Nam</strong></span> <span class='ocrx_word' id='word_1_379' title='bbox 926 3798 962 3835; x_wconf 89' lang='lat' dir='ltr'><strong>ex</strong></span> <span class='ocrx_word' id='word_1_380' title='bbox 971 3781 1059 3836; x_wconf 78' lang='lat' dir='ltr'><strong>Adam</strong></span> 
     </span>
    </p>
   </div>
   <div class='ocr_carea' id='block_1_4' title="bbox 31 3864 1059 3948">
    <p class='ocr_par' dir='ltr' id='par_1_4' title="bbox 31 3864 1059 3948">
     <span class='ocr_line' id='line_1_44' title="bbox 31 3864 1059 3948; baseline -0.008 -21"><span class='ocrx_word' id='word_1_381' title='bbox 31 3890 124 3948; x_wconf 84' lang='lat' dir='ltr'><strong>usque</strong></span> <span class='ocrx_word' id='word_1_382' title='bbox 151 3872 189 3930; x_wconf 90' lang='lat' dir='ltr'><strong>ad</strong></span> <span class='ocrx_word' id='word_1_383' title='bbox 213 3872 353 3929; x_wconf 86' lang='lat' dir='ltr'><strong>diluvium</strong></span> <span class='ocrx_word' id='word_1_384' title='bbox 375 3877 578 3944; x_wconf 77' lang='lat' dir='ltr'><strong>computantur</strong></span> <span class='ocrx_word' id='word_1_385' title='bbox 601 3871 685 3939; x_wconf 90' lang='lat' dir='ltr'><strong>anni,</strong></span> <span class='ocrx_word' id='word_1_386' title='bbox 711 3867 867 3923; x_wconf 87' lang='lat' dir='ltr'><strong>seeundum</strong></span> <span class='ocrx_word' id='word_1_387' title='bbox 882 3864 994 3922; x_wconf 82' lang='lat' dir='ltr'><strong>codices</strong></span> <span class='ocrx_word' id='word_1_388' title='bbox 1009 3881 1059 3920; x_wconf 92' lang='lat' dir='ltr'><strong>no-</strong></span> 
     </span>
    </p>
   </div>
   <div class='ocr_carea' id='block_1_5' title="bbox 68 3949 773 4050">
    <p class='ocr_par' dir='ltr' id='par_1_5' title="bbox 68 3949 773 4050">
     <span class='ocr_line' id='line_1_45' title="bbox 68 3949 773 4050; baseline -0.011 -37"><span class='ocrx_word' id='word_1_389' title='bbox 68 3954 113 4014; x_wconf 81' lang='lat'><strong>11.</strong></span> <span class='ocrx_word' id='word_1_390' title='bbox 556 4043 558 4050; x_wconf 28' lang='grc' dir='ltr'>Ι</span> <span class='ocrx_word' id='word_1_391' title='bbox 748 3949 773 4005; x_wconf 85' lang='lat' dir='ltr'>E</span> 
     </span>
    </p>
   </div>
   <div class='ocr_carea' id='block_1_6' title="bbox 0 0 1298 4396">
    <p class='ocr_par' dir='ltr' id='par_1_6' title="bbox 0 0 1298 4396">
     <span class='ocr_line' id='line_1_46' title="bbox 0 0 1298 4396; baseline 0 0"><span class='ocrx_word' id='word_1_392' title='bbox 0 0 1298 4396; x_wconf 95' lang='lat' dir='ltr'><strong> </strong></span> 
     </span>
    </p>
   </div>
  </div>
 </body>
</html>
