2590 4396
255 205 318 264 DE
342 203 557 264 ClVl'I'ATE
582 207 661 266 DEI
692 209 776 269 ΗΒ.
802 212 836 269 V.
1007 221 1065 277 155

23 365 80 434 stis,
100 361 154 418 uhi
169 359 334 415 thesaurus
349 359 513 414 communia
528 367 572 414 est
583 359 727 418 veritatis.
754 361 882 420 Proinde
896 383 955 422 non
970 369 1064 426 solum

22 457 48 502 ιι
57 447 124 502 talis
142 459 266 498 merces
279 441 385 498 talibus
401 440 568 498 hominibus
581 441 768 518 redderetur,
795 444 958 504 Romanum
971 451 1062 525 impe-

21 533 87 586 rium
100 528 140 584 ad
153 526 321 582 humanam
333 525 460 602 gloriam
471 525 622 582 dilatatum
635 537 694 598 est3
722 547 824 586 verum
838 531 926 586 etiam
937 542 971 587 ut
983 535 1061 590 cives

20 622 154 668 aeternae
168 611 255 665 illius
269 607 415 680 Civitatis,
429 625 515 683 quam
529 607 579 664 diu
592 607 640 665 hic
652 611 891 690 peregrinantur,
906 613 1064 692 diligenter

20 707 46 752 et
59 695 162 751 sobrie
178 693 233 748 illa
254 693 427 748 intueantur
446 695 595 767 exempla,
622 701 652 749 et
670 693 791 751 videant
816 706 925 772 quanta
944 697 1062 754 dileetio

18 779 156 834 debeatur
171 793 323 850 supernae
335 776 448 850 patriae
461 785 579 850 propter
593 777 683 833 vitam
696 787 856 850 aeternam,
880 781 905 834 si
919 789 1033 836 tantum
1047 799 1063 836 a

19 865 73 916 suis
87 861 211 918 civibus
226 867 347 914 terrena
360 857 468 915 dilecta
482 867 528 914 est
539 869 657 935 propter
669 859 818 918 hominum
832 863 965 940 gloriam.

337 1034 341 1040 ’
398 1022 523 1082 CAP.
566 1023 697 1083 XVll.

21 1125 74 1188 Quo
79 1125 190 1198 fructu
201 1121 322 1174 Romani
331 1121 400 1174 dello
406 1121 555 1242 gesserla'nt,
568 1132 601 1243 tet
611 1133 741 1192 quantum
751 1123 793 1177 ha's
803 1143 867 1194 quos
877 1127 963 1180 eicere
975 1137 1066 1180 conto·

506 1207 566 1244 eran
582 1231 588 1242 .

79 1284 239 1350 Quanmm
253 1281 333 1336 enim
345 1281 473 1354 pertinet
482 1281 519 1337 ad
528 1279 605 1336 hanc
617 1283 707 1338 vitam
718 1285 892 1355 mortalium,
907 1302 980 1359 quae
993 1303 1064 1360 pau-

19 1370 58 1424 eis
72 1365 179 1422 diebus
195 1363 315 1420 ducitur
330 1371 360 1418 et
371 1363 483 1436 linitur,
497 1363 567 1439 quid
580 1365 705 1419 interest
718 1364 771 1420 sub
786 1367 870 1421 cuius
883 1368 1006 1440 imperio
1020 1369 1065 1422 vi-

17 1460 65 1506 vat
76 1449 168 1504 homo
182 1448 358 1518 moriturus,
372 1447 398 1501 si
412 1447 456 1502 illi
469 1448 521 1522 qui
534 1447 689 1521 imperant,
704 1445 741 1503 ad
752 1449 841 1522 impia
851 1457 881 1504 et
893 1450 993 1524 iniqua
1005 1468 1063 1507 non

19 1527 146 1611 roganti
171 1531 220 1587 An
241 1547 313 1586 vero
335 1531 445 1604 aliquid
466 1539 633 1586 nocuerunt
646 1528 772 1586 Romani
789 1531 939 1608 gentibue,
960 1533 1063 1608 quibus

20 1616 186 1692 subiugatis
200 1615 409 1687 imposuerunt
421 1615 502 1691 leges
515 1631 601 1684 suas,
625 1614 685 1670 nisi
698 1615 769 1688 quia
787 1614 818 1669 id
831 1615 942 1672 factum
957 1625 1002 1670 est
1016 1617 1064 1670 in-

21 1701 102 1776 genti
115 1707 221 1774 strage
236 1691 400 1752 bellorumi
422 1695 547 1764 Quodsi
561 1695 747 1752 concorditer
760 1696 855 1769 fieret,
869 1697 997 1771 idipsum
1009 1697 1063 1752 fic·

21 1792 64 1837 ret
75 1783 203 1838 meliore
216 1797 375 1836 successu:
390 1779 441 1836 sed
451 1782 531 1836 nulla
546 1789 623 1836 essct
633 1781 728 1858 gloria
738 1779 988 1856 triumphantium.
1003 1779 1063 1836 Ne-

23 1883 73 1939 que
89 1866 174 1920 enim
189 1871 219 1918 et
230 1861 358 1919 Romani
371 1879 431 1918 non
444 1863 585 1921 virebant
598 1863 650 1919 sub
663 1863 778 1941 legibus
792 1866 866 1935 suis,
881 1881 951 1938 quas
966 1873 1063 1918 caete-

21 1950 58 2003 ris
70 1946 276 2021 imponebant.
303 1945 372 2000 Hoc
394 1945 420 1999 si
433 1945 517 2002 lieret
537 1949 601 2001 sine
614 1943 708 2002 Marte
727 1953 757 2002 et
769 1945 891 2002 Bellona
904 1953 938 2001 ut
949 1963 1005 2000 nec
1017 1948 1063 2001 ri·

23 2032 114 2086 ctoria
127 2031 231 2085 locum
242 2026 381 2098 haberet,
408 2028 525 2084 nemine
541 2029 679 2086 vincente
700 2029 752 2085 ubi
769 2047 855 2084 nemo
869 2037 1064 2105 pugnaverat,

23 2133 120 2170 nonne
133 2111 282 2170 Rornanis
297 2119 329 2166 et
342 2112 466 2166 caeteris
479 2111 618 2188 gentibus
639 2129 700 2168 una
720 2119 799 2167 esset
819 2111 978 2184 eademque
992 2127 1064 2164 con-

23 2194 114 2253 ditiol
140 2195 324 2252 Praesertim
337 2194 364 2248 si
376 2209 447 2249 mox
459 2193 559 2267 lieret,
582 2194 660 2271 quod
678 2203 780 2268 postea
794 2193 963 2272 gratissime
977 2201 1064 2267 atquc

21 2279 234 2335 humanissime
246 2278 359 2334 laetum
372 2285 433 2348 est,
446 2285 479 2333 ut
490 2295 590 2334 omnes
605 2277 640 2334 ad
653 2275 819 2334 Romanum
831 2277 984 2352 imperium
996 2293 1064 2348 per-

21 2365 151 2418 tinentes
163 2363 341 2417 societatem
351 2361 519 2435 acciperent
531 2361 659 2418 civitatis
673 2371 703 2417 et
715 2359 843 2418 Romani
857 2361 937 2418 cives
951 2365 1065 2427 essent;

22 2465 54 2501 ae
69 2449 97 2500 si
112 2454 196 2502 esset
208 2445 358 2515 omnium,
383 2443 460 2518 quod
473 2453 537 2500 erat
549 2452 617 2500 ante
631 2461 805 2518 paucorum:
831 2451 963 2511 tantum,
987 2439 1066 2514 quod

20 2529 102 2601 plebs
115 2532 170 2585 illa
184 2545 259 2604 quae
273 2545 343 2583 suos
358 2545 445 2604 agros
459 2545 520 2583 non
532 2525 664 2597 haberet,
684 2527 719 2582 de
733 2525 846 2598 publico
858 2525 987 2580 vireret:
1015 2522 1066 2593 qui

19 2622 123 2684 pastus
140 2615 207 2669 eius
221 2629 274 2686 per
283 2609 381 2666 honos
392 2608 647 2666 administratores
656 2607 833 2679 reipublicae
844 2606 956 2684 gratius
965 2621 983 2657 a
994 2619 1065 2657 con-

19 2696 166 2751 cordibus
181 2703 393 2770 praestaretur,
407 2711 494 2768 quam
505 2691 592 2746 vietis
607 2697 844 2763 extorqueretur.

95 2782 111 2813 ⁹
124 2777 200 2834 Nam
222 2776 294 2853 quid
309 2777 430 2832 intersit
447 2775 484 2832 ad
507 2773 754 2844 incolumitatem,
780 2771 931 2846 bonosque
957 2783 1066 2839 mores,

19 2871 106 2940 ipsas
120 2869 200 2917 certe
212 2860 366 2917 hominum
379 2857 555 2936 dignitates,
582 2856 661 2932 quod
679 2855 730 2912 alii
748 2856 902 2926 vicerunt,
930 2851 981 2908 alii
994 2853 1066 2908 victi

19 2957 107 3017 sunt,
121 2947 244 3001 omnino
257 2961 319 2999 non
332 2940 429 3013 rideo,
442 2950 559 3016 praeter
572 2941 655 2997 illurn
671 2939 782 3018 gloriae
795 2937 939 2994 humanae
952 2936 1064 2991 inanis-

19 3035 131 3086 simum
144 3029 266 3098 fastum,
292 3027 325 3081 in
338 3043 397 3101 quo
410 3033 606 3100 perceperunt
625 3019 788 3080 mercedem
802 3039 899 3092 suam,
926 3019 978 3096 qui
1002 3020 1066 3075 eius

18 3115 144 3191 ingenti
159 3110 298 3184 cupidine
311 3117 460 3178 arserunt,
488 3117 518 3163 et
531 3107 665 3164 ardentia
678 3105 753 3162 bella
766 3111 933 3184 gesserunt.
973 3099 1065 3158 Num-

18 3197 92 3271 quid
108 3197 193 3252 enim
206 3195 324 3248 illorum
337 3192 403 3268 agri
417 3192 525 3246 tributa
538 3209 598 3246 non
614 3185 750 3247 solvuntl
776 3185 926 3262 Numquid
940 3187 982 3240 eis
996 3186 1066 3239 licet

18 3281 154 3350 discere,
181 3276 259 3351 quod
278 3277 343 3331 aliis
363 3293 424 3330 non
437 3269 526 3328 lieet?
551 3271 700 3348 Numquid
722 3291 784 3328 non
805 3271 890 3326 multi
914 3275 1066 3324 senatores

18 3372 91 3420 sunt
107 3365 140 3418 in
155 3362 224 3416 aliis
239 3360 340 3428 terris,
355 3357 406 3432 qui
419 3355 540 3412 Romam
559 3373 596 3410 ne
609 3353 685 3411 facie
698 3353 814 3430 quidem
827 3347 955 3408 noruntl
982 3347 1068 3404 Tolle

19 3446 210 3514 iactantiam,
226 3451 256 3497 et
269 3457 370 3497 omncs
383 3438 517 3495 homines
530 3437 599 3513 quid
612 3448 682 3494 sunt
695 3437 753 3492 nisi
767 3429 920 3491 homiuesl
945 3429 1069 3498 Quodsi

19 3529 208 3602 perversitas
223 3513 334 3580 saeculi
347 3521 532 3598 admitteret,¹
555 3515 588 3577 n't
609 3519 813 3576 honoratiores
836 3525 936 3572 essent
959 3511 1069 3586 quique

19 3614 182 3667 meliores:
207 3625 263 3665 nec
282 3610 325 3663 sic
340 3623 395 3681 pro
416 3623 523 3683 myagno
545 3603 647 3660 haberi
672 3601 772 3658 debuit
795 3599 889 3655 honor
911 3595 1068 3661 humanus,

20 3698 90 3766 quia
107 3695 222 3751 nullius
238 3701 283 3747 est
296 3688 436 3765 ponderis
452 3687 559 3744 firmus.
586 3685 645 3743 Sed
666 3696 784 3742 utamur
805 3684 893 3737 etiam
911 3681 942 3734 in
962 3675 1007 3730 his
1021 3693 1069 3729 re-

21 3776 71 3833 bus
86 3776 241 3836 beneficio
251 3773 375 3835 Dourini
388 3771 446 3830 Dei
459 3771 568 3828 nostri:
584 3767 802 3826 consideremus
817 3770 925 3838 quanta
939 3767 1069 3816 contem-

23 3863 130 3933 serint,
147 3878 224 3940 quae
237 3855 429 3936 pertulerint,
444 3873 516 3931 quas
530 3851 703 3927 cupiditates
717 3845 889 3926 subegerint
901 3863 953 3920 pro
967 3841 1069 3898 huma-
