2576 4396
211 220 273 280 348
440 205 538 265 DlVl
564 203 752 264 AVRELll
777 203 1031 262 AVGVSTlNl

215 367 311 424 reclus
326 376 454 418 essemsm
467 356 644 432 uberiusque
657 353 834 412 fructuosae.
868 353 903 412 Si
916 373 1045 412 essemus
1059 358 1191 432 lapides,
1208 371 1261 416 aut

215 447 331 516 fluetus,
344 451 396 500 aut
406 450 523 512 ventus,
537 449 589 496 aut
599 437 725 510 flamma,
736 439 784 494 rel
794 437 865 513 quid
876 437 1029 510 eiusmodi,
1040 440 1105 495 sine
1116 443 1178 498 ullo
1191 446 1262 516 qui-

215 532 280 587 dem
299 544 387 584 sensu
407 533 493 599 atquc
511 524 589 594 vita,
616 529 789 578 nontamen
806 521 892 577 nobis
905 520 1022 578 deesset
1035 523 1121 598 quasi
1133 524 1265 598 quidam

217 621 387 670 nostrorum
401 608 534 662 locorum
547 613 635 680 atque
648 602 760 662 ordinis
773 605 927 679 appetitus.
950 603 1026 661 Nam
1039 606 1122 662 velut
1134 624 1262 664 amores

214 694 370 769 corporum
395 697 543 746 momenta
567 697 638 744 sunt
658 687 834 763 ponderum,
860 688 923 744 sive
941 687 1075 744 deorsum
1093 691 1264 766 gravitate,

213 781 275 834 sive
289 792 406 832 sursum
418 772 539 828 leuitate
552 772 694 828 nitantur.
737 769 782 826 lta
795 771 873 826 enim
887 789 993 846 corpus
1005 770 1151 846 pondere,
1177 775 1267 830 sicut

213 862 328 918 animus
341 849 442 912 amore
453 853 565 926 fertur,
591 872 764 929 quocunque
776 853 879 910 fertur.
925 855 1069 921 Quoniam
1087 854 1266 932 igiturbo-

213 945 307 999 mines
321 957 442 1008 sumus,
467 935 505 992 ad
523 939 619 994 nostri
632 935 780 994 Creatoris
799 938 958 1015 inagincm
972 938 1078 1008 creati,
1107 939 1196 994 cuius
1215 951 1268 996 est

214 1042 285 1082 vera
298 1023 470 1092 aeternitas,
484 1029 607 1078 aeterua
619 1021 740 1091 veritas,
754 1029 875 1076 aeterna
888 1030 918 1077 et
930 1039 1001 1077 vera
1015 1021 1133 1092 caritas,
1149 1031 1268 1098 estque

214 1111 279 1182 ipsa
291 1103 378 1182 [ipse]
393 1113 512 1188 aeterna
526 1113 556 1161 et
567 1122 638 1161 vera
652 1112 681 1160 et
694 1121 762 1159 cara
774 1101 907 1160 Trinitas
914 1123 1032 1180 ,neque
1046 1104 1188 1177 confusa,
1205 1126 1268 1162 ne-

215 1209 272 1267 que
291 1197 441 1264 separata3
467 1181 500 1244 in
518 1188 554 1242 iis
574 1187 691 1262 quidem
709 1187 795 1242 rebus
809 1205 884 1261 quae
897 1187 976 1243 infra
993 1205 1048 1243 nos
1063 1195 1153 1285 sunt,
1183 1207 1270 1265 quo·

215 1275 295 1332 niam
307 1291 362 1328 nec
375 1273 439 1348 ipsa
452 1289 507 1328 nec
525 1271 624 1345 aliquo
641 1269 727 1326 modo
746 1279 861 1341 essent,
888 1289 943 1326 nec
957 1271 1055 1345 aliqua
1069 1272 1170 1346 specie
1184 1291 1272 1330 con-

214 1359 397 1426 tinerentur,
420 1372 476 1410 nee
488 1355 616 1428 aliquem
629 1353 762 1409 ordinem
776 1353 822 1408 vel
835 1362 1023 1428 appeterent,
1042 1356 1091 1410 vel
1103 1362 1272 1430 tenerent,

215 1441 274 1498 nisi
287 1440 322 1496 ab
337 1441 388 1494 illo
402 1435 480 1492 facta
494 1445 597 1492 essent
610 1437 661 1510 qui
674 1454 784 1492 summe
798 1444 857 1508 est,
877 1437 928 1511 qui
941 1453 1051 1492 summe
1065 1437 1187 1510 sapiens
1207 1451 1272 1512 est,

214 1525 264 1598 qui
279 1537 391 1578 summe
405 1519 499 1576 bonus
514 1527 575 1591 est;
600 1527 739 1594 tanquam
756 1537 809 1592 per
828 1520 926 1575 omnia
944 1537 1018 1594 quae
1036 1519 1107 1576 fecit
1123 1521 1274 1580 mirabili

214 1604 377 1680 stabilitate
391 1611 561 1673 currentes,
577 1603 662 1677 quasi
675 1600 817 1676 quaedam
830 1603 893 1658 eius
907 1601 977 1658 alibi
990 1604 1099 1680 magis,
1111 1603 1190 1660 olibi
1207 1609 1271 1662 mi-

213 1704 269 1742 nus
293 1687 434 1759 impressa
453 1685 583 1762 vestigia
606 1685 793 1762 colligamus3
819 1687 852 1742 in
869 1685 953 1742 nobis
971 1695 1069 1742 autem
1090 1687 1168 1762 ipsis
1197 1692 1271 1746 eius

214 1769 374 1846 imaginem
394 1775 586 1866 contuentes,
613 1775 753 1842 tanquam
772 1769 869 1825 minor
888 1770 938 1824 ille
951 1767 1150 1848 Evangelicus
1178 1771 1271 1828 filius

214 1851 251 1908 ad
264 1851 458 1923 nosmetipsos
471 1851 585 1906 reversi
597 1867 751 1928 surgamus
758 1889 768 1920 ,
788 1859 822 1906 ut
834 1851 871 1908 ad
884 1852 968 1907 illum
979 1851 1151 1924 redeamus,
1167 1872 1186 1909 a
1204 1875 1272 1932 quo

213 1931 361 2008 peccando
374 1950 599 1989 recesseramus.
632 1932 674 1989 lbi
689 1949 753 1989 esse
767 1943 902 1991 nostrum
915 1953 976 1991 non
988 1933 1105 1991 babebit
1115 1948 1273 2011 mortem,

214 2018 254 2076 ibi
270 2035 358 2072 nosse
371 2025 504 2072 nostrum
517 2035 578 2073 non
590 2014 709 2073 babebit
722 2034 863 2090 errorem,
879 2017 920 2074 ibi
933 2035 1030 2073 aurare
1043 2027 1184 2076 nostrum
1201 2042 1273 2080 non

213 2099 331 2158 babebit
343 2097 544 2157 offensionem.
563 2100 649 2160 Nunc
662 2107 761 2156 autem
772 2099 829 2156 ista
840 2095 897 2156 tria
910 2109 1012 2157 nostra
1025 2105 1160 2201 quamvis
1176 2117 1273 2162 certa

214 2193 382 2255 teneamus,
409 2202 463 2240 nec
480 2184 547 2239 aliis
567 2203 602 2241 ea
622 2181 773 2240 credamus
793 2184 936 2256 testibus,
963 2183 1014 2240 sed
1026 2203 1081 2240 nos
1095 2186 1157 2258 ipsi
1170 2206 1272 2262 prae-

213 2268 310 2322 sentia
323 2267 501 2336 sentiamus,
519 2274 607 2341 atque
620 2265 764 2321 interiore
776 2268 965 2323 veracissimo
979 2285 1133 2324 cernamus
1149 2270 1273 2347 adspe-

214 2357 280 2419 ctu,
305 2356 403 2402 tamen
417 2347 554 2421 quamdiu
569 2348 685 2420 futura,
711 2349 760 2404 vel
772 2356 872 2405 utrum
884 2367 1034 2424 nunquam
1047 2348 1208 2427 defutura,
1242 2367 1275 2412 et

213 2448 270 2506 quo
285 2431 311 2486 si
323 2429 414 2501 bene,
432 2446 491 2503 quo
502 2438 600 2488 autem
613 2431 726 2487 simale
738 2439 882 2509 agantur,
896 2442 1073 2508 perventura
1086 2435 1166 2508 sint,
1182 2453 1273 2513 quo-

212 2515 292 2570 niam
310 2531 362 2588 per
380 2529 433 2568 nos
454 2513 533 2587 ipsos
552 2529 640 2570 nosse
657 2531 718 2570 non
735 2532 903 2588 possumus,
929 2515 1002 2572 alios
1015 2513 1084 2572 hinc
1098 2525 1199 2574 testes
1216 2525 1275 2579 vel

212 2597 393 2672 quaerimus,
406 2597 456 2652 vel
466 2593 623 2669 babemus3
654 2595 689 2652 de
703 2614 826 2674 quorum
839 2597 896 2654 fide
910 2617 962 2655 cur
975 2600 1056 2655 nulla
1069 2599 1179 2658 debeat
1195 2623 1276 2662 esse

212 2679 371 2751 dubitatio,
385 2698 446 2736 non
460 2688 506 2734 est
517 2681 590 2750 istc,
610 2680 662 2736 sed
671 2681 816 2755 posterior
830 2683 887 2738 erit
900 2681 1071 2760 diligentius
1086 2683 1276 2744 disserendi

211 2760 647 2820 locus.1nhocautcmlibrc
661 2763 696 2818 de
710 2761 837 2820 Ciuitate
850 2763 924 2836 Dei,
951 2783 1027 2839 quae
1040 2784 1101 2822 uon
1114 2774 1274 2847 peregri-

212 2847 324 2902 natur'
316 2863 348 2900 ιιι
360 2843 447 2898 huius
461 2844 540 2899 vitae
552 2847 744 2916 mortalitate,
759 2845 811 2902 sed
823 2848 996 2904 immortalis
1008 2865 1122 2923 semper
1136 2851 1171 2906 in
1187 2871 1275 2910 eoe-

210 2928 246 2982 lis
261 2935 322 2996 est,
346 2925 451 2995 idest,
473 2923 644 3002 deAngelrs
658 2930 768 2984 sanctis
782 2928 847 2986 Deo
862 2927 1101 3001 cohaerentibus,
1131 2935 1186 3007 qui
1203 2955 1274 2992 neo

209 3009 332 3064 luerunt
348 3023 493 3081 unquam,
520 3026 575 3064 nec
587 3007 681 3066 futuri
695 3020 765 3068 sunt
778 3010 961 3084 desertores,
987 3013 1066 3070 inter
1078 3031 1154 3089 quos
1169 3027 1206 3072 et
1225 3021 1273 3074 il-

209 3093 252 3146 los
266 3091 317 3164 qui
330 3098 481 3146 aeternam
493 3091 588 3148 lucem
601 3091 786 3166 deserentes,
811 3095 950 3152 tenebrae
963 3095 1033 3152 lacti
1045 3106 1129 3168 sunt,
1154 3096 1273 3159 Deum

208 3174 341 3249 primitus
362 3171 496 3229 divisisse
513 3175 572 3230 iam
586 3175 732 3248 diximus,
757 3178 809 3234 illo
826 3177 983 3236 adiuvante
996 3178 1072 3255 quod
1086 3182 1271 3256 coepimus,

207 3266 240 3313 ut
251 3275 405 3332 possumus
420 3258 608 3332 explicemus.

559 3426 682 3486 CAP.
724 3426 883 3486 XXIX.

205 3520 248 3574 De
262 3530 417 3574 sanctorum
428 3520 594 3591 Angelorum
610 3523 738 3589 senectia,
757 3541 810 3607 qua
824 3523 1017 3578 Trinitatem
1005 3543 1035 3578 ιιι
1049 3526 1110 3594 s'psa
1124 3529 1187 3580 es'sss
1200 3533 1272 3586 dei-

205 3599 262 3642 tate
273 3598 419 3653 nooerunt,
430 3598 457 3641 ιι
467 3608 520 3659 qca
531 3608 641 3659 operum
651 3610 747 3647 causas
754 3593 834 3674 prim
845 3594 874 3646 ιἰι
885 3595 1023 3669 operantis
1037 3603 1099 3648 arte
1104 3633 1113 3661 ,
1125 3614 1212 3665 quam
1228 3603 1271 3657 s'n

475 3660 542 3728 ipsis
553 3661 677 3727 opersbus
687 3663 826 3734 crtqfics's
815 3664 966 3716 ιιιιιιιιιιιιν

268 3759 314 3815 llli
328 3764 433 3836 quippe
446 3765 554 3842 Angeli
568 3769 665 3822 sancti
678 3787 739 3825 non
756 3787 808 3842 per
822 3767 912 3825 verba
925 3771 1060 3826 sonantia
1073 3769 1170 3828 Deum
1185 3772 1271 3833 dis.

206 3850 291 3912 cunt3
310 3843 361 3898 sed
374 3847 533 3920 peripsam
545 3853 743 3921 praesentiam
755 3850 941 3908 immutabilis
955 3853 1103 3922 veritatis,
1116 3850 1173 3909 boc
1189 3869 1271 3934 eet,
