2510 4404
191 244 250 302 DE
274 243 491 304 CIVITATE
515 243 592 303 DEI
619 247 697 304 ΗΒ,
720 246 836 306 xxti.
971 257 1026 312 371

37 395 67 451 ed
82 405 170 452 tantae
181 407 228 454 est
240 400 290 454 ifle
304 400 464 476 sapientiae
480 409 635 475 tantaeque
655 387 787 474 virtutis,¹
813 407 887 460 utin
903 425 951 460 eos
966 425 1030 464 exc·

33 499 63 536 us
77 482 133 537 sire
144 480 225 554 fines,
239 501 311 558 quos
325 484 415 539 bonos
430 493 459 539 et
472 485 561 540 iustos
574 485 636 559 ipse
649 487 822 559 praescivit,
836 488 957 544 tendant
972 509 1029 548 em-

33 567 74 633 nia,
87 583 154 639 quae
165 567 311 624 voluntati
322 569 384 622 eius
397 567 533 623 videntur
546 567 676 623 adversa.
701 573 742 624 Ac
752 589 802 644 per
813 569 867 626 hoc
879 591 945 627 cum
951 571 1028 629 Deus

33 657 120 704 nutare
134 649 236 706 dieitur
248 653 446 723 voluntatem,
472 661 506 706 ut
518 653 621 726 quibus
635 653 709 708 leuis
724 665 804 724 erat,
828 655 910 711 verbi
923 658 1029 733 gratia,

33 732 259 805 cddnturiratus,
285 737 329 790 illi
341 735 438 810 potius
451 753 537 810 quam
551 737 612 809 ipse
632 745 798 808 mutantur,
826 747 855 793 ct
874 757 939 794 eum
958 758 1030 814 quo-

35 836 77 872 am
87 817 164 873 modo
176 827 320 874 mutatum
332 819 365 874 in
377 815 422 874 his
437 837 511 894 quae
522 821 672 892 patiuntur
686 821 855 878 inveniunt:
883 824 957 878 sicut
969 842 1030 879 mu-

33 910 87 955 stur
99 903 140 956 sol
153 903 243 958 oeulis
258 904 412 973 sauciatis,
426 912 456 958 et
468 919 552 978 asper
566 903 691 978 quodam
704 905 788 960 modo
803 924 839 960 ex
852 908 932 976 miti,
952 917 981 962 et
994 925 1029 962 ex

34 985 166 1040 electubili
178 988 318 1042 molentun
337 985 475 1057 efficitur,
501 1003 588 1061 quum
602 989 668 1060 ipse'
677 989 751 1062 apud
765 1007 796 1043 se
809 985 902 1064 iprum
916 1001 1031 1046 maneat

33 1069 85 1123 iem
97 1071 144 1143 qui
157 1069 221 1125 tuit.
244 1070 361 1126 Dicitur
374 1071 461 1125 etiam
473 1071 611 1126 voluntas
623 1069 697 1142 Dei,
711 1089 797 1146 quam
810 1073 880 1128 facit
892 1075 922 1129 in
937 1074 1031 1130 cordi-

33 1171 61 1207 us
75 1152 263 1210 obedientium
276 1153 419 1212 mandatis
434 1155 512 1224 eius,
539 1153 574 1208 de
595 1173 652 1228 qua
665 1153 738 1210 dicit
750 1155 921 1229 Apostolus:
950 1155 1032 1214 Deus

33 1247 55 1292 rt
68 1239 152 1306 enim,
175 1240 227 1316 qni
238 1249 381 1316 operetur
394 1239 425 1293 in
438 1237 518 1292 uobis
532 1236 640 1313 [nobis]
661 1249 690 1295 et
702 1239 784 1294 cette.
829 1238 914 1296 Sicut
928 1237 1030 1316 [euim]

33 1319 185 1391 trtitiaDei,
200 1341 260 1378 non
274 1323 368 1378 solum
379 1339 434 1396 qua
447 1323 510 1392 ipse
523 1322 618 1376 iustus
632 1333 676 1377 est
689 1322 806 1394 dicitur,
820 1323 870 1378 sed
883 1325 933 1380 illa
947 1327 1031 1380 etiam

33 1423 90 1459 ram
102 1406 132 1461 in
144 1404 278 1478 homine,
304 1407 354 1480 qui
366 1404 400 1460 ab
415 1405 465 1460 iiie
480 1403 668 1474 iustificam,
696 1407 783 1462 iacit:
809 1409 852 1462 sie
866 1410 956 1464 etlex
970 1410 1033 1464 eius

33 1497 138 1560 reatur,
152 1507 225 1564 quae
238 1491 333 1564 potius
349 1497 393 1544 est
405 1487 569 1559 hominum,
584 1487 634 1543 sed
647 1489 682 1545 ab
697 1492 760 1563 ipso
775 1491 850 1546 data.
886 1491 961 1548 Nam
975 1493 1032 1546 uti-

33 1592 61 1628 ιο
73 1571 200 1628 homines
221 1583 320 1644 erant,
349 1572 453 1648 quibus
467 1573 509 1628 ait
521 1570 619 1644 lesus,
646 1570 682 1630 In
697 1575 874 1650 legecestra
888 1578 1032 1653 seriptum

35 1667 66 1713 t:
93 1676 156 1712 eum
168 1658 225 1713 alio
238 1659 303 1713 leco
318 1659 466 1734 legamus,
479 1653 543 1712 Lea
556 1655 617 1713 Dei
630 1659 693 1714 eius
707 1659 737 1713 in
749 1659 836 1715 corde
848 1661 953 1737 ι’]ιείιιι.
977 1657 1033 1716 Se-

33 1741 125 1796 rudum
143 1740 217 1797 hanc
234 1743 431 1811 voluntatem,
457 1758 543 1814 quam
557 1739 638 1797 Deus
659 1749 795 1817 operatur
811 1745 843 1797 iu
857 1741 1033 1812 hominibus,

33 1827 89 1880 iam
101 1827 174 1881 velle
188 1825 308 1895 dicitur,
323 1824 398 1902 quod
412 1827 474 1899 ipse
489 1843 548 1880 non
562 1826 641 1896 vult,
655 1825 704 1880 sed
719 1843 787 1881 suos
800 1826 830 1880 id
843 1829 974 1884 volentes
989 1826 1032 1882 ia-

33 1918 54 1964 t:
81 1905 478 1988 sieutdiciturcognovisse,
506 1908 581 1983 quod
600 1919 633 1964 ut
652 1920 881 1988 cognosceretur
906 1911 991 1981 feeit,
1017 1931 1032 1965 a

33 1994 104 2048 tibus
122 1994 322 2072 ignorabatur.
362 1992 465 2067 Neque
479 1995 558 2048 enim
571 1991 688 2048 dicente
701 1994 856 2065 Apostolo,
882 1991 966 2050 Nunc
980 2013 1032 2048 au-

33 2097 58 2131 m
73 2074 391 2153 cognoscentesDeum,
405 2078 461 2131 imo
475 2077 588 2151 cogniti
598 2073 697 2144 aDee,
711 2074 754 2130 fas
769 2085 813 2130 est
826 2085 859 2130 ut
872 2075 1032 2143 credamus,

33 2160 78 2215 rod
97 2179 146 2216 eos
160 2171 233 2216 tune
247 2160 419 2236 cognoverit
431 2157 512 2213 Deus
532 2159 739 2235 praecognitos
760 2167 828 2214 aute
847 2159 1032 2216 constitutio-

33 2265 65 2299 ειη
77 2245 192 2300 muudi:
220 2241 271 2298 sed
283 2251 353 2298 tunc
377 2243 553 2319 cognovisse
568 2240 662 2296 dietus
678 2250 739 2312 est,
765 2241 841 2317 qued
853 2250 924 2297 tune
938 2251 971 2296 ut
984 2259 1032 2298 cc-

33 2339 192 2385 rosceretur
206 2326 310 2384 effecit.
335 2325 381 2382 De
391 2325 438 2382 his
449 2327 629 2383 locutionum
639 2325 732 2380 modis
744 2326 802 2380 iam
816 2327 888 2380 etin
902 2327 1032 2401 superio-

33 2432 75 2468 ms
89 2414 174 2469 libris
187 2412 306 2467 memini
320 2410 504 2486 disputatum.
542 2407 709 2486 Secundum
724 2408 798 2466 hanc
813 2429 883 2488 ergo
898 2413 1032 2466 voluuta-

33 2518 68 2568 u,
96 2515 155 2572 qua
169 2495 266 2552 Deum
278 2497 353 2552 velle
367 2494 487 2550 dicimus
507 2492 581 2568 qued
595 2495 667 2548 alies
683 2492 770 2549 efficit
783 2495 872 2564 velle,
899 2495 1031 2568 aquibus

33 2599 94 2636 :ura
108 2581 299 2648 nesciuntur,
315 2580 405 2633 multa
419 2579 496 2648 vult,
511 2595 566 2632 uec
579 2577 658 2632 facit.

56 2669 72 2700 d
86 2663 183 2720 Multa
196 2665 275 2718 enim
288 2663 391 2717 volunt
403 2661 467 2716 fieri
480 2661 575 2716 saneti
590 2661 651 2716 eius
666 2660 700 2716 ab
712 2661 763 2716 ille
777 2661 919 2734 inspirata
931 2671 1031 2716 sancta

33 2751 162 2817 luntate,
177 2766 231 2802 nee
244 2745 335 2816 fiuut;
361 2746 436 2800 sicut
449 2753 535 2801 orant
546 2763 598 2818 pro
614 2743 787 2820 quibusdam
800 2746 847 2818 pie
862 2755 1030 2818 sancteque,

33 2831 115 2906 qued
129 2838 218 2886 eraut
230 2847 290 2886 nou
301 2827 381 2900 iacit,
395 2847 461 2884 cum
474 2831 536 2903 ipse
549 2830 580 2885 iu
595 2830 635 2883 eis
647 2827 722 2884 haue
736 2828 837 2884 orandi
850 2831 1030 2884 voluntatem

33 2923 97 2969 reto
105 2912 224 2988 Spiritu
237 2932 289 2970 suo
303 2912 415 2969 fecerit.
437 2913 479 2970 Ae
493 2933 545 2988 per
558 2911 624 2984 hoe,
639 2912 754 2988 quando
769 2911 928 2969 secuudum
935 2911 1029 2969 Deum

33 3001 98 3053 lunt
122 3007 155 3054 et
180 3007 267 3055 orant
289 3000 398 3070 sancti,
425 2999 597 3074 utquisque
615 2999 653 3052 sit
671 2999 786 3068 salvus,
812 3016 965 3072 possumus
979 2998 1030 3053 illo

33 3082 77 3138 »do
98 3084 264 3140 locutionis
284 3084 397 3153 dicere,
422 3080 492 3138 Vult
506 3081 586 3138 Deus
601 3091 630 3137 et
643 3100 704 3138 non
717 3081 804 3152 facit3
831 3091 865 3138 ut
877 3083 971 3156 ipsum
986 3081 1029 3137 di-

33 3185 90 3222 nus
104 3169 201 3239 velle,
221 3169 271 3244 qui
285 3177 318 3223 ut
330 3168 423 3222 velint
436 3167 492 3220 ista
504 3164 582 3220 facit.
628 3163 793 3222 Secundum
804 3167 884 3220 illam
895 3185 965 3222 vero
980 3185 1030 3221 vo·

33 3259 138 3306 itatem
153 3271 247 3322 suam,
260 3269 334 3326 quae
349 3268 413 3304 cum
424 3249 487 3302 eius
500 3249 692 3320 praescientia
704 3249 880 3320 sempiterna
894 3257 949 3318 est,
963 3267 1029 3320 pro-

33 3344 66 3389 to
82 3336 117 3389 in
133 3335 218 3390 coelo
234 3335 308 3388 etin
321 3341 400 3386 terra
414 3330 511 3384 omnia
525 3347 711 3402 quaecuuque
724 3329 832 3398 voluit,
859 3348 918 3384 neu
939 3330 1031 3404 solum

33 3419 158 3472 teterita
173 3417 220 3472 vel
232 3415 416 3489 praesentia,
444 3412 493 3468 sed
514 3414 600 3469 etiam
619 3411 718 3466 futura
730 3413 789 3468 iam
806 3411 883 3466 fecit.
924 3411 1030 3468 Verum

33 3511 57 3554 te
74 3519 171 3574 quam
184 3501 285 3555 veniat
297 3508 425 3571 tempus,
448 3515 502 3571 quo
515 3497 609 3552 voluit
623 3505 656 3551 ut
670 3495 771 3566 fieret,
786 3495 864 3570 quod
876 3505 944 3551 ante
958 3505 1030 3550 tcm-

33 3602 60 3638 τι
74 3584 225 3639 universa
236 3581 393 3658 praescivit
407 3590 492 3656 atque
506 3579 665 3656 disposuit,
680 3578 820 3652 dicimus,
837 3577 904 3636 Fiet
917 3577 1029 3654 quaudo

33 3686 71 3722 us
87 3667 234 3722 voluerit.
278 3664 312 3722 Si
329 3673 424 3720 autem
444 3683 503 3721 nou
522 3665 613 3720 solum
635 3672 746 3737 tempus
766 3681 821 3738 quo
835 3663 963 3720 futurum
977 3673 1030 3733 est,

33 3771 95 3808 um
110 3753 206 3806 etiam
219 3759 316 3807 utrum
328 3749 458 3804 futurum
478 3749 516 3804 sit
533 3749 722 3826 ignoramus,
747 3745 882 3818 diturus,
904 3747 983 3820 Fiet,
1007 3749 1030 3803 si

34 3856 73 3894 us
90 3836 244 3893 voluerit:
274 3853 333 3891 nou
347 3834 415 3910 quia
430 3831 511 3890 Deus
530 3851 633 3889 novam
653 3833 846 3903 voluntatem,
870 3851 954 3910 quam
974 3850 1031 3888 non
1119 3853 1125 3856 ·

660 3916 745 3972 Ara-2
