2602 4416
253 193 312 253 DE
335 187 554 252 ClVlTATE
577 185 657 243 DEl
679 183 760 241 [ΑΒ.
781 183 843 240 lll.
1031 184 1071 238 oo

69 354 163 422 volunt,
187 358 215 405 et
228 347 263 404 de
277 346 360 402 malis
374 340 559 410 carnalibus,
573 355 648 414 quae
661 337 725 391 sole
737 334 851 408 perpeti
864 334 980 404 uolunt,
993 330 1072 405 quod

69 453 143 510 nequo
167 435 196 489 in
220 430 265 488 hir
292 428 433 496 babeant,
460 441 546 498 quarn
563 428 707 494 putantur
719 415 827 472 habere
841 415 891 470 isti
904 413 1071 482 daemones,

68 525 230 590 potestatem,
258 527 425 588 quanquam
438 505 635 575 sihaberent,
662 501 834 556 deberemus
859 499 961 572 potius
984 499 1071 553 etiam
1134 499 1139 508 ’

67 602 109 656 ista
120 607 314 666 contemnere,
336 611 424 668 quam
436 597 556 665 propter
569 589 626 642 ista
639 586 705 640 illos
720 584 829 652 colare,
844 588 874 636 ct
887 598 937 635 eos
950 578 1072 636 colendo

67 683 145 738 odilla
156 699 226 756 quae
239 679 329 736 nobis·
340 673 491 743 invident,
517 670 672 746 pervenire
696 684 757 723 non
777 681 881 738 posse:
906 671 1006 718 tamen
1019 680 1074 717 nec

67 767 154 821 inistis
168 782 216 820 eos
228 761 284 818 hoc
298 762 399 818 valere
413 755 491 832 quod
504 753 535 808 hi
553 759 675 828 putant,
701 751 752 824 qui
777 755 899 821 propter
923 744 997 802 baec
1024 761 1074 800 οοι

68 851 110 904 coli
121 857 246 922 oportere
259 841 461 911 contendunt,
488 838 625 910 deinceps
638 833 812 902 videbimus,
826 838 860 886 ut
870 827 919 886 bic
933 829 974 884 sit
986 826 1075 884 huius

68 933 196 987 voluminis
211 928 323 985 modus.

75 1120 1061 1166 WMWWWWQWW

272 1299 479 1372 traua
533 1289 837 1365 uunurvs

415 1411 629 1525 CAP'VT
673 1459 695 1516 l.

73 1586 106 1640 lle
114 1588 299 1642 adversitatibus
323 1571 671 1656 quuttcls'malimctuunt',
692 1581 796 1639 etquuc
809 1583 912 1635 semper
929 1568 1079 1633 parsurm

357 1653 484 1714 muudus,
505 1650 566 1700 dum
576 1647 637 1698 deor
648 1645 756 1696 coleret.

72 1744 120 1826 lan
130 1769 190 1824 satis
204 1766 316 1824 dictum
332 1761 461 1818 arbitror
475 1755 510 1811 de
525 1771 640 1810 morum
653 1749 738 1806 malis
753 1755 783 1802 et
796 1745 977 1811 animorum,
1005 1755 1080 1812 quae

72 1852 196 1924 praecipue
217 1845 353 1907 carendo
380 1850 467 1912 sunt,
492 1836 566 1894 nihil
579 1835 649 1891 deos
663 1834 753 1889 falsos
767 1829 876 1904 populo
892 1825 999 1882 cultori
1013 1840 1080 1890 suo,

73 1935 208 2007 quominus
221 1950 330 1990 eorum
342 1927 488 1983 malorum
506 1939 616 1999 aggere
629 1923 828 1992 premeretur,
856 1908 1013 1966 subvenire
1028 1923 1080 1960 cu-

71 2033 144 2089 rasse3
166 2017 346 2090 redpotius,
373 2007 547 2065 utmuxime
565 2007 765 2077 premeretur,
793 1995 901 2072 egisse.
944 1989 1032 2045 Nunc
1046 1987 1081 2041 de

71 2100 113 2154 illis
124 2102 195 2156 malis
208 2099 293 2157 video
309 2091 487 2160 dicendum,
512 2106 587 2162 quac
601 2087 664 2142 sola
678 2083 729 2138 isti
743 2077 858 2152 perpeti
871 2075 995 2141 nolunt,
1009 2087 1081 2144 qua-

73 2184 100 2236 lia
111 2192 169 2239 sunt
179 2183 285 2253 fames,
316 2177 457 2244 morbus,
483 2173 607 2240 bellum,
622 2163 816 2240 exspoliatio,
831 2156 1003 2232 captivitas,
1016 2162 1082 2208 tru-

74 2265 168 2322 cidatio:
187 2268 252 2323 etsi
266 2279 330 2340 qua
344 2259 451 2316 similia
464 2257 523 2310 iam
537 2256 568 2309 in
582 2253 675 2328 primo
690 2249 764 2304 libro
780 2239 1081 2300 commemoravimus.

72 2345 132 2405 Haec
144 2353 214 2407 enim
227 2351 291 2406 sola
304 2344 379 2403 mali
391 2340 534 2413 deputant
548 2337 640 2406 mala,
671 2349 746 2406 quae
759 2347 821 2386 non
834 2326 950 2382 faciunt
970 2321 1081 2378 malos:

72 2449 112 2488 uec
131 2435 299 2490 crubescunt
328 2430 408 2484 inter
432 2423 510 2479 bona
536 2437 611 2496 quac
636 2414 773 2484 laudant,
800 2411 857 2484 ipsi
870 2408 939 2463 meli
953 2423 1017 2460 csse
1032 2403 1081 2476 qui

72 2514 181 2590 laudant3
204 2517 362 2595 magisque
389 2504 626 2572 stomachantur,
653 2501 680 2555 si
703 2498 805 2554 villum
827 2487 1083 2553 malamhabeant,

72 2615 140 2670 quam
150 2603 173 2656 si
184 2603 287 2658 vitam:
305 2593 393 2671 quasi
405 2589 461 2646 boo
475 2585 655 2644 sithominis
671 2579 831 2635 maximum
842 2574 964 2637 bonum,
976 2566 1083 2620 habere

71 2680 244 2755 bouaomuia,
272 2686 395 2756 praeter
419 2693 451 2730 se
474 2674 581 2744 ipsum.
626 2661 686 2720 Sed
697 2675 794 2732 neque
806 2655 878 2710 talia
891 2651 984 2719 mala,
1011 2665 1084 2720 quac

72 2764 113 2818 isti
125 2764 364 2832 solalormidant,
391 2758 432 2814 dii
446 2772 566 2823 eorum,
591 2744 709 2824 quando
724 2743 759 2798 ab
774 2740 817 2795 eis
837 2735 930 2792 libere
948 2729 1083 2787 coleban-

72 2855 126 2918 tur,
148 2853 247 2906 nciliis
262 2844 455 2913 acciderent,
482 2837 671 2894 obstiterunt.
716 2825 789 2884 Cum
815 2820 893 2877 euim
918 2816 1010 2874 variis
1034 2830 1086 2886 per
1124 2829 1129 2842 ·

73 2927 167 2988 diversa
187 2935 250 2990 loca
273 2925 459 3002 temporibus
472 2930 542 2978 ante
556 2917 712 2974 adveutum
728 2905 915 2966 Redemtoris
929 2899 1026 2957 nostri
1039 2898 1085 2952 in-

72 3017 276 3072 numerabilibus
288 3009 504 3082 nonnullisque
515 3004 604 3059 etiam
613 2992 835 3054 incredibilibus
847 2986 978 3042 cladibus
991 2998 1086 3060 genus

73 3106 252 3156 contereretur
277 3097 458 3159 humanum,
485 3105 559 3163 quos
573 3085 647 3139 alios
663 3097 750 3156 quam
767 3077 841 3130 istos
866 3069 936 3126 deos
959 3063 1087 3123 muudus

73 3181 180 3253 colebat,
204 3189 333 3254 excepto
361 3193 421 3231 uno
448 3171 554 3248 populo
582 3165 733 3232 Hebraeo,
760 3167 790 3214 et
815 3149 989 3231 quibusdam
1003 3157 1088 3205 extra

72 3262 150 3334 ipsum
160 3268 317 3341 populum,
344 3259 513 3330 ubicunque
536 3251 632 3329 gratia
651 3246 752 3302 diviua
778 3240 862 3318 digni
887 3234 1088 3294 occultissimo

73 3355 142 3420 ttque
153 3350 318 3405 iustissimo
332 3343 390 3400 Dei
403 3339 513 3396 iudicio
527 3327 666 3391 fueruntl
694 3326 803 3382 Verum
828 3342 866 3378 ne
878 3321 1002 3377 nimium
1023 3317 1089 3368 lon-

74 3447 128 3503 gum
149 3431 271 3501 luciam,
297 3426 402 3484 tacebo
416 3424 541 3479 aliarum
553 3424 766 3491 usquequaque
784 3407 919 3486 gentium
932 3402 1008 3457 mele
1021 3411 1089 3472 gra·

75 3513 187 3571 tissima:
201 3511 284 3590 quod
298 3509 335 3566 ad
347 3508 470 3566 Romam
482 3503 612 3579 pertinet
621 3497 846 3566 Romanumque
856 3485 1012 3558 imperium
1024 3486 1090 3531 tan·

73 3601 122 3652 turn
142 3599 261 3673 loquar,
290 3594 322 3650 id
335 3601 395 3662 est,
422 3589 458 3645 ad
471 3590 563 3662 ipsam
576 3581 695 3658 proprie
710 3576 875 3641 civitatem,
898 3575 927 3622 et
941 3577 1091 3637 quaecun-

74 3694 118 3751 que
135 3681 175 3736 illi
191 3690 361 3746 terrarum,
387 3675 434 3730 rel
460 3671 602 3728 societate
630 3663 825 3726 coniunctae,
849 3649 898 3708 rcl
923 3643 1093 3702 conditione

75 3762 206 3820 subiectae
220 3769 312 3828 sunt,
339 3775 413 3832 quae
439 3757 500 3811 sint
525 3757 681 3828 perpessae
707 3751 776 3798 ante
802 3738 961 3792 adventum
974 3727 1093 3793 Christi,

76 3860 129 3900 tum
141 3848 197 3902 iam
210 3845 248 3902 ad
263 3844 330 3899 eius
344 3841 428 3914 quasi
441 3853 548 3910 corpus
561 3829 739 3904 reipublicae
754 3821 945 3895 pertinerent.
