2576 4396
219 203 283 260 2¹14
448 194 547 254 Dtvl
566 189 753 252 avitum
774 187 1021 248 AVGl'STlNl

221 353 294 424 mis;
320 367 376 426 quo
389 346 490 405 morbo
503 343 588 404 nobis
601 343 735 402 inrideat
750 342 848 418 potius
866 357 904 398 ne
922 359 1076 411 sanemur,
1102 359 1189 417 quam
1202 343 1260 402 ad.

221 438 302 493 iuret
313 442 346 490 ut
357 447 508 488 sanemur:
535 427 586 486 scd
599 430 653 486 tali
666 429 717 504 qui
729 427 812 485 nobis
825 424 934 482 infimis
948 443 986 481 cx
1000 426 1129 500 corporis
1142 438 1260 484 morta-

220 521 304 575 litate
317 524 483 591 coaptatus,
509 513 668 570 immortali
680 511 799 586 spiritus
812 509 945 580 iustitia,
970 527 1023 584 per
1036 527 1121 585 quam
1134 518 1197 566 non
1210 513 1260 568 lo-

222 619 321 658 corum
334 597 488 670 distantia,
514 595 566 653 sed
582 593 783 652 similitudinis
803 593 978 650 excellentia
994 592 1104 650 mansit
1121 594 1153 650 in
1173 612 1260 651 sum-

221 686 294 756 mis,
307 680 482 740 mundandis
496 679 714 754 liberandisque
724 678 807 736 nobis
821 695 892 735 rere
906 675 1039 733 divinum
1050 675 1190 751 praebeat
1203 678 1259 734 ad-

222 769 371 825 iutorium.
414 766 472 832 Qui
485 764 618 839 profecto
632 762 900 820 incontaminabilis
914 759 995 817 Deus
1013 760 1091 818 absit
1103 769 1137 817 ut
1151 772 1259 818 conta-

220 852 411 908 minationem
424 850 541 905 timeret
554 865 592 905 ex
604 845 789 922 homineque
802 844 922 902 indutus
937 853 997 916 est,
1011 853 1063 901 aut
1076 843 1259 921 exbornini-

220 935 273 991 bus
295 936 374 990 inter
395 949 467 1008 quos
490 934 522 988 in
546 931 663 990 homino
688 937 877 986 conversatus
897 937 950 984 est.
993 927 1061 985 Non
1074 929 1261 1003 enimparva

220 1027 290 1074 sunt
302 1016 375 1074 haee
387 1016 507 1072 interim
520 1016 595 1088 duo,
622 1031 696 1091 quac
714 1013 871 1070 salubriter
883 1029 939 1068 sus
951 1013 1156 1068 incarnatione
1169 1031 1260 1069 mon-

220 1102 334 1172 stravit,
348 1118 404 1157 nec
417 1101 449 1156 in
463 1117 552 1157 corne
564 1117 651 1174 posse
666 1097 859 1154 contaminari
871 1114 973 1153 reram
990 1094 1187 1168 divinitatem,
1201 1115 1262 1153 nco

219 1184 286 1242 ideo
298 1181 442 1260 putandos
456 1183 613 1240 daemones
626 1183 711 1240 nobis
725 1199 790 1237 esse
801 1181 958 1252 meliores,
984 1180 1126 1255 quianon
1147 1178 1262 1237 babent

220 1287 347 1325 earnem.
390 1265 448 1325 Hic
464 1276 522 1339 est,
549 1268 628 1330 sicut
640 1283 706 1322 eum
718 1265 869 1341 praedicat
882 1272 984 1322 sanem
997 1257 1167 1337 Scriptura,
1193 1263 1257 1322 Me·

220 1353 320 1410 dictor
334 1349 396 1410 Dei
413 1359 444 1410 et
461 1349 606 1409 bominum
618 1349 701 1408 bomo
728 1347 867 1406 Gloriatur
879 1343 982 1417 Ietas,
1008 1345 1043 1404 de
1065 1348 1149 1403 ouius
1166 1355 1197 1404 et
1210 1347 1260 1404 di-

219 1437 342 1492 vinitate
356 1453 413 1510 qua
426 1433 506 1490 Patri
521 1445 567 1491 ast
579 1452 694 1509 semper
706 1434 856 1508 aequalis,
883 1441 913 1488 et
929 1423 1110 1488 humanitate
1130 1449 1188 1506 qua
1201 1449 1259 1488 no-

219 1519 263 1574 bie
278 1518 372 1574 factus
387 1526 432 1573 ast
444 1519 562 1589 similis,
589 1536 650 1574 non
663 1515 712 1572 bic
724 1518 805 1572 locus
819 1524 910 1572 estut
923 1524 1121 1590 competenter
1133 1533 1187 1588 pro
1200 1533 1258 1570 no-

219 1610 280 1658 stra
293 1602 432 1657 facultate
445 1599 585 1657 dicamus.
877 1595 955 1674 (tal.
972 1597 1055 1655 GAP.
1071 1595 1192 1674 XVII.)

578 1750 601 1810 C
622 1751 647 1808 Α
668 1750 701 1806 Ρ.
743 1748 775 1806 Χ
788 1748 902 1808 Vlll.

221 1849 299 1913 Quod
331 1847 431 1902 allucio
451 1848 619 1911 daemonum,
639 1849 700 1900 dum
721 1864 771 1900 sco
790 1845 979 1900 batercesss'one
999 1845 1070 1900 ciam
1089 1848 1203 1915 spondet
1223 1851 1261 1902 od

326 1935 397 1982 com,
417 1917 466 1970 boc
479 1917 638 1982 adnitatur,
653 1927 690 1970 -ut
699 1917 817 1970 bominac
828 1935 846 1969 a
856 1916 901 1968 cia
917 1916 1042 1968 veritatis
1058 1927 1177 1970 coartat.

281 2027 362 2085 Falsi
376 2035 475 2084 autem
487 2027 532 2082 illi
544 2026 722 2102 fallacesque
734 2024 910 2082 mediatores
923 2023 1095 2096 daemones,
1113 2017 1174 2100 ¹qui
1189 2044 1257 2081 cum

218 2131 269 2188 per
293 2111 412 2188 spiritus
435 2110 650 2167 immunditiam
672 2111 773 2166 miseri
794 2109 970 2186 acmaligni
987 2109 1086 2180 multis
1103 2105 1258 2167 effectibus

219 2199 365 2267 clareant,
389 2213 442 2270 per
456 2195 650 2269 corporalium
667 2203 766 2250 tamen
785 2195 916 2249 locorum
928 2193 1084 2248 intervalla
1095 2201 1127 2248 et
1139 2209 1193 2268 per
1205 2200 1258 2250 ae-

218 2281 330 2336 riorum
351 2295 502 2352 oorporum
520 2279 672 2334 levitatem
691 2296 709 2334 a
728 2285 869 2351 provectu
887 2277 1050 2332 animorum
1062 2295 1117 2333 nos
1130 2295 1258 2334 avocare

218 2373 306 2439 atque
320 2370 452 2419 avertere
465 2362 642 2434 moliuntur,
657 2369 687 2416 et
698 2378 758 2418 non
771 2361 849 2416 viam
861 2359 1004 2434 praebent
1014 2358 1050 2415 ad
1062 2359 1177 2433 Deum3
1191 2362 1258 2435 sed,

218 2453 256 2503 ne
269 2448 319 2504 via
330 2453 476 2514 tereatur,
495 2443 666 2518 impediunt.
709 2442 951 2519 Quandoquidem
964 2451 994 2498 et
1005 2444 1037 2500 in
1050 2445 1113 2519 ipsa
1125 2445 1176 2502 ria
1189 2464 1258 2501 cor-

217 2532 326 2606 porali,
352 2547 426 2605 quac
439 2529 597 2585 falsissima
611 2537 656 2584 est
668 2537 697 2584 et
708 2529 880 2604 plenissima
897 2528 1022 2599 erroris,
1049 2545 1106 2603 que
1122 2547 1185 2585 non
1198 2531 1258 2586 iter

217 2617 280 2692 agit
293 2615 406 2670 iustitia
411 2628 421 2686 3
435 2614 574 2688 quoniam
587 2631 647 2668 non
660 2628 713 2688 per
727 2613 906 2687 corporalem
918 2610 1121 2682 altitudinem,
1136 2613 1189 2668 sed
1201 2632 1258 2688 per

217 2700 412 2774 spiritualem,
425 2695 480 2752 hoc
494 2705 553 2766 est,
579 2697 794 2771 incorporalem
807 2693 1029 2754 similitudinem
1042 2693 1079 2750 od
1090 2693 1189 2754 Deum
1203 2697 1257 2753 dc-

216 2781 316 2838 bcmus
330 2779 524 2850 adscendere;
550 2781 660 2853 inipso
672 2789 771 2836 tamen
784 2779 929 2854 corporali
941 2779 1006 2851 ria,
1033 2797 1120 2854 quam
1134 2778 1257 2840 daemo-

214 2883 284 2921 num
297 2865 383 2920 amici
398 2881 451 2937 pcr
470 2864 682 2918 elementorum
699 2862 808 2941 gradus
826 2863 981 2934 ordinant,
1006 2863 1085 2919 inter
1101 2862 1256 2923 aetherios

214 2947 283 3003 deos
298 2956 328 3002 ct
339 2956 474 3002 terrenos
492 2944 625 3002 homines
643 2948 719 3002 atris
740 2946 928 3004 daemonibus
945 2945 1049 3003 mediis
1068 2949 1255 3022 constituitis,

214 3029 269 3087 hcc
293 3030 361 3086 deos
380 3030 540 3103 opinantur
556 3027 662 3086 habere
680 3033 886 3107 praecipuum,
911 3040 946 3087 nt
956 3039 1075 3106 propter
1087 3030 1142 3088 boc
1155 3033 1254 3090 intcr-

214 3115 323 3170 vallum
335 3115 466 3170 locorum
479 3117 711 3172 contrectatione
724 3134 785 3172 non
794 3116 1031 3172 contaminentur
1041 3112 1179 3172 humana
1204 3115 1255 3176 lta

213 3197 367 3255 daemones
394 3199 589 3254 contaminari
613 3201 710 3274 potius
737 3197 773 3256 ab
798 3196 979 3270 hominibus,
1006 3217 1093 3274 quam
1113 3196 1253 3258 homines

212 3281 347 3340 mundari
361 3301 378 3338 a
391 3281 582 3339 daemonibus
601 3283 740 3355 credunt,
767 3292 797 3339 et
810 3282 879 3339 deos
893 3285 972 3358 ipsos
987 3283 1183 3340 contaminari
1195 3302 1255 3358 po-

211 3367 319 3439 tuisse,
346 3367 405 3424 nisi
426 3368 481 3422 loci
500 3367 654 3424 altitudine
671 3368 867 3424 munirentur.
911 3368 1057 3434 Quintam
1069 3366 1177 3424 infelix
1193 3379 1255 3441 est,

212 3460 245 3506 ut
257 3452 376 3508 iotario
391 3449 527 3507 mundari
539 3469 571 3508 se
587 3453 752 3522 existimet,
780 3449 830 3506 ubi
848 3449 981 3507 homines
1000 3451 1255 3524 contaminantes,

212 3533 367 3593 daemones
383 3537 588 3612 contaminati,
602 3533 643 3590 dii
657 3535 898 3592 contaminabiles
906 3534 1128 3610 praedicantur3
1143 3544 1175 3591 et
1189 3555 1253 3593 non

211 3621 306 3693 potins
325 3620 415 3696 eligat
433 3619 527 3689 riam,
555 3619 605 3676 ubi
624 3619 857 3674 contaminantes
879 3620 973 3698 magis
999 3617 1156 3676 daemones
1184 3622 1253 3676 evi-

184 3739 185 3746 1
211 3711 327 3774 tentur‚
354 3711 384 3757 et
396 3702 431 3757 ab
450 3701 701 3758 incontaminabili
715 3700 780 3758 Deo
797 3701 833 3757 ad
852 3703 1010 3759 ineundam
1029 3703 1202 3759 societatem
1217 3706 1254 3761 in

212 3787 475 3842 contaminatorum
500 3785 680 3862 Angelorum
705 3783 836 3842 homines
859 3803 876 3842 a
902 3787 1150 3844 contaminatione
1176 3807 1253 3846 mun

211 3865 333 3924 denturf
938 3859 940 3866 ’
