2590 4396
198 165 257 219 104
424 153 521 214 DlVl
542 149 727 210 AVRELll
748 147 1000 216 AVGVSTJNI

195 309 326 386 putanda
340 312 425 380 sunt3
438 314 440 318 ’
453 309 485 364 in
503 307 593 362 tertio
612 311 710 360 autem
729 301 765 358 de
784 300 830 358 his
845 320 920 377 quae
935 303 1022 381 stulti
1040 305 1101 360 sola
1114 307 1243 378 perpeti

198 393 370 465 exhorrent,
394 393 524 464 corporis
536 387 674 446 videlicet
681 393 933 460 externarumque
949 403 1056 458 rerum,
1079 389 1241 462 quae'ple-

197 495 321 550 rumque
334 477 488 550 patiuntur
503 481 533 528 et
546 471 625 527 boni.
656 467 710 524 llla
728 487 798 524 vero
818 469 894 524 mala
912 487 973 525 nou
992 468 1058 526 dico
1071 469 1240 544 patienter,

196 560 248 615 sed
261 560 387 615 libenter
399 557 517 625 habent,
533 553 638 628 quibus
652 553 710 624 ipsi
722 551 798 608 fiunt
810 553 888 607 mali.
902 551 947 611 Et
960 571 1046 630 quam
1059 571 1154 626 pauca
1169 553 1241 608 dixi

196 642 231 698 dc
246 645 308 698 sola
326 644 376 696 illa
390 641 508 695 civitate
522 646 611 710 atque
626 636 690 690 eius
705 631 846 709 imperiol
873 654 929 692 nec
942 635 1011 692 inde
1025 639 1123 692 omnia
1136 655 1241 710 usque

195 725 232 780 ad
260 724 415 781 Caesarem
434 721 611 798 Augustum.
650 718 736 783 Quod
763 720 789 774 si
808 737 1033 777 commemorare
1058 722 1239 790 voluissem,

197 818 226 863 ct
240 823 423 883 exaggerare
436 804 486 858 illa
496 806 582 875 mala,
597 821 672 877 qnae
683 820 743 858 non
757 803 814 858 sibi
824 804 952 858 invicem
961 801 1093 860 homines
1105 803 1240 874 faciunt,

196 892 274 944 sicut
288 906 358 944 sunt
371 887 552 944 vastationes
568 887 796 960 eversionesque
809 886 998 958 bellantium,
1020 886 1072 942 sed
1087 887 1240 958 exipsius

194 970 298 1027 mundi
312 972 465 1026 elementis
479 971 605 1025 terrenis
619 968 758 1025 accidunt
770 965 878 1026 rebusi
906 987 980 1044 quae
994 988 1054 1026 uno
1071 971 1137 1025 loco
1151 969 1240 1042 Apu-

193 1056 270 1110 leius
285 1055 415 1111 breviter
428 1055 552 1130 stringit
564 1054 597 1108 in
611 1071 646 1110 eo
659 1053 734 1109 libro
749 1070 835 1127 quem
849 1050 885 1106 de
897 1051 1006 1108 Mundo
1021 1053 1152 1126 scripsit,
1172 1061 1240 1107 ter-

194 1155 267 1193 rena
281 1139 379 1194 omnia
397 1137 500 1193 dicens
518 1136 714 1206 mutationes,
741 1135 950 1191 conversiones
977 1143 1064 1208 atque
1090 1135 1241 1190 interitus

193 1219 311 1276 habere.
345 1220 479 1294 Namque
505 1218 667 1274 immodicis
695 1217 871 1274 tremoribus
897 1224 1054 1288 terrarum,
1081 1226 1116 1273 ut
1131 1218 1241 1273 verbis

195 1305 260 1360 eius
274 1313 352 1375 utar,
368 1303 532 1360 dissiluisse
545 1300 673 1372 humum,
690 1311 720 1357 et
732 1303 911 1374 interceptas
925 1300 1012 1356 urbes
1027 1317 1092 1356 cum
1105 1301 1241 1373 populis,
1282 1325 1283 1330 ¹

196 1387 283 1444 dicit:
303 1388 435 1461 abruptis
450 1387 539 1442 etiam
552 1385 693 1441 imbribus
707 1385 838 1458 prolutas
852 1392 928 1439 totas
943 1401 1008 1438 esse
1020 1383 1176 1458 regiones:
1199 1384 1240 1437 il-

196 1473 240 1524 las
255 1471 344 1524 etiam
358 1487 432 1542 quae
445 1469 528 1540 prius
543 1467 663 1522 fuerant
677 1469 876 1538 continentes,
900 1464 1064 1540 hospitibus
1078 1474 1167 1539 atque
1183 1465 1239 1520 ad-

194 1553 280 1607 venis
294 1549 433 1606 llnctibus
448 1551 603 1618 insulatas,
617 1551 748 1624 aliasque
762 1548 874 1604 desidie
887 1550 977 1604 maris
990 1547 1121 1621 pedestri
1133 1567 1238 1604 acces-

195 1652 230 1688 su
244 1633 361 1707 pervias
375 1633 483 1688 factas:
498 1633 596 1686 ventis
610 1649 644 1686 ac
657 1632 794 1706 procellis
810 1627 927 1687 eversas
942 1650 1007 1687 csse
1023 1633 1172 1687 civitates:
1186 1633 1237 1688 in-

198 1716 303 1771 cendia
317 1715 352 1770 de
366 1716 493 1771 nubibus
517 1715 669 1784 enricasse,
692 1714 798 1788 quibus
813 1712 946 1770 Orientis
967 1717 1107 1792 regiones
1122 1713 1236 1770 conlla-

196 1807 300 1876 gratae
314 1799 483 1870 perierunt3
501 1807 532 1853 et
544 1798 575 1852 in'
587 1795 759 1854 Occidentis
773 1799 867 1876 plagis
882 1799 1081 1875 scaturigines
1096 1796 1236 1872 quasdam

196 1900 231 1937 ac
244 1882 436 1954 proluviones
451 1880 569 1937 easdem
583 1889 699 1959 strages
714 1880 838 1936 dedisse.
871 1879 922 1938 Sic
937 1899 975 1936 ex
988 1881 1101 1938 Aetnae
1113 1882 1234 1937 vertici-

195 1964 249 2019 bus
265 1964 412 2038 quondam
426 1961 527 2020 effusis
540 1966 723 2036 crateribus,
751 1963 852 2021 divino
873 1964 1012 2020 inccndio
1031 1982 1084 2038 per
1098 1963 1234 2035 declivia,

196 2049 339 2102 torrentis
355 2050 421 2104 vice
434 2047 617 2104 flammarum
630 2047 753 2104 flumina
766 2049 928 2105 cucurisse.
947 2046 981 2104 Si
993 2045 1065 2104 haec
1078 2057 1166 2122 atque
1179 2045 1234 2103 hu-

195 2129 335 2201 iusmodi,
349 2149 424 2205 quae
435 2129 668 2202 habet'historia,
683 2131 762 2188 unde
773 2149 901 2204 possem,
915 2133 1055 2206 colligere
1064 2132 1234 2202 voluissem,

196 2211 314 2285 quando
333 2212 466 2268 finissem
485 2231 561 2286 quae
580 2215 639 2269 illis
664 2214 847 2286 temporibus
872 2222 1053 2283 evenerunt,
1079 2222 1233 2286 antequam

196 2293 307 2350 Christi
321 2312 429 2348 nomen
443 2296 494 2348 ille
507 2296 633 2350 istorum
647 2313 723 2352 vane
735 2298 862 2352 etve'rac
874 2298 963 2352 saluti
976 2297 1144 2368 perniciosa
1155 2313 1233 2352 com-

196 2372 355 2451 primeretl
382 2374 596 2446 Promircram,
616 2397 663 2432 me
682 2380 771 2434 etiam
784 2379 1069 2450 demonstraturum,
1096 2397 1168 2453 quos
1182 2397 1232 2434 eo-

196 2477 264 2514 rum
277 2477 391 2530 mores,
418 2468 448 2514 et
462 2477 550 2534 quam
563 2459 599 2514 ob
614 2477 734 2516 causam
747 2460 829 2516 Deus
845 2480 933 2516 verus
947 2460 984 2515 ad
998 2461 1167 2538 augendum
1179 2463 1232 2518 im·

195 2541 311 2615 perium
329 2541 470 2598 adiuvare
490 2541 631 2618 dignatus
652 2552 714 2614 est,
742 2545 774 2598 in
795 2545 878 2599 cuius
898 2551 1046 2615 potestate
1060 2552 1130 2600 sunt
1143 2563 1235 2621 regna

196 2626 311 2695 omnia3
339 2643 484 2700 quamque
498 2623 571 2680 nihil
592 2643 642 2680 cos
658 2625 827 2682 adiuverint
838 2624 870 2680 hi
883 2643 957 2700 quos
972 2624 1042 2682 deos
1056 2635 1174 2699 putant,
1203 2640 1235 2683 et

194 2710 294 2782 potius
315 2719 459 2780 quantum
479 2705 652 2782 decipiendo
671 2718 701 2764 et
718 2709 846 2766 fallendo
862 2709 1036 2766 nocuerint:
1063 2709 1140 2765 unde
1154 2727 1232 2767 nunc

194 2789 266 2845 mihi
279 2789 365 2845 video
381 2808 446 2844 esse
460 2789 625 2861 dicendum,
641 2801 671 2846 et
683 2793 778 2869 magis
793 2793 828 2848 de
842 2793 1033 2848 incrementis
1047 2794 1160 2865 imperii
1169 2791 1229 2848 Ro-

193 2873 283 2928 mani.
309 2870 385 2926 Nam
398 2871 434 2926 de
447 2875 539 2928 noxia
551 2873 668 2948 fallacia
682 2873 866 2946 daemonum,
887 2893 959 2950 quos
973 2877 1056 2932 velut
1068 2875 1137 2930 deos
1152 2877 1228 2931 cole-

192 2955 276 3024 bant,
291 2963 434 3028 quantum
447 2957 592 3012 malornm
605 2959 759 3014 invexerit
768 2959 898 3029 moribus
913 2954 1032 3030 eorum,
1055 2958 1228 3015 insecundo

192 3037 321 3091 maxime
335 3037 410 3092 libro
423 3057 485 3094 non
498 3058 592 3113 pauca
604 3041 663 3097 iarn
677 3041 755 3097 dicta
769 3051 848 3097 sunt.
881 3040 939 3097 Per
953 3059 1055 3097 omnes
1069 3049 1164 3096 autem
1178 3043 1227 3098 ab·
1282 3087 1283 3096 2

193 3121 305 3174 solutos
320 3127 381 3174 tres
393 3121 494 3192 libros,
508 3123 558 3178 ubi
573 3133 770 3197 opportunum
779 3125 942 3196 visumst,
965 3123 1227 3183 conunendavimus

194 3203 283 3256 etiam
296 3203 328 3258 in
341 3203 413 3276 ipsis
427 3205 540 3262 bellicis
554 3209 639 3262 malis
654 3218 796 3282 quantum
807 3210 982 3264 solatiorum
991 3207 1073 3263 Dens
1084 3225 1136 3280 per
1146 3206 1226 3264 chri-

193 3286 233 3339 sti
246 3289 370 3356 noman‚
398 3289 445 3343 cui
458 3297 575 3344 tantum
587 3287 708 3346 honoris
722 3290 845 3348 Barbari
858 3292 1029 3348 detulerunt
1041 3299 1156 3364 practer
1168 3291 1227 3346 bel-

191 3368 290 3437 lorum
302 3387 429 3441 rnorem,
456 3371 542 3427 bonis
555 3374 700 3446 malisque
712 3377 886 3448 contulerit,
901 3373 1056 3449 quomodo,
1083 3375 1134 3450 pai
1142 3373 1226 3444 facit

193 3450 281 3546 solem
295 3469 379 3510 suam
393 3455 472 3510 oriri
484 3471 574 3530 saper
588 3455 676 3512 bonos
691 3467 720 3515 et
734 3458 836 3529 malos,
858 3469 887 3517 et
893 3457 978 3535 pluit
991 3473 1081 3534 super
1095 3457 1184 3514 iustos
1198 3467 1227 3514 et

192 3535 329 3590 thiestes.
839 3557 842 3564 ’
1087 3529 1093 3544 ’
