2602 4416
279 195 342 253 DE
366 191 581 250 ClVlTATE
605 190 685 248 DEl
716 191 797 249 LlB.
821 193 863 249 ll.
1050 199 1090 253 65

51 355 174 416 Romani
189 355 223 408 iu
237 349 317 408 bella
330 344 431 402 civilia
442 345 502 400 suis
517 343 723 418 cupiditatibus
738 361 823 417 quam
837 345 952 402 illorum
966 349 1090 424 instiga-

50 440 175 498 tionibus
202 433 391 491 exarsissent

410 577 535 636 CAP.
578 574 730 634 XXVl.

47 687 85 740 De
96 681 214 737 secretis
225 681 383 732 doemonem
394 671 512 734 monitis,
527 687 596 739 quae
603 674 779 739 pertinebant
789 675 826 726 ad
835 674 915 726 bonos
925 691 1020 740 atores,
1031 694 1090 730 ιιιιιι

193 748 328 818 polemio
338 744 426 798 sacris
438 757 528 794 eoram
544 743 627 794 omnis
643 745 764 811 aequitio
782 744 941 796 disceretur.

105 863 193 928 Quae
207 875 276 912 cum
288 855 331 910 ita
342 854 421 924 siut,
450 867 516 906 eum
530 850 625 922 palam
638 860 796 927 aperteque
810 852 1007 927 turpitudiues
1022 871 1088 910 cru-

48 944 219 1005 delitatibus
234 939 359 1008 mixtae,
388 933 543 1010 opprobria
568 933 720 990 numinum
733 944 763 990 et
776 937 915 1007 crimina,
942 937 1005 992 sive
1019 955 1088 1011 pro·

48 1034 117 1101 dita,
145 1027 214 1082 sive
228 1021 368 1092 conficta,
395 1019 466 1093 ipsis
481 1017 717 1090 exposcentibus,
744 1027 774 1074 et
787 1020 846 1074 nisi
859 1018 944 1075 lieret
956 1021 1088 1076 irascen-

47 1117 135 1183 tibus,
165 1110 260 1164 etiam
275 1105 366 1162 certis
381 1109 412 1158 et
425 1101 510 1158 statis
536 1101 761 1158 solennitatibus
788 1105 1031 1158 consecrataillis
1059 1113 1088 1158 et

48 1198 183 1253 dedicata
209 1189 393 1258 claruerint,
419 1194 507 1260 atque
532 1183 569 1240 ad
593 1184 724 1240 omnium
751 1186 862 1257 oculos,
889 1195 923 1240 ut
947 1186 1089 1240 imitantia

50 1283 300 1355 proponerentur,
327 1267 488 1345 spectanda
500 1267 717 1340 processerint3
743 1267 882 1341 quidest,
910 1267 986 1340 qued
1001 1267 1089 1321 iidem

50 1365 105 1436 ipsi
118 1359 291 1428 daemones,
317 1355 368 1430 qui
381 1371 414 1408 se
425 1348 627 1407 huiuscemodi
639 1349 837 1423 voluptatibus
852 1347 1015 1403 immundos
1030 1350 1089 1422 spi-

51 1448 125 1500 ritus
139 1461 205 1498 csse
230 1437 429 1506 confitentur,
455 1433 579 1508 quisuis
607 1429 729 1508 flagitiis
758 1441 788 1487 ct
809 1431 999 1502 facinoribus,
1026 1433 1088 1486 sive

54 1527 207 1594 iudicatis,
229 1525 296 1578 sive
310 1519 469 1586 simulatis,
496 1508 657 1590 corumque
668 1515 724 1570 sibi
739 1514 935 1571 celebratione
947 1516 1040 1588 petita
1053 1514 1087 1570 ab

54 1607 280 1684 impudentibus,
296 1610 414 1660 extorta
427 1599 643 1674 apudentibus,
657 1607 792 1654 auctores
807 1617 839 1654 se
852 1599 932 1655 vitae
946 1600 1088 1654 scelestae

53 1691 276 1764 immundaeque
284 1693 446 1754 testantur,
456 1681 648 1757 perhibentur
660 1683 801 1738 tamenin
812 1681 908 1756 adytis
920 1683 981 1736 suis
990 1699 1087 1736 secre-

54 1779 146 1850 tisque
173 1771 375 1848 penetralibus
403 1767 472 1823 dare
486 1765 627 1842 quaedam
640 1765 717 1822 bona
728 1773 885 1840 praecepta
899 1763 934 1820 de
947 1765 1087 1834 moribus,

53 1858 224 1935 quibusdam
235 1857 319 1912 velut
332 1852 435 1908 electis
449 1851 571 1906 sacratis
587 1844 666 1904 suisl
694 1849 777 1915 Quod
790 1851 816 1904 si
828 1850 871 1902 ita
882 1857 943 1919 est,
956 1845 1011 1903 hoe
1024 1849 1087 1920 ipse

53 1942 185 1998 callidior
196 1935 378 1995 advertenda
389 1942 435 1990 est
445 1942 474 1988 ιι
484 1931 686 1988 convincenda
695 1933 807 1988 malitia
817 1931 973 2005 spirituum
982 1931 1087 1986 noxie-

54 2045 123 2082 rum.
162 2022 264 2079 Tanta
277 2021 357 2076 enim
369 2018 415 2073 vis
431 2025 476 2071 est
488 2015 642 2090 probitatis
657 2024 687 2071 et
701 2015 858 2083 eastitatis,
885 2021 919 2068 ut
931 2014 1026 2069 omnis
1041 2011 1089 2067 vel

53 2128 124 2183 pene
138 2107 238 2164 οιιιιιιι
265 2105 329 2158 cius
355 2099 442 2156 laude
464 2107 616 2154 moveatur
640 2095 767 2152 humana
780 2095 901 2164 natur'a,
928 2107 983 2149 uec
997 2111 1089 2166 usque

52 2193 120 2247 adeo
136 2191 179 2246 sit
191 2184 377 2261 turpitudine
401 2183 519 2252 vitiosa,
546 2190 579 2236 ut
592 2190 686 2236 totum
712 2179 828 2234 amittat
853 2195 973 2232 sensum
997 2174 1088 2231 houe-

54 2277 145 2330 statis.
185 2269 316 2326 Proinde
329 2267 499 2344 malignitas
513 2263 696 2333 daemonum,
720 2263 779 2317 nisi
793 2260 900 2318 alicubi
914 2279 962 2331 se,
988 2277 1088 2334 quem-

53 2357 206 2414 admodum
232 2353 376 2425 seriptum
398 2350 430 2404 in
456 2347 566 2402 nostris
585 2347 693 2401 litteris
708 2346 860 2414 nevimus,
888 2342 1090 2418 transfigeret

54 2444 81 2495 ιιι
93 2438 227 2515 Angelos
245 2435 331 2502 lacis,
345 2449 405 2487 nou
419 2431 520 2504 implet
534 2431 687 2506 negotium
700 2428 892 2501 deceptionis.
933 2425 1018 2481 Foris
1032 2426 1088 2479 ita-

53 2543 105 2597 que
119 2521 247 2596 populus
263 2515 455 2572 celeberrimo
470 2513 594 2586 strepitu
608 2512 742 2583 impietas
756 2511 870 2581 impura
882 2509 1090 2574 circumsonat,

53 2618 80 2661 ct
93 2608 178 2660 intus
191 2601 295 2676 paucis
310 2598 431 2654 castitas
446 2596 581 2650 simulata
595 2594 647 2648 vix
661 2600 761 2646 sonat:
788 2591 967 2662 praebentur
985 2604 1090 2658 propa-

52 2691 113 2743 tula
126 2684 287 2760 pudendis,
315 2687 473 2736 etsecreta
498 2673 669 2731 laudandis:
698 2671 786 2726 decus
813 2672 896 2738 latet,
924 2677 954 2722 et
967 2666 1091 2721 dedecus

50 2779 152 2844 patet:
178 2767 253 2840 quod
265 2765 376 2820 malum
388 2763 518 2839 geritur,
532 2773 633 2813 omnes
649 2763 792 2810 convocat
806 2760 999 2827 spectatores,
1015 2748 1093 2824 quod

51 2854 165 2908 bouum
180 2849 304 2917 dieitur,
330 2847 383 2902 vix
402 2845 514 2918 aliquos
528 2840 645 2896 invenit
657 2837 820 2894 auditores:
847 2845 987 2910 tanquam
999 2831 1091 2889 hone-

53 2945 97 2990 sta
112 2930 406 2998 erubescendasiut,
434 2935 464 2981 et
488 2922 645 2980 inhonesta
667 2920 829 2998 glorianda.
874 2916 934 2976 Sed
955 2918 1005 2974 ubi
1026 2915 1091 2986 hoc,

52 3019 109 3072 nisi
122 3019 156 3072 iu
170 3014 349 3070 daemonum
361 3003 494 3082 templis?
518 3007 583 3074 ubi,
610 3005 670 3060 nisi
693 3005 725 3059 in
748 3004 882 3060 fallaciae
901 2995 1092 3058 diversoriis?

52 3100 127 3156 lflud
141 3101 225 3155 enim
239 3096 289 3166 fit,
315 3105 350 3151 ut
361 3093 561 3158 honestiores,
583 3089 632 3163 qui
645 3088 732 3161 pauci
746 3096 832 3156 sunt,
847 3087 1012 3160 capiantur:
1037 3082 1093 3138 hec

52 3192 171 3252 autem,
199 3199 240 3236 ne
251 3181 367 3254 plures,
382 3175 433 3250 qui
447 3181 516 3228 suut
529 3171 712 3244 turpissimi,
726 3171 924 3246 corrigantur.

114 3265 175 3321 Vbi
188 3273 220 3318 ct
234 3261 349 3336 quando
374 3257 479 3314 sacrati
495 3253 637 3311 Coelestis
660 3252 818 3308 audiebant
842 3251 986 3306 eastitatis
1008 3266 1093 3323 prae-

53 3360 150 3423 cepta,
168 3346 336 3404 nescimus:
362 3350 431 3397 aute
444 3341 539 3412 ipsum
550 3341 648 3392 tamen
661 3335 826 3404 delubrum,
845 3333 893 3388 ubi
907 3334 1095 3388 sinrulaerunr

52 3433 123 3488 illud
140 3433 276 3486 locatum
298 3421 567 3498 conspiciebamus,
594 3419 727 3474 universi
755 3417 885 3490 undique
900 3412 1094 3477 confluentes,

51 3525 79 3570 ιι
93 3516 145 3571 ubi
159 3513 290 3587 quisque
302 3515 421 3583 poterat
434 3511 563 3571 stantes,
589 3501 674 3556 ludos
689 3501 740 3575 qui
753 3501 915 3576 agebantur
928 3492 1094 3550 intcntissi-

51 3600 88 3652 mi
102 3594 333 3671 spectabamus,
359 3591 510 3644 intuentes
528 3587 694 3640 alternante
719 3591 896 3656 conspectu,
917 3577 987 3630 hinc
1000 3591 1095 3627 merc-

51 3682 169 3735 triciam
181 3693 336 3752 pompam,
362 3673 444 3726 illine
458 3669 606 3744 virginem
620 3665 718 3736 deam3
745 3666 825 3720 illam
851 3657 1022 3732 suppliciter
1045 3654 1095 3711 ad-

51 3764 144 3832 orari,
174 3753 247 3815 ante
261 3759 344 3812 illam
359 3753 459 3827 turpio
472 3749 629 3806 celebrari:
656 3765 716 3802 non
730 3747 771 3802 ibi
784 3739 967 3819 pudibundos
981 3740 1096 3808 mimus,

52 3847 163 3901 unllam
177 3837 430 3900 verecundiorem
444 3834 590 3890 scenicam
604 3830 746 3898 viuunus3
766 3835 873 3883 cuncta
886 3822 1096 3878 obscoenitatis

780 3907 805 3961 E
