2590 4396
269 201 333 262 DE
356 201 576 264 ctvltnrt:
600 207 679 266 DEl
706 211 784 270 LlB.
809 213 867 272 lll.
1055 225 1095 283 83

59 355 140 425 Quod
153 363 259 412 autem
273 354 362 426 dicit,
387 371 453 411 eum
470 356 566 414 subito
588 377 648 416 non
673 367 884 438 comparuisse,
910 372 1041 442 profecto
1054 375 1095 433 ibi

56 440 240 518 intelligitur
253 439 458 496 autriolcntia
473 444 671 516 tempestatis,
698 455 749 501 aut
775 447 872 504 caedis
897 451 1093 532 facinorisque

54 533 214 579 secretum.
243 521 319 578 Nam
332 523 428 578 etalii
441 525 598 598 scriptores
612 543 712 584 eorum
726 527 886 590 defectioni
900 537 970 591 sons
984 538 1093 595 addunt

54 609 142 662 etiam
171 605 301 660 subitam
326 614 544 680 tempestatem,
575 624 648 683 quae
673 611 807 685 prefecto
834 624 885 671 aut
910 621 1094 678 occasionem

53 691 159 744 sceleri
186 689 340 762 praebuit,
380 698 431 744 aut
456 685 610 747 Romulum
633 692 696 768 ipsa
722 700 891 754 consumsit.
935 700 981 756 De
1008 699 1093 760 'fullo

53 775 159 846 quippe
190 773 282 826 ctiam
307 770 453 842 Hostilio,
479 775 529 848 qui
542 776 812 836 tertiusaRomulo
825 799 879 836 rex
892 781 963 854 fuit,
991 787 1041 858 qni
1064 795 1094 842 et

52 857 112 929 ipse
142 855 272 910 fulmine
286 854 435 910 absumtos
450 865 511 927 est,
538 856 611 913 dicit
623 859 654 914 in
668 861 776 917 eisdem
790 865 871 920 libris
886 866 963 922 idem
977 866 1091 940 Cicero,

54 947 242 1012 „propterea
266 946 297 992 et
319 939 412 992 istum
439 957 499 996 non
524 940 667 998 creditum
692 947 771 1000 inter
793 947 862 1002 deos
876 959 1026 1022 receptum
1038 953 1092 1006 tali

53 1030 195 1091 „morte,
224 1022 294 1094 qaia
307 1021 435 1076 fumasse
448 1022 603 1098 quoderat
625 1026 657 1081 in
670 1023 793 1086 Romulo
806 1032 975 1103 probatum,
1001 1033 1031 1088 id
1046 1043 1092 1088 est

53 1121 272 1178 „persuasum,
300 1103 428 1160 Romani
450 1107 570 1183 vulgare
592 1110 766 1181 noluerant,
798 1113 828 1167 id
854 1121 899 1169 est
921 1113 1090 1186 vilefecere,

54 1189 105 1257 „si
117 1185 178 1242 boc
191 1195 222 1242 et
241 1188 329 1242 alteri
353 1185 441 1242 facile
466 1190 654 1248 tribueretur.
686 1192 768 1249 Dicit
781 1195 869 1250 etiam
882 1207 982 1270 aperte
995 1200 1027 1252 in
1041 1198 1089 1253 ln-

54 1271 222 1339 „vectivis:
249 1267 334 1326 Illum
348 1272 399 1345 qui
411 1269 487 1327 banc
499 1273 601 1330 urbem
627 1275 774 1346 condidit,
800 1275 956 1334 Romulum
969 1279 1005 1334 ad
1021 1279 1090 1336 deos

56 1355 261 1422 „immortales
275 1350 483 1412 benevolentia
496 1357 630 1430 famaque
644 1359 858 1415 sustulimus:“
883 1370 918 1418 ut
939 1379 999 1416 non
1022 1379 1091 1418 vere

55 1435 180 1506 iactum,
205 1436 259 1492 sed
271 1445 394 1511 propter
405 1439 510 1496 merita
522 1440 644 1494 virtutis
658 1441 720 1495 eins
735 1441 939 1500 benevolentia
952 1445 1089 1500 iactatum

58 1516 293 1594 diffamatumque
306 1529 493 1577 monstraret.
538 1521 573 1578 ln
586 1520 748 1579 Hortensio
760 1543 831 1582 vero
845 1526 961 1605 dialogo
975 1545 1040 1583 eum
1054 1529 1089 1584 de

58 1603 128 1657 solis
142 1604 294 1658 canonicis
308 1603 524 1660 defectionibus
537 1607 720 1680 loqueretur:
745 1607 812 1678 „Vt
824 1609 956 1682 easdem,
982 1609 1088 1686 inquit,

55 1686 216 1756 „tenebras
231 1685 355 1757 efficiat,
382 1703 454 1761 quas
469 1683 566 1746 effecit
578 1690 610 1743 in
622 1691 743 1746 interitu
760 1691 893 1764 Romuli,
920 1696 971 1768 qui
990 1695 1022 1749 in
1036 1696 1087 1750 cb·

55 1771 251 1838 „sentations
265 1770 337 1826 solis
353 1779 401 1825 est
419 1769 547 1826 factus.“
591 1767 678 1828 Certe
692 1772 740 1830 hic
753 1777 872 1832 minime
885 1778 983 1834 timuit
995 1775 1085 1833 homi-

52 1853 95 1908 nis
108 1853 265 1908 interitum
279 1852 394 1924 diacre,
414 1855 481 1927 quia
495 1853 658 1928 disputator
670 1859 763 1936 magis
778 1875 865 1934 quam
878 1861 1011 1916 laudator
1022 1861 1087 1922 finit.

113 1935 236 1993 Caeteri
248 1945 348 1992 autem
368 1953 456 2012 reges
474 1939 574 2012 populi
588 1937 729 2012 Romani,
757 1953 879 2016 excepto
893 1941 989 1998 Nunn
1002 1943 1087 1999 Pom·

52 2021 116 2094 pilio
130 2027 163 2074 et
177 2019 261 2076 Anco
274 2019 404 2090 Marcio,
426 2021 477 2094 qui
489 2022 589 2077 morbo
603 2023 800 2096 interierunt,
827 2041 913 2099 quam
925 2025 1087 2084 horrendos

51 2106 147 2158 exitus
161 2097 352 2160 babueruntf
396 2101 516 2174 Tullus,
541 2114 575 2160 ut
586 2103 665 2177 dixi,
691 2106 837 2164 Hostilius
849 2105 947 2163 victor
960 2116 991 2163 ct
1003 2125 1086 2164 erer-

51 2203 98 2241 sor
110 2187 220 2257 Albae,
248 2205 316 2242 cum
328 2195 392 2242 tota
405 2185 489 2244 domo
502 2205 555 2243 sua
568 2189 690 2245 fulmine
704 2200 908 2248 concrematas
922 2200 975 2248 eet.
1020 2191 1085 2247 Pri·

51 2287 114 2326 scus
128 2269 317 2344 Tarquinius
330 2287 384 2343 per
397 2271 443 2325 aui
457 2269 619 2328 decessoris
637 2273 713 2328 filios
728 2275 902 2331 interemtus
917 2284 971 2331 est.
1015 2274 1085 2332 Ser·

50 2355 110 2409 rius
125 2352 245 2410 Tullius
259 2354 365 2430 generi
378 2355 425 2408 sui
438 2351 591 2429 Tarquinii
604 2354 745 2430 Superbi,
770 2361 821 2433 qui
843 2361 871 2414 ei
892 2361 1037 2415 successit
1054 2361 1086 2414 in

50 2453 191 2514 regnum,
219 2437 336 2492 nefario
360 2438 471 2492 scelere
495 2440 611 2494 occisus
626 2449 679 2495 est.
722 2440 785 2496 Nec
800 2442 963 2497 discessere
989 2442 1085 2516 adytis

50 2523 166 2595 arisque
180 2521 296 2575 relictis
309 2519 367 2591 dii,
380 2529 463 2576 tanto
476 2522 507 2576 in
521 2523 661 2595 optimum
673 2523 755 2580 illius
767 2525 865 2598 populi
878 2541 979 2599 regem
991 2525 1085 2596 parri-

50 2604 123 2659 cidio
137 2612 325 2678 perpetrato,
351 2621 423 2677 quos
438 2603 556 2674 dicunt,
569 2613 604 2658 ut
615 2603 670 2658 hoc
684 2606 809 2658 miserae
823 2604 930 2658 Troiae
943 2605 1085 2672 facerent,

50 2704 172 2759 eamque
186 2685 310 2742 Graecis
324 2681 497 2741 diruendam
511 2685 749 2759 exurendamque
762 2687 977 2759 relinquerent,
1004 2685 1085 2741 adul-

47 2770 129 2823 terio
141 2766 252 2824 Paridis
267 2769 360 2824 fuisse
376 2777 545 2825 commotos.
583 2766 643 2824 Sed
656 2769 777 2842 insuper
789 2767 947 2824 interfecto
960 2787 978 2825 a
991 2787 1023 2824 se
1037 2785 1085 2824 so-

48 2870 120 2908 cero
135 2848 312 2927 Tarquinius
337 2853 401 2926 ipse
427 2855 578 2909 successit.
622 2850 712 2908 Hunc
724 2853 768 2908 illi
782 2851 823 2909 dii
835 2851 979 2909 nefarium
990 2855 1085 2928 parri-

48 2935 142 2991 cidam
157 2937 255 2991 saecri
279 2934 490 2992 interfectione
513 2945 706 3014 regnantem,
732 2937 852 3010 insuper
877 2939 976 2992 miultis
1001 2937 1084 2993 bellis

45 3020 241 3094 victoriisque
267 3020 460 3097 gloriantem,
489 3029 519 3076 et
530 3021 568 3076 de
579 3019 724 3076 manubiis
738 3018 912 3094 Capitolium
938 3020 1084 3077 fabrican-

45 3112 120 3174 tem,
149 3121 213 3158 non
227 3103 437 3172 abscedentes,
465 3103 515 3159 sed
528 3111 698 3178 praesentes
713 3113 923 3177 manentesque
935 3105 1084 3172 viderunt,

44 3196 74 3242 et
86 3203 194 3264 regem
207 3203 296 3242 sunm
309 3185 410 3242 lovem
422 3187 453 3242 in
467 3188 517 3242 illo
531 3187 675 3242 altissimo
685 3190 805 3262 templo,
819 3186 873 3244 hoc
885 3197 941 3258 est,
955 3189 1084 3262 inopere

44 3270 229 3343 parricidae,
243 3269 301 3326 sibi
313 3269 482 3343 praesidere
495 3280 583 3344 atque
595 3289 723 3347 regnare
736 3272 868 3344 perpessi
881 3281 958 3327 sunt.
982 3272 1085 3344 Neque

44 3356 121 3409 enirn
141 3352 241 3408 adbuc
259 3354 407 3408 innocens
421 3351 593 3426 Capitolium
618 3356 741 3425 struxit,
769 3361 799 3409 et
810 3362 913 3428 postea
924 3357 1009 3412 malis
1022 3370 1083 3408 me·

44 3438 107 3492 ritis
121 3435 205 3493 Vrbe
220 3437 322 3509 pulsus
338 3444 397 3491 cat:
417 3435 468 3490 sed
480 3437 517 3491 ad
530 3438 623 3510 ipsum
638 3455 779 3514 regnum,
794 3439 826 3493 in
839 3455 896 3512 quo
911 3436 1086 3510 Capitolium

43 3520 222 3589 fabricaret,
247 3519 453 3574 immanissimi
467 3521 586 3575 sceleris
599 3521 816 3594 perpetratione
828 3521 972 3595 pervenit.
1001 3514 1086 3581 Quod

43 3622 112 3660 vero
138 3623 209 3662 eum
222 3600 354 3658 Romani
379 3619 472 3681 regno
497 3611 599 3678 postea
624 3603 815 3677 depulerunt,
841 3621 876 3658 ac
902 3601 1086 3656 secluserunt

43 3689 197 3744 moenibus
225 3686 376 3755 civitatis,
401 3705 462 3742 non
476 3687 568 3760 ipsius
583 3686 618 3741 de
631 3685 785 3744 Lucretiae
811 3694 929 3758 stupro,
956 3681 1008 3738 sed
1032 3681 1087 3738 filii

43 3781 196 3842 peccatum
217 3769 295 3838 fuit,
323 3768 372 3822 illo
397 3775 457 3825 a'on
483 3771 579 3825 solum
605 3771 773 3839 nesciente,
800 3768 851 3824 sed
865 3768 953 3822 etiarn
966 3766 1087 3822 absente

45 3857 242 3912 commiserim.
271 3849 398 3906 Ardeam
412 3854 561 3909 civitatem
573 3861 644 3906 tunc
659 3853 859 3987 oppugnabat,
874 3857 903 3904 et
915 3867 967 3923 pro
980 3850 1086 3922 papula
