2602 4416
190 181 230 232 od
407 165 506 226 DlVl
531 160 720 224 AVRELll
744 160 1002 220 AVGVSTlNl

189 323 364 398 „miliares,
390 336 487 394 neque
513 317 585 372 alica
610 313 709 389 pati.“
753 311 837 370 Dicit
849 313 955 370 deinde
968 317 1052 390 plura
1065 313 1227 374 Sallustius

190 407 226 463 de
239 405 339 482 Syllae
364 404 445 460 vitiis
473 391 646 473 caeteraque
665 396 806 454 foeditate
824 398 1017 472 reipublicae:
1044 401 1137 456 etalii
1151 403 1228 458 seri-

190 500 291 568 ptores
304 491 336 546 in
351 484 424 544 haec
438 483 644 554 consentiunt,
656 481 789 556 quamvis
803 482 919 557 eloquio
932 483 1057 540 multum
1069 485 1181 559 impari.

256 571 361 632 Carnis
374 581 487 640 temen,
513 574 548 623 ut
561 566 681 642 opinor,
700 573 730 620 et
743 566 876 640 quisquis
891 563 1068 638 adverterit,
1088 567 1230 624 facillime

191 658 332 734 perspicit
356 653 481 710 colluvie
505 667 620 707 morum
631 651 826 726 pessimorum
840 667 898 724 quo
912 651 963 706 illa
977 651 1081 708 civitas
1093 653 1232 726 prolapsa

191 742 300 811 fuerit,
327 747 396 794 ante
409 735 506 792 nostri
520 731 643 810 super'ni
654 732 747 811 Regis
761 732 929 790 adrentum.
972 732 1056 791 Haec
1078 735 1157 790 enim
1174 753 1231 812 ge-

192 834 239 882 sta
252 829 322 879 sunt
335 838 396 878 aon
409 819 504 875 solum
517 826 675 893 antequam
682 815 818 874 Christus
829 818 861 874 in
872 834 962 876 earne
971 836 1111 892 praesens
1123 816 1234 874 docere

192 906 354 979 coepisset,
368 921 472 960 vorum
487 903 576 958 etiam
587 911 746 976 antequam
758 900 794 958 de
807 903 925 979 virgine
938 910 1026 958 natus
1041 910 1128 958 osset.
1155 899 1236 958 Cum

177 991 285 1066 ‘igitur
303 995 347 1043 tot
365 995 395 1042 et
408 994 492 1042 tanta
503 986 580 1042 mala
593 993 758 1059 temporum
771 986 891 1041 illorum
902 987 951 1042 vel
964 985 1164 1042 tolerabiliora
1179 1003 1235 1040 su-

190 1073 307 1147 perins,
330 1071 379 1127 val
391 1078 458 1145 post
471 1086 604 1126 eversam
617 1067 827 1146 Carthaginem
838 1067 1025 1124 intoleranda
1040 1077 1069 1123 ct
1082 1067 1240 1124 horrenda

192 1154 248 1212 diis
262 1155 324 1210 suis
338 1155 482 1229 imputare
496 1169 556 1212 nun
576 1151 720 1223 audeant,
745 1151 898 1226 opiniones
915 1149 1051 1206 humanis
1071 1151 1240 1225 mentibus,

191 1238 272 1296 unde
297 1239 371 1294 talia
395 1239 469 1294 vitia
495 1238 705 1307 silvescerent,
730 1235 862 1312 maligna
879 1235 990 1292 astutia
1014 1234 1240 1306 inserentibus,

192 1341 247 1380 cur
265 1325 342 1378 mala
353 1322 521 1398 praesentia
534 1317 651 1376 Christo
665 1321 826 1393 imputant,
853 1317 905 1392 qui
924 1316 1057 1374 doctrina
1072 1316 1240 1372 saluberri-

192 1425 241 1463 ma
255 1415 285 1462 et
299 1406 389 1462 falsos
404 1423 438 1462 ac
453 1405 572 1460 fallaces
587 1402 657 1459 deos
672 1403 730 1459 coli
743 1410 840 1473 vetat,
867 1410 898 1457 et
913 1403 985 1458 istas
1000 1399 1152 1456 bominum
1177 1418 1240 1456 no·
1296 1401 1297 1406 ’

192 1491 258 1544 xias
281 1486 506 1564 flagitiosasque
525 1483 701 1558 cupiditates
717 1484 819 1541 divina
831 1487 1010 1542 auctoritate
1024 1482 1173 1540 detestans
1188 1493 1241 1538 at-

193 1589 252 1645 que
279 1569 494 1639 condemnans,
521 1565 567 1622 his
580 1567 664 1622 malis
677 1567 848 1624 ¹tabescenti
861 1585 896 1622 ae
908 1568 1020 1624 labenti
1043 1565 1153 1622 mundo
1167 1567 1240 1622 ubi-

194 1673 252 1728 que
265 1652 407 1710 lamiliam
421 1669 505 1707 suam
518 1649 628 1706 sensim
642 1648 803 1720 subtrahit,
830 1665 888 1724 qua
903 1649 1011 1705 condat
1024 1657 1191 1715 aeternam,
1207 1667 1243 1706 et

193 1755 255 1792 non
274 1737 381 1810 plausu
403 1735 561 1805 vanitatis,
589 1731 641 1788 sed
654 1731 765 1788 iudicio
778 1733 913 1788 veritatis
927 1732 1170 1808 gloriosissimam
1185 1729 1241 1788 Ci-

192 1815 340 1876 vitateml

582 1897 703 1956 CAP.
746 1894 860 1958 xlx.

194 1979 237 2034 De
247 1979 420 2048 corruptione
430 1978 569 2032 Romanae
580 1977 744 2118 reipublicese
750 1969 921 2045 prinsquam
931 1977 1034 2028 cultum
1045 1976 1238 2030 demoratura

617 2056 675 2099 stus
685 2063 721 2098 cu
738 2055 820 2100 erret.

257 2155 337 2213 Ecce
350 2155 483 2213 Romana
508 2155 674 2229 respublica
697 2151 790 2228 (quod
803 2172 864 2211 non
879 2172 936 2231 ego
948 2155 1061 2229 primus
1075 2155 1157 2226 dico,
1185 2157 1238 2212 sed

194 2249 330 2298 auctores
345 2257 447 2296 eorum
460 2237 540 2294 unde
552 2235 624 2294 haec
637 2236 773 2294 mercede
787 2237 959 2307 didicimus,
986 2247 1069 2294 tanto
1096 2248 1165 2294 ante
1192 2239 1236 2296 di-

194 2331 306 2379 xerunt
317 2331 387 2378 ante
401 2319 511 2379 Christi
523 2322 692 2390 adrentum)
717 2322 858 2396 paulatim
883 2329 1012 2393 mutata,
1039 2339 1077 2376 cx
1098 2320 1234 2396 pulcher-

193 2409 270 2462 rima
294 2413 385 2480 atque
413 2407 536 2480 optima,
561 2406 690 2480 pessima
715 2413 804 2478 atque
829 2402 1062 2482 flagitiosissima
1087 2406 1166 2463 laeta
1180 2417 1237 2462 est.

193 2488 274 2546 Ecce
286 2497 356 2544 ante
370 2487 481 2546 Christi
495 2488 669 2560 adventum,
683 2498 751 2563 post
763 2487 889 2544 deletam
903 2485 1128 2566 Carthaginem,
1142 2492 1234 2548 maio-

193 2591 260 2628 rum
273 2590 388 2642 mores‚
413 2591 474 2628 nou
487 2573 645 2646 paulatim,
664 2581 699 2626 ut
711 2579 814 2642 antea,
830 2570 881 2626 red
894 2574 1036 2628 torrentis
1049 2573 1135 2628 modo
1148 2591 1236 2646 prae-

193 2656 325 2729 cipitati,
353 2655 426 2712 adeo
441 2657 582 2712 iuventus
595 2656 670 2710 luxu
685 2663 774 2729 atque
787 2655 912 2712 avaritia
926 2651 1065 2728 corrupta
1080 2665 1134 2711 est.
1177 2655 1232 2710 Le·

193 2747 267 2814 gant
280 2739 364 2793 nobis
380 2747 485 2792 contra
497 2739 601 2792 luxum
611 2746 641 2792 ct
652 2737 805 2793 avaritiam
815 2745 971 2812 praecepta
980 2737 1103 2794 deorum
1114 2756 1237 2796 suorum

192 2821 300 2893 populo
314 2817 448 2875 Romano
463 2819 538 2874 data.
584 2819 639 2876 Cui
666 2823 780 2878 utinam
804 2830 921 2878 tantum
947 2830 1028 2876 casta
1055 2829 1085 2876 ct
1102 2818 1236 2877 modesta

193 2902 371 2972 reticerent,
398 2919 433 2956 ac
447 2919 508 2957 non
522 2903 611 2958 etiam
624 2903 658 2958 ab
673 2904 724 2958 illo
737 2905 878 2978 probrosa
901 2911 931 2957 et
955 2904 1156 2979 ignominiosa
1183 2903 1236 2959 de·

192 2991 365 3057 poscerent,
407 2984 492 3040 uibus
505 3003 558 3058 per
570 2985 674 3042 falsam
688 2986 872 3043 divinitatem
884 2986 1081 3059 perniciosam
1094 2988 1235 3044 concilia-

192 3073 262 3121 rent
274 3067 487 3122 auctoritatem.
505 3065 622 3144 Legant
636 3076 749 3138 nostra,
763 3077 794 3124 et
804 3087 858 3141 per
869 3064 1043 3140 Prophetas,
1058 3078 1088 3124 et
1100 3087 1152 3144 per
1165 3087 1234 3126 san·

156 3182 159 3184 -
193 3146 486 3227 etumEvangelium,
501 3159 530 3206 et
539 3151 780 3226 perApostolieos
788 3150 890 3222 Actus,
907 3149 1233 3226 etperEpistolas,tan1

191 3232 284 3286 multa
298 3241 402 3288 contra
415 3235 571 3290 avaritiam
583 3244 671 3309 atque
690 3235 853 3304 luxuriam,
880 3234 988 3308 ubique
1002 3237 1116 3310 populis
1131 3235 1167 3292 ad
1179 3233 1233 3293 hoc

192 3317 403 3392 congregatis,
426 3335 513 3392 qnam
520 3319 723 3388 ,excellentem
738 3335 824 3392 quam
838 3316 955 3388 divine,
970 3335 1030 3376 nou
1044 3328 1184 3394 tanquam
1198 3338 1233 3375 ex

190 3395 429 3472 philosophorum
443 3400 712 3456 concertationibus
728 3393 877 3474 str'eperc,
898 3401 950 3458 sed
964 3411 1103 3476 tanquam
1117 3421 1155 3458 ex
1168 3421 1231 3459 ora-

192 3481 266 3535 culis
281 3490 311 3536 et
324 3480 384 3538 Dei
397 3484 521 3539 nubibus
535 3485 681 3540 intonare.
726 3481 767 3540 llt
780 3493 879 3542 tamen
897 3486 970 3540 luxu
997 3493 1084 3558 atquc
1110 3487 1232 3542 avaritia

190 3565 347 3640 saevisque
360 3583 395 3620 ac
409 3566 542 3640 turpibus
555 3567 685 3622 moribus
698 3575 768 3624 ante
782 3567 941 3624 adrentum
955 3565 1067 3624 Christi
1077 3569 1229 3643 rempubli-
1282 3593 1286 3597 ·

192 3662 256 3700 cam
268 3649 425 3719 pessimam
438 3667 472 3705 ae
485 3647 748 3726 flagitiosissimam
773 3650 897 3720 factam,
921 3667 982 3708 non
1008 3652 1154 3725 imputant
1178 3651 1231 3708 diis

192 3727 269 3782 cuis:
297 3727 488 3788 afflictionem
503 3733 671 3802 veracius,
699 3749 902 3808 quamcunque
915 3734 973 3790 isto
987 3743 1117 3809 tempore
1132 3753 1232 3810 supcr-

192 3809 239 3866 biu
253 3809 433 3890 deliciaeque
448 3833 549 3873 eorum
568 3833 723 3892 perpessae
737 3815 864 3890 fuerint,
891 3819 1033 3896 religioni
1056 3820 1231 3895 increpitant
1296 3827 1297 3844 ³
