2602 4416
211 184 252 238 62
437 171 535 232 DlVl
561 169 751 232 AVRELll
773 162 1031 230 AVGVSTlNl

213 333 333 408 spiritus
347 331 395 386 vel
407 335 527 404 propter
539 322 611 381 haec
624 324 688 397 ipsa
701 321 777 378 bona
789 321 902 380 malave
918 332 1038 381 terrena
1049 327 1253 400 propitiandos

211 426 264 473 ant
288 411 435 472 timendos
464 410 675 467 existimemus.
719 407 795 473 Quia
817 405 896 462 sicut
919 407 976 482 ipsi
989 407 1205 466 malihomines
1222 413 1260 470 in

212 509 308 570 terra,
323 499 366 554 sie
380 497 469 554 etiam
482 495 527 549 illi
539 509 600 550 non
614 490 713 546 omnia
726 507 801 565 quae
816 491 920 548 volunt
932 491 1032 548 iacere
1044 503 1178 568 possunt,
1193 497 1260 552 nisi

212 591 355 660 quantum
367 583 448 637 illins
461 575 648 634 ordinatione
665 574 818 646 sinuntnr3
846 574 928 632 cuius
940 577 1028 651 plene
1042 577 1151 634 iudicia
1164 597 1259 636 nemo

161 733 164 737 .
213 663 448 742 comprehendit,
475 661 555 716 inste
572 675 661 716 nemo
675 655 875 732 reprehendit.

571 807 693 868 CAP.
736 806 895 868 XXIV.

230 910 274 962 De
285 907 403 978 Syllanis
413 905 533 971 artibus,
552 921 666 976 quorum
676 921 704 959 re
717 907 856 962 damona
865 914 1077 962 'ostentaverant
1087 910 1238 962 adiutores.

280 997 363 1074 Sylla
376 1007 459 1054 certe
471 999 547 1073 ipse,
562 999 646 1054 cuius
659 1007 793 1076 tempora
804 998 876 1054 talia
888 997 1025 1072 fuerunt,
1040 1009 1074 1056 ut
1087 1001 1273 1075 superiora,

214 1101 338 1158 qnorum
350 1081 462 1139 vindex
476 1099 542 1138 esse
555 1081 727 1153 videbatur,
754 1081 874 1137 illorum
893 1085 1112 1155 comparatione
1126 1103 1261 1160 quaere-

212 1175 334 1238 rentur,
361 1167 568 1241 cumprimum
588 1165 625 1222 ad
643 1163 751 1221 Vrbem
765 1171 868 1221 contra
885 1163 1012 1222 Marium
1030 1177 1128 1224 castra
1140 1169 1262 1224 movis-

211 1259 274 1322 set,
302 1247 377 1306 adeo
390 1252 468 1306 laeta
481 1257 550 1304 exta
564 1250 731 1305 immolanti
743 1248 835 1304 fuisse
849 1249 951 1305 scribit
964 1247 1076 1320 Livius,
1102 1259 1137 1306 ut
1151 1259 1260 1308 custo-

214 1333 273 1389 diri
287 1351 319 1390 se
332 1332 500 1390 Postumius
513 1329 664 1406 haruspex
675 1333 804 1388 voluerit
823 1333 927 1404 eapitis
946 1333 1121 1405 supplicium
1135 1332 1262 1390 subitu-

214 1436 278 1488 rus,
305 1419 365 1472 niti
378 1435 413 1472 ea
426 1434 501 1490 quaa
514 1418 546 1472 in
561 1418 659 1472 animo
675 1411 758 1490 Sylla
769 1413 906 1486 haberet,
933 1414 989 1470 diis
1006 1415 1175 1471 iuvantibus
1195 1417 1261 1473 im-

214 1500 364 1574 plevisset.
403 1497 483 1554 Ecca
506 1517 567 1554 non
591 1499 792 1563 discesserant
810 1496 907 1572 adytis
920 1497 1040 1573 arisque
1062 1499 1175 1554 relictis
1199 1499 1260 1571 dii,

214 1581 329 1656 quando
343 1581 492 1636 derorum
506 1589 615 1636 eventu
628 1579 852 1655 praedicebant,
880 1579 1012 1655 nihilque
1026 1581 1061 1636 de
1074 1581 1166 1655 ipsius
1181 1579 1258 1658 Syl-

213 1667 259 1720 lae
278 1665 463 1720 correctione
487 1663 640 1720 curabant.
689 1661 905 1719 Promittebant
921 1665 1134 1742 praesagiendo
1155 1665 1260 1722 felici-

214 1757 306 1803 tatem
323 1765 478 1826 magnam,
504 1765 560 1804 nec
578 1747 684 1802 malam
698 1745 888 1820 cupiditatem
906 1746 1044 1804 minando
1064 1747 1258 1826 frangebant.

215 1830 332 1887 Deinde
353 1847 419 1886 cum
436 1838 516 1886 esset
533 1831 566 1886 in
584 1830 654 1886 Asia
673 1831 783 1887 bellum
799 1827 1032 1887 Mithridaticum
1047 1849 1170 1910 gerens,
1199 1849 1259 1906 per

213 1912 339 1971 Lucium
351 1912 465 1970 Titium
478 1915 506 1970 ei
518 1913 688 1970 mandatum
707 1921 754 1969 est
766 1931 784 1969 a
802 1911 888 1986 love,
916 1914 992 1990 quod
1006 1925 1085 1972 esset
1097 1914 1259 1973 Mithrida-

213 2007 273 2054 tem
287 2005 492 2074 snperatnrus:
519 2007 550 2054 et
566 1998 678 2054 iactum
691 2005 745 2053 est.
776 1997 818 2054 Ac
830 2005 935 2072 postea
948 1999 1083 2055 molienti
1100 1999 1199 2054 redire
1221 2002 1257 2056 in

213 2079 336 2154 Vrbem,
363 2091 394 2138 et
412 2099 480 2138 suas
495 2083 712 2156 amicorumque
733 2082 859 2138 iniurias
883 2083 964 2138 civili
978 2083 1123 2161 sanguine
1136 2085 1258 2146 ulcisci.

212 2167 321 2221 iterum
333 2165 502 2223 mandatnm
521 2175 566 2222 est
579 2165 614 2222 ab
632 2164 736 2222 eodem
753 2163 822 2221 love
835 2183 889 2238 per
907 2167 1031 2221 militem
1045 2167 1191 2242 quendam
1208 2168 1258 2223 le-

215 2249 313 2326 gionis
327 2257 441 2319 sextae,
467 2249 549 2323 prius
565 2268 598 2305 se
611 2249 646 2305 de
663 2247 832 2306 Mithridate
845 2251 1072 2322 praenuntiasse
1085 2251 1257 2318 victoriam,

215 2340 245 2386 et
255 2339 328 2388 tunc
340 2333 513 2407 promittere
527 2332 666 2389 daturum
679 2351 712 2388 se
724 2341 917 2408 potestatem,
939 2351 996 2408 qna
1009 2343 1201 2408 recuperaret
1216 2335 1255 2392 ab

213 2415 341 2470 inimicia
355 2415 565 2488 rempublicam
578 2435 639 2473 non
653 2417 717 2472 sine
730 2417 823 2472 multo
838 2419 992 2494 sanguine.
1025 2415 1112 2474 Tunc
1125 2432 1257 2490 percon-

213 2506 293 2554 tatus
308 2497 408 2574 Sylla,
427 2517 503 2574 quae
514 2499 609 2556 forma
622 2501 710 2556 militi
723 2501 788 2556 visa
801 2499 909 2573 fuerit3
936 2519 1002 2557 cum
1014 2503 1065 2557 ifle
1076 2501 1257 2575 indicasset,

214 2599 278 2636 eam
294 2581 466 2638 recordatus
490 2592 536 2638 est
554 2602 641 2658 qnam
657 2584 739 2657 prius
761 2584 795 2640 ab
816 2585 866 2641 illo
893 2585 1042 2656 audierat,
1076 2586 1127 2660 qui
1144 2585 1179 2640 de
1194 2583 1256 2643 Mi-

214 2661 371 2735 thridatica
396 2667 522 2724 victoria
541 2668 576 2724 ab
595 2666 696 2724 eodem
722 2667 859 2724 mandata
884 2670 1057 2742 pertulerat.
1107 2665 1182 2735 Quid
1202 2667 1256 2728 hic

214 2746 387 2820 responderi
398 2758 514 2821 potest,
542 2767 633 2826 quare
652 2750 693 2806 dii
706 2753 878 2808 curaverint
893 2753 975 2808 velut
987 2751 1086 2808 felicia
1100 2751 1158 2806 ista
1172 2770 1254 2809 nun-

213 2831 305 2900 tiare,
333 2839 364 2885 et
385 2832 482 2887 nullus
506 2835 770 2894 eorumcuraverit
789 2833 901 2910 Syllam
924 2835 1070 2894 monendo
1085 2836 1252 2911 corrigere,

212 2914 288 2968 mala
308 2921 392 2969 tanta
404 2914 552 2971 facturum
568 2919 702 2974 scelestis
717 2921 806 2974 armis
821 2919 974 2990 civilibus,
1000 2918 1095 2996 qualia
1108 2935 1169 2973 nou
1183 2919 1251 2975 foe-

213 2995 337 3066 darent,
369 2997 421 3054 sed
434 2998 588 3056 auferrent
606 3003 726 3058 omnino
745 2999 973 3077 rempublicam?
1003 3001 1115 3076 Nempe
1134 3002 1250 3059 intelli-

211 3087 325 3156 guntur
339 3079 513 3154 daemones,
541 3086 620 3141 sieut
637 3103 726 3158 saepe
746 3085 818 3157 dixi,
846 3095 1007 3162 notumque
1034 3085 1117 3142 nohis
1146 3089 1250 3145 estin

211 3164 319 3218 litteris
343 3167 451 3237 sacris,
479 3185 585 3243 resque
607 3170 688 3242 ipsae
710 3171 782 3225 satis
805 3169 954 3242 indicant,
985 3172 1138 3248 negotium
1160 3187 1250 3228 suum

211 3263 316 3324 agere,
343 3257 377 3304 ut
388 3267 442 3323 pro
457 3249 512 3306 diis
527 3249 692 3308 habeantur
706 3262 736 3308 et
751 3253 898 3324 colantur,
920 3262 951 3310 et
965 3271 999 3310 ea
1011 3255 1070 3310 illis
1086 3252 1249 3311 exhibean-

210 3337 274 3402 tur,
301 3332 406 3407 quihus
430 3335 453 3389 ii
476 3336 525 3410 qui
547 3333 688 3391 exhibent
701 3338 823 3409 sociati,
850 3354 940 3394 unam
955 3340 1112 3412 pessimam
1129 3355 1250 3398 causam

209 3432 275 3470 cnm
294 3417 337 3473 eis
351 3413 479 3472 habeant
491 3419 522 3474 in
533 3418 643 3475 indicio
657 3417 723 3475 Dei.

271 3497 388 3555 Deinde
403 3510 471 3554 cum
483 3503 616 3557 venisset
629 3500 795 3560 Tarentum
805 3502 899 3580 Sylla,
919 3513 1008 3580 atque
1022 3506 1064 3561 ibi
1078 3505 1245 3562 sacrificas-

209 3592 269 3651 set,
295 3581 370 3638 vidit
388 3583 420 3636 in
437 3584 533 3655 capite
546 3586 666 3641 vitulini
680 3587 787 3642 iecoris
802 3587 1025 3644 similitudinem
1045 3607 1172 3646 coronae
1191 3609 1246 3646 au-

208 3681 285 3718 reae.
322 3664 410 3721 Tunc
422 3663 591 3723 Postumius
606 3665 755 3744 haruspex
768 3671 818 3726 ille
831 3671 999 3746 respondit,
1018 3673 1203 3746 praeclarum
1218 3677 1247 3730 ei

209 3745 378 3824 significare
393 3750 563 3822 victoriam,
589 3753 736 3826 iussitque
752 3763 786 3809 ut
800 3755 877 3808 extis
891 3755 950 3811 illis
966 3757 1047 3812 solus
1061 3767 1246 3816 vesceretur.

208 3827 313 3886 Postea
327 3849 417 3907 parvo
437 3834 593 3890 interuallo
613 3851 717 3890 servus
742 3835 895 3896 cuiusdam
913 3837 999 3896 Lucii
1020 3836 1120 3896 Pontii
1137 3841 1245 3898 vatici-
