2586 4396
296 220 358 278 DE
382 221 601 285 ClVlTATE
625 230 704 288 DEl
726 233 804 291 LlB.
829 238 862 296 V.
1041 252 1098 304 163

50 375 213 452 spasianis,
238 374 285 429 vel
297 374 377 448 petri
389 376 437 431 vel
449 375 521 449 lilio,
542 381 724 440 suavissimis
738 386 972 465 imperatoribus,
992 399 1054 471 ipse
1068 411 1098 457 et

48 459 228 517 Domitiano
244 455 461 516 crudelissimo:
481 468 511 516 et
524 479 562 518 ne
574 481 627 538 per
641 466 775 545 singulos
790 471 833 527 ire
848 491 968 533 necesse
982 483 1031 553 sit,
1046 485 1098 558 qai

48 542 253 600 Constantino
267 538 454 613 Christiano,
477 544 541 617 ipse
554 557 704 621 apostatae
718 550 846 612 luliano:
873 559 958 615 ouius
978 568 1095 642 egregi-

48 629 125 704 giam
140 623 277 680 indolem
290 622 408 698 decepit
420 643 519 683 maore
532 627 704 689 doquandi
721 638 867 716 sacrilega
881 650 911 697 ct
924 641 1097 704 detestanda

47 709 222 778 euriositas,
238 707 324 763 cuius
337 709 423 764 venis
438 709 553 768 deditus
567 718 695 772 oraculis
711 729 790 792 erat,
806 724 924 796 quando
938 726 1034 784 fretus
1048 749 1090 786 se·

48 795 179 848 caritate
193 792 352 862 victoriae,
378 809 467 848 navos
481 796 586 869 quibus
600 799 697 856 victus
713 807 898 863 necessarius
910 813 1094 885 portabatur,

46 875 198 943 incendit3
213 873 321 930 deinde
335 873 449 931 fervide
461 879 576 935 instans
589 882 753 939 immodicis
767 887 898 962 ausibus,
913 901 943 947 et
952 911 1021 950 usox
1033 916 1093 952 me-

47 962 103 1014 rito
122 959 307 1015 temeritatis
327 960 459 1031 occisus,
486 963 518 1018 in
545 965 617 1019 locis
639 964 798 1025 hostilibus
825 989 951 1050 egenum
973 980 1095 1054 reliquit

48 1043 228 1112 exercitum,
243 1050 276 1096 ut
289 1043 377 1097 aliter
390 1043 459 1120 inde
474 1061 533 1101 non
545 1056 648 1121 posset
661 1051 756 1122 evadi,
771 1054 829 1110 nisi
841 1065 943 1114 eontra
957 1060 1029 1117 illud
1040 1081 1093 1120 au-

47 1127 176 1199 spicium
190 1123 239 1179 dci
252 1122 405 1196 Termini,
429 1126 534 1203 dequo
549 1132 701 1204 superiore
714 1135 788 1191 libro
803 1137 942 1212 diximus,
967 1141 1094 1201 Romani

46 1210 165 1283 imperii
180 1209 302 1264 termini
318 1218 517 1267 moverentur.
544 1211 642 1269 Cessit
666 1218 746 1272 enim
763 1217 921 1277 Terminus
946 1224 1017 1281 deus
1040 1231 1092 1283 ne'-

47 1292 197 1360 cessitati,
225 1291 277 1364 qui
292 1309 351 1347 non
367 1303 496 1349 cesserat
510 1293 582 1352 lovi.
616 1295 699 1354 Haeo
711 1301 797 1372 plane
811 1301 892 1358 Deus
907 1322 983 1362 ιιιιιιι
998 1318 1029 1363 et
1041 1329 1092 1364 ve-

46 1393 95 1430 rus
109 1375 193 1451 regit
208 1381 239 1428 et
252 1374 410 1450 gubernet,
424 1385 457 1432 ut
469 1379 579 1451 placet:
594 1381 663 1435 etsi
678 1384 804 1440 occultis
818 1388 932 1457 causis,
952 1391 1093 1466 numquid

46 1453 187 1514 iniustisi

411 1540 479 1600 cl
504 1544 536 1600 P.
579 1544 657 1602 XX
670 1545 684 1602 l
699 1547 719 1604 l.

181 1619 318 1688 Tempora
329 1620 469 1691 canusque
480 1625 607 1678 bellorum
617 1645 652 1680 ex
661 1625 718 1680 Dei
723 1631 840 1696 pendere
850 1632 959 1686 iudicio.

112 1709 167 1766 Sic
183 1712 275 1767 etiem
288 1720 420 1785 tempora
433 1713 496 1787 ipsa
509 1715 668 1789 bellorum,
696 1720 773 1776 sicut
785 1722 817 1777 in
830 1724 894 1778 eius
909 1724 1032 1782 arbitrio
1046 1738 1092 1784 est

47 1797 185 1869 iustoque
198 1793 312 1850 iudicio
327 1803 357 1849 et
367 1795 580 1870 misericordia,
600 1802 649 1856 vel
661 1811 799 1875 atterere,
815 1806 861 1860 vel
875 1809 1021 1864 consolari
1036 1830 1088 1888 ge-

48 1897 100 1934 nus
113 1877 292 1949 hamanum,
306 1879 411 1934 utalia
425 1880 523 1952 citius,
537 1884 594 1938 alia
608 1884 720 1941 tardius
733 1885 885 1944 finiantur.
911 1888 1026 1948 Bellum
1039 1892 1088 1949 Pi-

48 1971 179 2018 rsterum
191 1979 210 2016 a
223 1959 379 2036 Pompeio,
399 1960 505 2019 bobum
518 1963 661 2024 Punicum
673 1971 794 2026 tertium
807 1989 823 2027 a
837 1970 977 2046 Scipione
990 1976 1088 2031 incre-

48 2045 127 2101 dibili
153 2045 308 2100 eeleritate
332 2053 362 2100 et
384 2048 522 2120 temporis
544 2049 688 2108 brevitate
711 2053 845 2109 conlecta
868 2063 946 2110 sunt.
975 2054 1089 2114 Bellum

49 2147 165 2203 quoque
177 2127 377 2204 fugitivorum
390 2127 596 2204 gladiatorum,
620 2137 751 2210 quamvis
765 2137 866 2192 multis
880 2135 1021 2193 Romanis
1036 2139 1088 2195 du-

49 2213 125 2268 cibus
140 2221 173 2267 et
186 2211 302 2266 duobus
314 2212 483 2269 oonsulibus
497 2215 597 2287 victis,
611 2215 754 2294 Italiaque
765 2218 948 2277 horribiliter
962 2223 1090 2278 contrita

49 2305 133 2369 atque
142 2303 272 2363 vastata,
280 2295 369 2350 tertio
377 2302 893 2373 tamennnnopostmulteconsumta
902 2314 1088 2362 consumtum

49 2388 98 2433 est.
112 2377 267 2448 Picentes,
280 2375 372 2434 Marsi
384 2376 546 2457 otPeligni,
561 2393 666 2460 gentes
680 2404 739 2442 non
752 2396 883 2459 exterae,
899 2386 1088 2460 sedltslieae,

47 2471 111 2534 post
123 2461 298 2518 diuturnam
313 2470 343 2517 et
355 2458 575 2520 devotissimum
593 2467 645 2522 sub
660 2466 794 2524 Romano
813 2472 884 2546 iugo
904 2472 1088 2540 servitutem,

47 2546 77 2600 in
92 2545 261 2601 libertatem
275 2552 363 2618 caput
376 2546 492 2622 erigere
504 2556 709 2619 tentaverunt,
732 2551 791 2604 iam
803 2553 904 2606 multis
918 2553 1088 2606 nationibus
1151 2561 1154 2565 '

47 2625 179 2684 Romano
192 2629 319 2702 imperio
334 2627 512 2705 subiugatis,
526 2629 679 2704 deletaque
693 2629 886 2707 Carthagine:
908 2633 940 2686 in
954 2649 1012 2705 quo
1026 2632 1088 2690 bol-

47 2713 75 2766 lo
89 2709 190 2766 ltalico
204 2710 346 2767 Romanis
361 2712 532 2786 saepissime
545 2713 645 2782 victis,
663 2712 713 2768 ubi
727 2721 758 2768 et
770 2712 828 2770 duo
843 2715 978 2770 consules
991 2717 1088 2788 peric·

47 2803 131 2863 runt,
145 2801 173 2848 et
184 2796 236 2850 alii
249 2795 425 2850 nobilissimi
438 2803 605 2852 senatores:
621 2814 682 2852 non
695 2795 834 2853 diuturno
846 2807 944 2854 temen
956 2805 1088 2874 tempore

47 2887 172 2934 tractum
185 2887 233 2933 est
244 2875 300 2933 boc
312 2877 437 2948 malum;
452 2897 519 2934 nam
533 2880 655 2954 quintus
670 2881 698 2936 ei
711 2898 807 2937 annus
820 2880 909 2937 finem
923 2881 1011 2938 dedit.
1027 2880 1088 2938 Sed

46 2961 153 3018 bobum
165 2960 313 3018 Punicum
327 2961 489 3017 seeundum
509 2981 576 3019 oum
597 2965 734 3020 maximis
753 2963 937 3022 detrimentis
957 2973 987 3021 et
1008 2967 1085 3022 cals-

44 3045 145 3100 mitate
158 3044 337 3117 reipublicae
355 3061 514 3118 perennes
532 3045 633 3103 decem
650 3056 680 3102 et
694 3057 761 3103 octo
776 3043 924 3105 Romanas
939 3049 1017 3106 vires
1032 3067 1084 3104 ex-

44 3129 195 3196 tenuavit,
210 3137 239 3182 et
251 3145 327 3201 pene
341 3129 516 3184 consumsit:
531 3129 641 3186 duobus
656 3132 776 3206 praebia
790 3132 882 3189 fernae
896 3134 1085 3210 septuaginta

44 3208 247 3267 Romanorum
268 3211 361 3267 millia
386 3207 565 3269 ceciderunt.
592 3212 708 3270 Bellum
720 3213 865 3271 Punicum
884 3218 1011 3289 primum
1031 3234 1085 3289 per

42 3295 150 3371 viginti
163 3303 195 3350 et
208 3301 268 3348 tres
283 3310 377 3350 annos
396 3303 547 3369 peractum
561 3306 620 3352 est:
645 3295 755 3352 bellum
767 3295 997 3354 Mithridaticum
1011 3315 1083 3371 qua-

43 3375 181 3454 draginta
195 3377 292 3431 annis.
331 3377 374 3432 Ac
388 3394 425 3432 ne
439 3378 594 3456 quisquam
607 3378 779 3449 arbitretur,
793 3380 961 3436 rudimenta
974 3379 1083 3435 Roma·

43 3479 146 3518 norum
159 3460 257 3516 fuisse
270 3459 397 3515 fortiora
412 3458 448 3515 ad
462 3460 537 3516 bella
559 3463 646 3517 eitius
670 3460 856 3538 peragenda,
883 3459 1083 3536 superioribus

41 3545 221 3618 temporibus
234 3542 359 3598 multum
372 3543 404 3599 in
424 3545 505 3599 omni
523 3546 634 3601 virtute
652 3543 794 3612 larsdetis,
819 3545 927 3600 bellum
941 3541 1082 3598 Samniti-

41 3645 103 3682 cum
116 3628 208 3683 onnis
221 3634 350 3681 tractum
364 3634 411 3680 est
422 3624 513 3681 ferme
527 3627 757 3705 quinquaginta:
771 3626 803 3683 in
814 3643 873 3699 quo
883 3625 958 3680 bello
967 3624 1009 3678 its
1022 3621 1082 3680 llo-

41 3713 116 3768 mani
129 3709 207 3766 victi
220 3718 302 3778 sunt,
316 3715 350 3764 ut
362 3707 415 3764 sub
430 3709 532 3785 iugum
546 3711 635 3765 etiem
648 3711 844 3765 mitterentur.
865 3705 925 3764 Sed
938 3707 1007 3781 quis
1022 3725 1082 3763 non

42 3792 206 3871 diligebant
218 3792 346 3869 glorians
359 3800 479 3865 propter
491 3793 646 3862 iustitiam,
666 3790 717 3846 sed
730 3790 871 3846 iustitiam
884 3800 1004 3864 propter
1016 3793 1082 3868 glo·

41 3878 108 3934 riam
129 3876 258 3953 diligere
279 3871 471 3946 videbantur,
498 3893 600 3950 paoem
618 3875 726 3930 iactam
751 3871 910 3948 foedusque
930 3881 1081 3948 ruperunt.
