2538 4392
262 181 323 241 on
345 177 573 242 crvirnrn
594 181 674 242 nni
694 183 775 243 ma.
797 183 906 244 xvn.
1050 176 1109 249 rio

1 383 23 434 ,Β
66 337 243 420 gaudem.
272 333 350 402 Huic
364 335 442 390 caim
455 332 554 392 domui
568 333 640 392 dicit
652 335 819 412 Apostolus,
832 325 887 394 hoo
904 327 959 411 ert,
973 323 1109 400 fidelibur

2 423 24 515 *r
64 421 194 480 Christi:
212 417 364 496 Templum
375 419 451 474 enim
464 416 526 476 Dei
537 429 671 476 tanetum
685 429 740 490 cot,
754 421 831 496 quod
842 422 914 479 cotie
925 439 984 480 ooo.

1 485 15 524 b

5 535 7 541 ’
474 569 596 628 cnr.
639 568 707 628 1x.

0 655 19 684 '¹
62 671 154 738 Quam
171 665 268 720 anate
281 667 311 720 in
321 667 432 720 Psalmo
447 665 610 736 octogesimo
625 674 719 718 oetaeo
734 664 772 719 rit
783 665 930 736 prophetia
945 669 977 722 de
991 666 1110 736 Cbrirtc,

105 739 151 792 itit
163 737 273 806 quaein
282 735 439 808 Regnorum
450 737 527 790 tara
537 735 652 790 Natban
664 735 847 805 prophetante
853 739 1064 808 promittuntur.

2 829 20 933 ’ἶ
128 845 257 918 Propter
271 844 348 920 quod
363 852 393 900 et
404 847 436 902 in
450 843 567 901 Psalmo
580 845 761 924 octogesimo
775 853 896 919 octavo,
915 847 998 902 cuiue
1012 855 1058 902 ert
1072 847 1110 903 ti-

1 939 5 1008 [
62 932 156 1000 unus,
180 924 354 986 Intellectus
367 930 426 1006 ipei
435 927 555 986 Aetban
568 925 744 999 Ieratlitac‚
764 937 1030 986 commemorantur
1041 948 1110 1005 pro-

2 1086 5 1092 .
58 1005 226 1070 missione·
240 1009 298 1067 Dei
308 1009 405 1070 fectae
417 1013 483 1089 regi
495 1009 607 1085 David,
633 1020 663 1068 et
675 1013 741 1068 irtio
756 1029 831 1088 quae
846 1014 883 1069 in
899 1013 976 1070 libro
990 1009 1111 1090 Regno·

0 1101 2 1116 “
61 1117 134 1154 rum
148 1103 223 1152 aunt
233 1095 338 1170 potita,
353 1093 495 1170 quaedam
505 1096 546 1152 ibi
560 1096 667 1152 similia
677 1095 826 1168 dicuntur,
842 1097 920 1152 sieut
933 1104 991 1153 ert:
1005 1092 1113 1154 Iuraei

1 1173 9 1202 ³'
62 1179 176 1239 David
187 1195 272 1236 aereo
284 1197 346 1236 meo
353 1217 363 1250 ,
389 1195 479 1256 arque
491 1181 523 1237 in
536 1188 690 1238 aeternum
701 1179 896 1258 praeparabo
908 1195 1006 1238 temen
1020 1187 1111 1237 tunm.

61 1265 103 1322 Et
116 1265 244 1319 iterum:
274 1260 356 1320 Tunc
374 1261 488 1320 iocatur
507 1279 538 1321 eu
557 1265 588 1320 in
602 1263 831 1341 adspectafiiiio
844 1263 921 1334 tuit,
947 1271 977 1320 et
995 1261 1112 1332 diaioti,

62 1347 159 1406 Posui
173 1345 357 1403 adiutorium
370 1363 460 1424 caper
466 1356 631 1424 potentem,
646 1355 676 1404 et
690 1345 824 1404 exaltari
837 1345 960 1404 eiectam
973 1345 1009 1402 de
1017 1361 1112 1423 popu·

13 1445 17 1451 '
62 1432 91 1488 bo
106 1448 181 1487 meo.
207 1424 313 1486 lnaeai
324 1427 430 1487 Dauid
445 1445 560 1487 oeream
574 1446 683 1500 meam,
706 1431 737 1488 in
756 1429 816 1488 oleo
835 1439 939 1486 cancta
958 1445 1020 1485 meo
1040 1429 1113 1484 anxi

1 1512 19 1544 ¹''
60 1533 141 1574 enar.
165 1509 275 1570 Manae
288 1513 365 1568 enirn
376 1531 443 1570 mea
456 1513 657 1570 auxiliabitur
670 1515 711 1584 ei,
727 1524 757 1572 et
770 1509 923 1570 brachium
938 1529 1032 1568 meam
1045 1529 1112 1567 con-

2 1591 15 1666 {'
56 1596 203 1674 fortabit
217 1613 289 1652 eum.
321 1591 386 1652 Non
392 1594 538 1676 proficiet
552 1598 689 1654 inimicia
703 1597 734 1653 in
748 1615 790 1668 eo,
804 1593 929 1668 etfiliuu
943 1593 1113 1671 iniquitatit

1 1674 19 1755 [³
58 1702 122 1740 non
138 1687 385 1760 apponetnocerc
399 1681 435 1736 ei.
464 1677 506 1736 Et
520 1680 671 1737 concidam
685 1680 805 1752 afacie
819 1681 881 1737 eino
894 1679 1027 1736 inimicos
1041 1678 1114 1745 eine,

1 1763 10 1796 ¹²
60 1776 91 1824 et
105 1779 176 1834 eoa,
190 1763 242 1839 pai
254 1759 380 1820 oderant
393 1781 467 1834 eum,
474 1762 604 1839 fugabo.
640 1761 810 1822 Etueritaa
823 1781 889 1820 mea
902 1761 1114 1820 etmiocricor-

1 1841 18 1880 '⁷'
58 1851 118 1907 dia
134 1863 204 1904 mea
218 1863 283 1901 cam
296 1845 369 1923 pto,
383 1855 414 1903 et
427 1848 458 1902 in
471 1848 585 1907 nomine
598 1863 660 1904 meo
675 1847 863 1905 exaltabitur
876 1863 967 1904 cornu
979 1843 1051 1902 ciat.
1073 1839 1115 1898 Et

1 1935 18 1969 ³*
53 1949 176 2011 ponam
198 1930 230 1985 in
252 1930 333 1984 mari
354 1947 470 1987 manum
490 1931 568 2000 eine,
591 1938 621 1986 et
640 1931 671 1986 in
685 1929 860 2006 fluminibus
874 1929 1030 1988 dexteram
1043 1927 1114 1984 eiua.

1 2014 17 2045 ·“
56 2013 137 2096 [ρει
149 2011 301 2071 invocabit
313 2031 373 2083 me,
399 2009 493 2071 Pater
507 2030 587 2071 meae
602 2029 632 2070 ιι
647 2022 696 2084 tu,
723 2013 806 2071 Deae
823 2029 904 2070 meno
921 2020 952 2070 et
963 2018 1116 2090 conceptor

1 2087 17 2132 ¹*
56 2099 180 2158 calatia
203 2113 294 2154 meae.
330 2094 372 2153 Et
393 2113 446 2172 ego
462 2096 698 2173 primogenitum
713 2113 826 2175 ponam
849 2094 946 2162 ilium,
971 2091 1115 2148 cacabum

2 2185 16 2220 ·”
58 2181 152 2249 anua
172 2196 261 2255 regen
285 2188 396 2236 terrae.
431 2174 468 2235 In
492 2189 646 2236 aeternam
668 2179 790 2237 teroabo
813 2175 862 2233 illi
879 2173 1115 2232 mirericordiam

1 2265 15 2304 ἵ
56 2253 176 2336 meam,
190 2272 223 2320 et
236 2271 443 2320 tentamentum
455 2281 549 2321 meum
555 2259 650 2334 fidele
663 2262 730 2339 ioci.
749 2261 791 2319 Et
796 2277 909 2342 ponam
923 2260 954 2314 in
967 2253 1115 2316 caccabum

4 2351 15 2390 ³³
56 2347 188 2409 caecubi
209 2363 305 2403 acmen
330 2347 407 2416 ciue,
431 2357 462 2404 et
484 2344 621 2404 tbronnm
645 2345 709 2402 eino
730 2345 809 2404 uicut
827 2345 890 2402 dieo
908 2343 990 2402 coeli.
1034 2340 1116 2408 Quae

4 2426 15 2475 s·
55 2433 170 2492 omnia
181 2429 217 2485 de
230 2428 358 2486 Domino
369 2426 437 2486 loru
447 2429 668 2507 intelliguntur,
678 2429 794 2504 quondo
805 2436 887 2504 recte
895 2426 1116 2502 intelliguntur,

54 2519 119 2576 sub
135 2513 259 2573 nomine
271 2510 387 2584 David,
410 2521 528 2588 propter
541 2513 665 2568 formam
678 2513 767 2582 uerri,
781 2509 916 2588 quamde
930 2509 1041 2564 nemine
1053 2504 1116 2561 Da·

55 2601 114 2660 vid
130 2599 214 2656 idem
225 2594 370 2678 Mediator
383 2597 525 2654 arrumrit
537 2612 576 2651 ex
588 2595 716 2672 virgine.
754 2593 903 2652 Continuo
913 2591 1001 2648 etiam
1010 2587 1117 2644 dicitur

6 2718 10 2724 ι
56 2687 99 2744 de
115 2681 252 2761 peccatis
264 2679 393 2737 filiorum
407 2679 471 2738 eius
485 2681 544 2736 tale
557 2677 684 2754 aliquid,
707 2679 795 2754 quale
807 2678 839 2734 iu
853 2673 1027 2753 Regnorum
1041 2669 1116 2727 libro

1 2786 20 2818 ῑ·
54 2769 201 2847 positum
221 2773 280 2836 eet,
305 2774 335 2821 et
352 2765 437 2839 quari
456 2762 492 2820 de
509 2761 668 2822 Salomone
690 2763 851 2838 proclivius
875 2757 1028 2832 accipitur.
1072 2751 1117 2810 lbi
1159 2813 1163 2820 .

52 2867 210 2928 namque,
223 2846 280 2905 hoc
293 2856 350 2920 ort,
363 2847 396 2904 in
409 2845 585 2926 Regnorum·
595 2845 682 2918 libro,
697 2843 739 2901 Et
752 2846 782 2902 oi
792 2844 920 2912 uenerit,
934 2839 1042 2915 inquit,
1057 2837 1116 2895 ini-

53 2937 174 3018 quitas
188 2934 266 3003 eino,
289 2932 472 3010 redarguam
485 2931 569 2989 illam
583 2929 879 3006 irrogationem,
897 2933 928 2983 et
941 2925 973 2980 in
987 2921 1117 2979 tactam

43 3021 205 3097 filiorum
224 3013 386 3072 bominum:
405 3013 643 3074 mirericordiam
661 3021 761 3070 aotcm
780 3029 874 3069 meam
893 3027 949 3065 non
969 3021 1117 3064 amoveam

51 3106 98 3164 ab
117 3119 173 3160 eo:
195 3098 320 3156 tactibus
336 3098 508 3176 significant
521 3099 624 3174 plagae
637 3096 843 3170 correptionis.
877 3089 962 3148 Vade
974 3089 1048 3146 illud
1061 3095 1116 3156 eut,

1 3209 2 3238 1
51 3188 107 3246 Ne
125 3183 299 3260 tetigeritit
314 3179 448 3238 Obrirtoo
461 3197 546 3238 mooe.
581 3178 668 3245 Quod
681 3175 753 3253 quid
770 3186 816 3234 eut
833 3174 924 3246 aliud,
945 3191 1050 3249 quam,
1072 3165 1118 3227 Nc

49 3260 240 3329 laeseritirt
268 3262 302 3320 ln
315 3263 431 3321 Psalmo
445 3281 516 3322 vero
530 3279 618 3340 quum
632 3269 735 3340 ageret
747 3269 887 3334 tanquam
899 3255 935 3312 de
948 3251 1061 3322 David,
1086 3257 1121 3306 ut

49 3349 212 3432 quiddam
226 3345 371 3404 eiusmodi
385 3347 473 3403 etiam
486 3345 528 3402 ibi
541 3345 663 3400 diceret.
698 3340 734 3399 Si
756 3339 988 3417 dereliquerint,
1012 3333 1120 3408 inquit,

37 3437 127 3514 filii
141 3433 211 3492 eiua
225 3429 319 3508 legem
332 3449 437 3501 meam,
452 3439 482 3488 ct
495 3431 526 3485 in
538 3429 660 3486 indicite
673 3426 745 3482 meio
758 3443 815 3481 non
831 3417 1067 3488 ambulaverint3
1093 3414 1122 3468 ιι·

48 3514 309 3590 iustificationer
320 3531 401 3573 mear
407 3511 657 3594 profanaverint,
672 3517 702 3566 et
715 3507 860 3564 mandata
875 3519 940 3559 mea
953 3517 1009 3556 non
1023 3504 1120 3553 caeto·

43 3603 207 3672 dierintt
231 3597 359 3659 nudabo
372 3599 403 3655 in
414 3599 505 3673 uirga
518 3593 693 3672 iniquitaten
707 3609 820 3660 eorum,
838 3597 869 3646 et
881 3587 913 3642 in
920 3577 1057 3661 flagellis
1069 3577 1120 3640 dc-

45 3691 151 3748 licta
167 3699 287 3740 eoram:
305 3680 542 3740 mirericordiam
555 3685 655 3734 autem
667 3693 761 3734 meam
776 3691 831 3730 non
845 3671 1016 3748 diapergam
1029 3663 1065 3721 ab
1080 3681 1120 3720 eo.

42 3771 83 3833 N
87 3787 141 3828 on
157 3765 255 3835 dixit,
277 3764 314 3822 ab
329 3765 381 3834 eir,
405 3781 493 3840 quum
506 3763 678 3838 loqueretur
690 3759 725 3815 de
738 3757 807 3814 filiis
821 3756 894 3824 eiur,
920 3769 979 3808 non
993 3747 1028 3805 de
1041 3748 1121 3823 ipro:

38 3851 122 3918 aad
138 3849 232 3920 dixit,
247 3848 283 3906 ab
299 3867 347 3924 ιι,·
359 3847 435 3925 quod
448 3847 524 3904 bene
538 3845 722 3902 intellectum
735 3837 909 3899 tantundem
921 3836 1009 3893 valet.
1053 3829 1120 3888 Non
