2510 4404
191 127 251 184 376
420 122 520 180 DlVl
541 122 729 180 AVRELll
748 123 1005 182 AVGVSTlNl

191 277 314 350 osredum
326 278 390 332 loco
404 277 476 332 alias
490 293 604 350 quoque
617 283 732 352 gentes,
745 275 848 350 quibus
862 275 1089 352 dominaretur,
1111 280 1173 338 hac
1185 303 1221 340 ιιι

192 361 331 434 opinione
344 357 546 434 perfunderet3
572 368 678 414 utnon
692 357 806 433 quidem
819 359 985 432 crederent,
1000 361 1057 416 sed
1071 373 1177 421 tamen
1191 368 1221 422 di·

193 451 295 500 ccrent
309 443 393 498 deum
407 441 570 512 Romulum,
595 461 633 496 ne
647 442 803 512 civitatem,
817 445 863 497 cui
876 444 1063 516 serviebant,
1080 447 1120 503 de
1136 451 1221 505 condi·

191 537 255 584 tore
270 528 332 582 eius
347 524 535 596 offenderent,
559 527 646 580 aliter
659 543 726 580 eum
739 526 915 582 nominando
929 546 1019 604 quam
1033 527 1153 604 Roma,
1169 552 1223 607 qun

190 609 220 665 id
234 629 294 666 non
308 627 405 668 amore
425 607 541 683 quidem
558 606 643 664 huius
662 610 788 680 erroris,
814 609 864 664 sed
882 619 981 666 tamen
1002 616 1125 670 amoris
1141 636 1223 671 errore

191 692 362 750 crediderat.
396 691 528 749 Christus
542 700 638 747 autem
651 709 814 766 quanquam
828 694 866 748 sit
878 696 1015 774 coelestis
1031 706 1067 752 et
1082 702 1224 775 sempiter·

191 795 247 834 uae
261 775 394 832 conditor
407 775 551 845 Civitatis,
566 784 734 830 nontamen
747 794 823 846 eum,
836 778 972 851 quoniam
987 771 1027 834 ab
1043 782 1103 838 illo
1122 783 1226 841 condita

192 869 247 929 est,
260 859 356 918 Deum
370 858 503 915 credidit:
519 857 570 913 sed
582 857 648 913 idco
663 860 760 932 potius
775 868 820 914 est
833 859 996 932 condenda,
1013 866 1093 937 quia
1107 867 1226 922 credidit.

190 942 282 1001 Roma
306 942 486 998 conditorem
511 960 596 997 suum
618 943 676 996 iam
695 951 863 998 constructa
881 952 910 998 et
929 943 1075 1003 dedicata
1101 959 1227 1025 tanquan

190 1027 275 1092 deum
300 1027 393 1081 coluit
415 1027 447 1082 in
471 1027 592 1098 templo:
618 1023 688 1080 haec
712 1035 808 1082 autem
830 1024 1019 1084 Hierusalem
1049 1033 1226 1088 conditorem

189 1128 275 1166 suum
289 1108 383 1166 Deum
397 1108 559 1180 Christum,
572 1119 606 1164 ut
619 1110 751 1164 construi
764 1119 862 1182 posset
875 1117 904 1165 et
917 1110 1076 1185 dedicari,
1097 1119 1225 1190 poenitio

189 1193 258 1250 fidei
272 1192 468 1250 fundamento.
503 1191 556 1248 llla
574 1194 657 1248 illum
677 1192 798 1248 amando
813 1212 877 1249 esse
897 1193 982 1249 deum
1003 1197 1159 1272 credidit,
1184 1203 1224 1256 ists

189 1278 280 1334 istum
292 1276 389 1334 Deum
403 1295 469 1333 esse
483 1276 627 1332 credendo
641 1277 756 1332 amavit.
791 1275 873 1333 Sicut
887 1297 958 1355 ergo
971 1286 1150 1353 praecessit
1166 1285 1225 1340 uude

190 1370 301 1418 amaret
313 1363 382 1432 illa,
407 1371 436 1418 et
449 1360 485 1416 de
498 1369 593 1416 amato
607 1361 665 1416 iam
678 1361 803 1416 libenter
818 1363 904 1417 etiam
917 1361 1029 1418 falsum
1043 1365 1163 1422 bonum
1177 1388 1224 1424 cre·

190 1444 284 1501 deret:
299 1446 341 1500 ita
351 1447 509 1518 praecessit
522 1444 600 1500 unde
613 1445 670 1500 ista
683 1443 825 1515 crederet,
837 1455 869 1500 ut
881 1439 961 1501 recta
973 1445 1051 1519 fide,
1069 1469 1133 1506 non
1147 1461 1225 1506 terne-

189 1547 222 1584 re
237 1528 441 1604 quodfalsum,
455 1528 506 1584 sed
519 1529 597 1603 quod
609 1546 710 1584 verum
724 1537 788 1583 erat
802 1539 919 1584 amaret.
933 1528 1090 1606 Exceptis
1105 1537 1181 1590 enim
1193 1545 1226 1590 tot

190 1622 220 1668 et
237 1613 328 1668 tantis
351 1614 514 1683 miraculis,
541 1630 615 1686 quae
635 1621 842 1686 persuaserunt
867 1610 964 1668 Deum
983 1633 1056 1670 esse
1078 1617 1224 1674 Christum.

189 1693 357 1770 prophetiae
371 1713 485 1770 quoque
499 1695 614 1750 divinae
628 1695 684 1750 fidc
695 1695 882 1774 dignissimae
893 1713 1152 1772 praecesserunt,
1165 1722 1222 1776 quae
1245 1683 1246 1778 1

189 1780 221 1834 in
234 1779 295 1848 illo,
310 1795 370 1833 non
381 1779 456 1833 sicut
467 1777 623 1852 epatrilrus
638 1777 730 1834 adhuc
741 1777 900 1834 creduntur
913 1781 1103 1856 implendae,
1121 1786 1221 1842 sedium
1245 1795 1246 1828 ἲ

190 1861 425 1918 demonstrantur
437 1861 579 1936 impletae.
616 1859 662 1917 De
675 1859 800 1919 Romulo
824 1871 919 1918 autern
936 1865 1009 1938 quia
1025 1869 1165 1925 condidit
1175 1868 1221 1924 Ro·
1245 1839 1246 1884 l

189 1964 282 2016 mam,
308 1947 339 2002 in
358 1963 448 2020 eaque
467 1946 614 2022 regnavit,
636 1945 767 2017 auditur,
793 1947 938 2023 legiturve
953 1949 1039 2024 quod
1054 1951 1220 2010 factumest

190 2049 250 2087 non
271 2028 347 2104 quod
367 2039 435 2086 aute
456 2029 554 2084 fuerat
571 2027 787 2103 prophetatum:
815 2029 864 2084 red
885 2030 962 2104 quod
983 2033 1028 2088 sit
1051 2048 1187 2112 receptus
1198 2038 1218 2090 in
1245 2031 1246 2112 1

149 2153 152 2160 .
190 2113 268 2184 deos,
283 2113 424 2170 creditum
437 2121 539 2168 tenent
551 2114 664 2184 literae,
679 2132 739 2170 non
750 2111 858 2175 factum
872 2113 987 2171 docent.
1006 2115 1116 2174 Nullis
1131 2123 1219 2195 quippe
1245 2113 1246 2128 .

190 2217 289 2254 rerum
300 2197 474 2253 mirabilium
488 2198 581 2274 signis
595 2195 626 2251 id
639 2198 667 2251 ei
678 2215 747 2254 vere
758 2199 929 2270 provenisse
938 2210 1143 2259 monstratur.
1157 2203 1219 2276 Lupa

190 2282 295 2356 quippe
309 2282 359 2336 illa
373 2279 510 2356 [fratrum
522 2277 659 2358 duorum]
682 2281 799 2351 nutrix,
826 2279 902 2356 qued
921 2281 1045 2339 videtur
1067 2289 1155 2361 quari
1170 2306 1218 2341 ma·

190 2383 281 2442 gnum
295 2365 443 2420 exstitisse
457 2373 639 2437 portentum,
665 2365 750 2438 quale
768 2373 820 2420 aut
839 2373 981 2438 quantum
995 2378 1046 2423 est
1060 2369 1101 2425 ad
1115 2370 1217 2426 denon-

192 2445 343 2504 strandum
361 2443 465 2504 deum'l
492 2446 579 2504 Certe
598 2448 675 2504 enim
692 2449 747 2504 etsi
766 2467 826 2503 non
845 2450 986 2504 meretrix
1004 2451 1084 2525 lupa
1104 2454 1216 2510 fuitillr.
1245 2471 1246 2490 ³

190 2531 241 2588 sed
253 2531 357 2602 bestia,
372 2550 438 2587 cum
450 2529 602 2606 [fratribus
615 2527 794 2606 portentum]
810 2550 959 2587 commune
969 2532 1069 2592 fucrit
1079 2539 1215 2595 ambolus.
1245 2521 1246 2594 1

189 2615 283 2672 frater
295 2627 392 2672 tamen
406 2617 468 2672 eius
482 2635 542 2672 non
553 2613 675 2671 habetur
689 2613 766 2670 deus.
795 2616 865 2682 Quis
878 2625 975 2672 autem
987 2618 1159 2692 prohibitus
1171 2633 1215 2688 cst,
1245 2635 1246 2638 ’

190 2709 241 2756 aut
255 2698 425 2772 Romulum,
449 2709 499 2756 aut
511 2697 685 2770 Herculem,
707 2708 759 2754 aut
772 2699 843 2754 alios
858 2700 931 2754 tales
944 2697 1086 2759 homines
1103 2705 1170 2762 deos
1182 2703 1214 2760 di-
1245 2723 1246 2730 ¹

191 2802 269 2856 cere,
284 2793 313 2840 et
326 2784 402 2838 mori
415 2785 533 2854 maluit,
556 2801 644 2859 quam
657 2801 717 2838 non
732 2778 848 2838 dicerel
882 2782 940 2838 Aut
951 2789 1144 2863 rero'aliqua
1156 2809 1213 2867 geu·

189 2869 262 2922 tium
280 2869 389 2922 coleret
404 2868 483 2922 inter
502 2865 570 2922 deos
592 2884 660 2922 suos
679 2863 849 2938 Romulum,
874 2868 932 2922 nisi
945 2865 1081 2926 Romani
1103 2875 1213 2929 nominis

189 2939 284 3004 met'us
311 2946 448 3026 cogeretl
483 2949 555 3015 Qui·
570 2967 657 3023 porro
676 2959 822 3020 numeret,
845 2953 1030 3024 quammulti
1046 2958 1214 3030 quantalibet
1245 2947 1246 3014 l

190 3033 314 3089 saevitia
328 3031 508 3087 crudelitatis
523 3032 631 3103 occidi,
658 3051 745 3108 quam
758 3031 905 3090 Christum
920 3033 1018 3091 Deum
1037 3056 1151 3116 negare
1162 3057 1211 3094 na-
1245 3019 1246 3034 ¹

190 3111 328 3172 luerunt?
351 3112 477 3172 Proinde
489 3125 583 3171 metus
597 3118 757 3192 quamlibet
769 3119 841 3174 levis
856 3117 1088 3195 indignationis,
1103 3141 1171 3198 quae
1181 3123 1210 3178 ab

189 3201 294 3258 animis
309 3198 517 3270 Romanorum,
541 3201 566 3255 si
588 3219 648 3256 non
671 3201 767 3274 fieret,
789 3221 874 3276 posse
896 3203 1057 3276 putabatur
1072 3209 1212 3264 exsistere.

191 3285 379 3360 compellebat
392 3286 503 3360 aliquus
518 3286 650 3340 civitates
668 3287 778 3360 positas
793 3287 845 3342 sub
859 3287 922 3340 iure
935 3283 1073 3344 Romano
1088 3299 1212 3364 tanquam

190 3370 274 3426 deum
290 3371 384 3425 colere
397 3367 568 3426 Romulum:
590 3387 607 3424 a
621 3367 737 3425 Christo
751 3380 847 3424 autem
861 3368 924 3425 Deo
939 3387 1001 3424 non
1014 3372 1113 3428 solum
1127 3376 1211 3428 colen·

191 3454 238 3524 do,
251 3472 351 3509 verum
366 3455 452 3509 ctiam
466 3451 641 3527 confitendo,
655 3459 766 3509 tautam
778 3472 830 3528 per
843 3452 940 3509 orbern
954 3461 1054 3510 terrae
1064 3454 1209 3532 Martyru-

191 3535 409 3593 multitudiuem
421 3545 514 3592 metus
528 3554 666 3592 revocare
685 3555 744 3592 nou
757 3539 867 3610 potuit,
892 3555 952 3592 non
965 3537 1037 3592 levis
1053 3536 1208 3597 offensionis

192 3621 370 3691 animorum,
397 3619 448 3675 sed
461 3621 667 3676 immensarum
679 3621 884 3696 variarumque
895 3637 1066 3694 poenarum,
1092 3625 1206 3698 etipsin

192 3703 307 3771 mortis,
321 3719 393 3774 quae
407 3705 471 3775 plus
486 3703 608 3758 caeteris
621 3701 800 3759 formidatur.
817 3703 918 3779 Neque
930 3713 1000 3760 tunc
1014 3702 1126 3762 Civitas
1139 3706 1207 3763 Chri-

194 3787 243 3854 ιιί,
258 3787 387 3857 quamvis
396 3783 730 3863 adhucperegrinaretur
737 3787 769 3844 in
777 3789 875 3860 terris,
890 3797 919 3843 et
929 3785 1148 3846 haberettamen
1158 3807 1206 3845 no-
