2586 4396
210 187 271 243 208
438 179 537 238 DlVl
558 167 744 236 nvnaili
767 173 1024 235 AVGVSTINI

213 353 347 407 nmmos,
372 333 425 389 has
439 331 696 407 interpretationes
709 347 770 386 non
781 327 888 386 referri
899 326 937 385 ad
949 345 1053 387 rerum
1064 325 1175 404 Deum,
1202 334 1258 388 vi-

213 437 293 490 sam,
321 420 538 490 incorpoream,
565 413 887 487 incommutabilemque
900 420 1057 484 «naturam,
1083 430 1173 489 aquo
1186 417 1261 472 vita

213 504 245 557 in
259 509 411 558 aeternum
423 498 509 554 beatu
527 495 674 570 poscenda
687 504 745 566 est3
772 493 824 550 sed
836 513 935 550 earum
948 513 1013 550 esse
1025 496 1099 552 fines
1113 498 1146 552 in
1159 499 1260 554 rebus

212 583 432 657 corporalibus,
469 579 695 652 temporalibus,
732 577 917 634 mutabilibus
946 587 1033 653 atque
1063 580 1258 636 mortalibus,

212 665 296 733 Quod
309 664 445 735 Caelum,
471 662 583 736 inquit,
607 668 720 736 patrem
739 657 885 717 Saturnus
911 669 1054 716 castrasse
1080 663 1111 716 in
1138 661 1258 719 fabulis

211 747 335 817 dieitur,
359 746 415 802 hoc
441 743 590 822 significet
613 759 704 817 penes
724 740 899 814 Saturnum,
925 761 987 799 non
1011 761 1101 816 penes
1114 742 1259 816 Caelum,

212 848 312 886 semen
327 847 390 884 esse
404 828 544 884 divinum.
589 824 654 882 Hoc
666 833 837 899 propterea,
852 833 994 900 quantum
1004 827 1141 903 intelligi·
1149 826 1260 900 datur,

211 915 280 988 quia
293 911 367 969 nibil
379 914 414 967 in
428 907 562 966 ooelode
576 909 734 964 seminibus
747 910 886 964 nascitur.
930 906 990 965 Sed
1003 927 1086 980 ecce,
1099 907 1260 967 Satsrrnus

211 997 238 1050 si
251 993 333 1052 Coeli
348 1003 392 1049 est
404 994 482 1049 filius
496 992 573 1049 lovis
585 1001 631 1047 est
642 991 730 1047 filius.
774 989 896 1048 Coclnm
909 993 987 1046 enim
1002 1009 1066 1046 esse
1078 989 1189 1062 lovem,
1203 995 1262 1050 isr-

212 1077 448 1149 numerabiliter,
476 1085 505 1132 et
518 1075 677 1152 diligenter
689 1073 842 1130 affirmant.
879 1073 923 1130 lta
936 1075 993 1129 ista
1006 1091 1079 1148 quae
1092 1092 1109 1130 a
1120 1077 1262 1132 veritate

212 1178 274 1216 non
287 1162 428 1231 veniunt,
453 1161 625 1234 plerumque
639 1166 669 1213 et
681 1159 762 1213 nullo
774 1159 958 1230 impellente,
985 1173 1016 1212 se
1038 1157 1103 1230 ipsa
1125 1159 1262 1215 subver-

211 1251 288 1298 tunt.
331 1234 452 1322 Κρόνον
469 1243 644 1318 appellatum
667 1239 756 1310 dicit,
782 1239 858 1314 quod
872 1239 986 1297 Graeco
998 1239 1139 1296 vocabulo
1154 1243 1263 1319 signi-

212 1324 281 1381 ficat
305 1327 445 1401 temporis
471 1326 609 1399 spatium:
636 1324 701 1379 sine
714 1340 771 1397 quo
785 1340 902 1394 semen,
928 1323 1040 1398 inquit,
1067 1339 1127 1378 non
1152 1334 1266 1398 potest

214 1426 278 1465 esse
301 1409 487 1464 foecundum.
531 1406 613 1462 Haec
626 1415 656 1462 ct
667 1406 725 1461 alia
739 1404 774 1460 de
788 1403 917 1461 Sammo
931 1405 1023 1460 multa
1036 1404 1195 1477 dicuntur,
1230 1420 1266 1465 et

213 1491 250 1547 ad
274 1510 374 1546 semen
397 1492 495 1546 omnia
514 1490 693 1544 referuntur.
738 1485 798 1544 Sed
812 1489 916 1542 saltem
929 1485 1076 1544 Saturnus
1089 1490 1265 1548 seminibus

214 1592 280 1629 curn
292 1582 375 1629 tanta
386 1574 445 1627 ista
457 1581 603 1646 potestate
629 1569 788 1626 sufficeret:
815 1569 885 1644 quid
898 1567 1018 1626 adhaec
1032 1569 1073 1625 dii
1086 1572 1138 1627 alii
1150 1578 1265 1648 requi-

213 1664 333 1726 runtur,
359 1655 485 1710 maxime
498 1653 586 1710 Liber
599 1661 629 1708 et
640 1652 763 1724 Libera,
788 1651 899 1724 idest,
926 1649 1032 1710 Cereri
1070 1653 1116 1710 De
1143 1657 1265 1730 quibus

213 1755 334 1807 rursus,
360 1736 438 1812 quod
450 1736 487 1792 ad
500 1754 600 1792 semen
615 1737 736 1805 attinet,
762 1745 845 1792 tanta
858 1735 948 1808 dicit,
974 1738 1057 1812 quasi
1071 1735 1107 1793 de
1120 1735 1265 1798 Saturno

215 1818 290 1875 nihil
300 1820 418 1876 dixerit.

605 1971 727 2030 CAP.
769 1969 857 2028 XX.

513 2067 558 2121 De
572 2069 658 2121 saeris
673 2067 781 2121 Cereris
791 2067 947 2120 Eleusinae.

275 2155 310 2212 ln
323 2155 440 2214 Cereris
452 2166 553 2214 autem
566 2160 656 2214 sacris
670 2157 879 2232 praedicantur
904 2158 955 2212 illa
979 2153 1149 2228 Eleusinia,
1179 2175 1268 2233 quae

212 2238 289 2313 apud
315 2238 510 2297 Athenienses
535 2241 719 2296 nobilissima
744 2241 872 2296 fuerunt.
916 2239 963 2296 De
977 2240 1079 2315 quibus
1094 2242 1152 2295 iste
1177 2242 1269 2302 nihil

211 2323 441 2395 interpretatur,
459 2324 519 2380 uisi
534 2322 613 2397 quod
625 2325 734 2378 attinet
747 2323 784 2378 ad
797 2323 993 2393 frumentum,
1007 2322 1086 2398 quod
1100 2321 1193 2380 Ceres
1210 2328 1268 2384 in-

211 2405 311 2475 vonit,
338 2403 652 2478 etadProserpinsm,
679 2423 766 2480 quam
778 2407 912 2479 rapiente
926 2405 1004 2462 Orco
1030 2405 1170 2478 perdidit.
1220 2410 1270 2468 Et

210 2485 286 2557 bano
299 2489 393 2560 ipsam
405 2487 477 2544 dicit
490 2487 660 2564 significare
673 2487 902 2544 foecunditatem
916 2490 1072 2544 seminum:
1096 2507 1173 2564 quae
1188 2510 1269 2551 eum

211 2569 355 2626 defuisset
367 2570 493 2646 quodam
505 2580 652 2646 tempore,
667 2569 825 2647 eademque
837 2573 992 2627 sterilitate
1002 2579 1081 2626 terra
1091 2587 1268 2652 moereret,

211 2664 344 2710 exortam
355 2673 421 2710 csse
431 2655 615 2730 opinionem,
630 2653 709 2730 quod
717 2653 809 2710 liliam
821 2652 954 2724 Cereris,
967 2654 998 2710 id
1009 2661 1064 2724 cst,
1077 2656 1174 2728 ipsam
1188 2657 1268 2716 foe-

210 2737 406 2808 cunditatem,
430 2755 505 2812 quae
518 2755 536 2793 a
548 2737 746 2813 proserpendo
759 2736 939 2812 Proserpina
952 2736 1030 2792 dicta
1043 2747 1135 2808 esset,
1150 2737 1269 2801 Orcus

133 2819 136 2826 ‘
210 2820 388 2889 abstulerat,
415 2828 445 2874 et
469 2820 546 2894 apud
571 2821 684 2877 inferos
706 2821 890 2876 detinuerat:
916 2837 1050 2894 quaeres
1064 2821 1271 2884 cumfuisset

209 2903 290 2956 luctu
308 2902 424 2976 publico
446 2903 607 2976 celebrata,
635 2905 703 2978 quia
716 2919 819 2958 rursus
835 2901 934 2958 eadem
949 2901 1133 2959 foecunditas
1146 2906 1269 2983 rediit,

209 2982 386 3057 Proserpina
406 2984 521 3041 reddite
535 2995 668 3043 exortam
691 3003 757 3042 csse
778 2987 934 3056 laetitiam,
961 2994 993 3041 et
1013 3003 1052 3040 ex
1072 2985 1126 3042 hoc
1148 2990 1268 3048 solen-

209 3067 260 3120 nia
273 3069 444 3124 constituta.
471 3067 555 3125 Dicit
565 3069 670 3124 deinde
682 3070 775 3124 multa
786 3069 818 3124 in
829 3069 978 3144 mysteriis
992 3069 1057 3124 eius
1070 3069 1160 3140 tradi,
1177 3089 1269 3147 quae

209 3149 268 3204 nisi
284 3149 321 3205 ad
334 3150 455 3230 frugum
467 3153 670 3209 inventionem
683 3167 744 3207 non
757 3155 934 3226 pertineant.

602 3301 706 3359 CAP.
736 3299 851 3358 XXl.

338 3395 382 3450 De
393 3398 564 3467 turpitudine
574 3413 725 3462 sacrorum,
744 3415 813 3468 quoe
823 3397 924 3450 Libero
933 3399 1114 3452 celebrantur.

268 3487 330 3544 lam
343 3507 414 3545 vero
428 3487 527 3544 Liberi
541 3505 639 3560 sacra,
653 3507 739 3564 quem
752 3487 871 3563 liquidis
885 3489 1061 3559 seminibus,
1076 3505 1111 3543 ac
1123 3503 1182 3560 per
1196 3490 1268 3551 hoc

206 3587 267 3626 uon
280 3572 376 3626 solum
388 3571 552 3644 liquoribus
565 3571 730 3642 fructuum,
755 3589 880 3646 quorum
902 3568 1113 3645 quodammodo
1135 3573 1268 3644 prima.

206 3659 267 3706 tum
278 3655 382 3708 vinum
394 3661 493 3725 tenet,
519 3671 624 3710 rerum
637 3655 727 3709 etiam
738 3652 898 3708 seminibus
913 3655 1082 3709 animalium
1093 3655 1269 3727 praefece.

205 3741 288 3806 runt,
315 3735 352 3790 ad
364 3744 505 3810 quautam
517 3734 730 3809 turpitudinem
743 3737 949 3809 pervenerint,
974 3738 1056 3813 piget
1069 3735 1195 3811 quidem
1211 3741 1268 3798 di.

206 3833 290 3888 cere,
316 3827 436 3892 propter
461 3819 610 3874 sermonis
631 3817 863 3894 longitudinem
890 3819 942 3875 sed
959 3827 1078 3894 propter
1090 3821 1268 3894 superbam
