2530 4392
109 228 111 248 ÷
144 173 147 177 ’
191 218 250 277 ιιι
418 207 1001 270 u1visvnnnuavovsr1nr

189 367 254 446 quis
270 359 444 424 enumerati
467 364 548 432 Quae
561 365 587 422 si
599 360 742 421 haberent
754 363 785 418 in
799 363 862 439 ipsa
872 363 954 419 velut
964 359 1149 419 absurditate
1162 381 1219 420 con

191 452 346 522 stantiam,
359 459 392 506 ut
406 451 438 506 in
449 446 591 520 haesita,
604 449 636 504 in
650 465 707 524 qua
719 446 816 518 loma,
839 448 915 504 sicut
928 463 1012 502 sacer
1024 445 1163 502 Psalmns
1178 447 1232 504 elo-

193 537 309 612 quitur,
334 534 470 592 voniteti
487 532 594 589 similia
606 531 720 604 factor
741 539 801 601 eet,
827 540 857 588 et
875 531 938 588 dice
958 531 1023 587 eius
1035 530 1121 588 velut
1135 529 1232 588 umbro

185 626 401 700 praetereunt,
424 633 483 673 non
497 617 556 671 nisi
569 617 639 672 mali
652 615 885 689 adipiscerentur
897 615 1073 672 transitorie
1088 613 1171 671 bona
1183 616 1232 669 ista

192 712 282 778 atque
294 712 428 771 terrena,
454 718 508 757 nee
521 701 582 756 nisi
594 700 666 756 boni
678 700 750 754 telin
762 707 934 773 paterentur
945 697 1039 770 mele,
1068 707 1173 772 posset
1185 695 1232 754 hoe

192 786 300 843 referri
312 784 349 843 od
362 783 504 840 iudicium
515 783 625 840 iustum
640 781 713 852 Dei,
739 783 789 839 rel
811 783 898 838 etiam
921 781 1104 860 benignum
1135 791 1170 838 ut
1191 782 1232 856 qni

193 889 254 928 non
268 878 354 926 erant
367 868 530 923 assecuturi
544 866 620 923 bone
633 875 771 937 aeterna,
798 883 872 942 quae
889 865 1003 922 faciunt
1015 865 1142 936 beatos,
1167 875 1232 922 tem-

192 953 340 1028 poralibus
353 952 402 1007 uel
416 949 621 1024 deciperentur
633 969 687 1026 pro
700 950 813 1006 malitie
827 967 895 1021 sua,
920 951 968 1005 vel
979 967 1033 1023 pro
1049 948 1113 1006 Dci
1126 950 1232 1005 miseri-

193 1034 293 1092 cordia
306 1036 531 1091 consolarentur
543 1035 650 1107 leonis3v
672 1044 703 1091 et
721 1035 850 1110 quinon
870 1042 955 1088 erant
974 1034 1096 1108 passuri
1120 1041 1231 1089 aeterna

193 1127 358 1190 tormenta,
382 1118 593 1194 temporalibus
606 1120 655 1176 vel
669 1135 722 1194 pro
736 1119 798 1174 suis
812 1117 1035 1194 quibuscunque
1048 1119 1099 1173 vel
1113 1126 1232 1192 quantu-

192 1205 348 1278 liscunque
358 1204 486 1278 pcccatis
500 1201 718 1281 affligerentur,
741 1203 791 1258 vel
803 1209 923 1276 propter
935 1199 1100 1275 implendas
1114 1202 1232 1257 virtutes

194 1296 406 1344 exercerentur
418 1288 513 1343 malis.
535 1286 621 1343 Nunc
633 1305 705 1344 vero
719 1285 836 1360 quando
849 1302 911 1341 non
925 1286 1020 1340 solum
1030 1285 1064 1342 iu
1078 1286 1159 1340 malo
1172 1293 1233 1340 runt

193 1370 279 1443 boni,
307 1379 338 1428 et
356 1372 389 1428 in
408 1370 486 1427 bono
504 1373 588 1441 moli,
616 1369 694 1446 quod
711 1367 827 1426 videtur
844 1369 1004 1439 iniustum3
1029 1370 1232 1424 verumetiam

193 1456 366 1530 plerumque
387 1464 417 1510 et
434 1456 518 1511 malis
538 1455 786 1523 molemonium,
813 1461 843 1508 et
855 1453 940 1508 bonis
952 1452 1031 1508 bone
1044 1455 1232 1526 proveniunt:

195 1539 288 1615 magis
307 1539 510 1594 inscrutabilia
527 1539 604 1594 flunt
616 1537 727 1594 indicia
739 1535 812 1608 Dei,
840 1545 870 1592 et
882 1535 1106 1614 investigabiles
1121 1537 1191 1592 viee
1203 1537 1233 1589 il-

194 1621 261 1676 lius.
298 1621 440 1686 Quamvis
455 1639 526 1698 ergo
538 1623 703 1678 nesciamus
718 1639 774 1696 quo
788 1619 897 1678 iudicio
910 1619 991 1677 Deus
1004 1621 1063 1676 ista
1076 1621 1127 1676 vcl
1141 1620 1233 1686 faciat,

109 1715 114 1725 ·
194 1703 242 1757 vel
254 1701 320 1758 fieri
333 1704 427 1774 sinet,
442 1703 517 1778 apud
531 1721 617 1779 quem
629 1723 741 1760 summa
754 1705 850 1762 virtus
865 1713 910 1759 est
924 1713 953 1760 et
966 1721 1080 1759 summa
1094 1704 1233 1777 sapientia

195 1802 364 1860 summaque
377 1786 509 1858 iustitio,
528 1787 609 1843 nulla
622 1787 891 1860 infirmitas,„nullc
903 1789 1071 1858 temeritas,
1085 1788 1170 1842 nulla
1183 1787 1232 1842 ini-

195 1869 308 1943 quitas:
336 1868 492 1924 salubriter
504 1878 603 1926 tamen
617 1869 755 1927 discimus
770 1891 831 1928 non
844 1869 1074 1948 magnipendere
1087 1888 1142 1926 sen
1154 1871 1232 1938 bone,

195 1969 247 2008 seu
261 1953 353 2023 male,
372 1969 446 2027 quoe
459 1952 593 2010 videmus
608 1972 678 2040 esse
684 1954 769 2010 bonis
783 1956 924 2030 malisque
939 1956 1121 2025 communie3
1152 1965 1181 2010 et
1190 1955 1233 2008 illa
1252 1961 1253 1966 ’

194 2035 272 2092 bona
285 2053 446 2111 quaerero,
460 2055 534 2112 quae
547 2037 706 2109 bonorum,
722 2047 811 2115 atque
826 2039 877 2094 illa
889 2040 965 2094 molo
979 2039 1111 2094 maxime
1125 2037 1232 2116 fugere,

195 2138 269 2195 quae
292 2121 412 2194 propria
435 2130 504 2177 sunt
526 2123 679 2178 malorum.
702 2119 775 2178 Cum
794 2140 865 2179 vero
880 2121 917 2178 ad
935 2122 1007 2178 illud
1021 2121 1081 2178 Dei
1098 2122 1232 2179 iudiciuin

194 2206 380 2275 venerimus,
396 2205 479 2260 cuius
493 2213 605 2280 tempus
620 2207 679 2262 iam
689 2207 806 2280 proprie
821 2203 883 2262 dies
897 2205 1015 2277 iudicii,
1034 2215 1066 2262 et
1079 2206 1231 2282 aliquando

194 2285 256 2342 dies
275 2287 398 2343 Domini
419 2297 619 2362 nuncupatur3
647 2307 708 2346 non
723 2291 817 2346 solum
836 2307 1026 2366 quaecunque
1038 2299 1111 2348 tunc
1126 2291 1232 2347 iudiea-

193 2369 322 2442 buntur,
349 2388 453 2426 rerum
471 2372 558 2428 etium
579 2389 770 2448 quaecunque
784 2373 818 2430 ab
832 2375 918 2430 initio
932 2373 1078 2446 iudicate,
1107 2383 1139 2430 et
1152 2393 1232 2450 quae·

194 2471 310 2528 cunque
323 2471 416 2529 usque
431 2455 467 2510 ad
480 2455 553 2512 illud
566 2464 680 2531 tempus
690 2455 783 2513 adhue
795 2457 951 2514 iudicanda
960 2467 1041 2528 suut,
1054 2459 1233 2532 apparebunt

121 2544 127 2552 ’
193 2554 259 2592 esse
273 2537 443 2594 iustissima.
466 2537 522 2596 Vbi
535 2537 591 2596 hoc
604 2557 719 2616 quoque
732 2541 980 2612 manifestabitur,
994 2559 1084 2616 quarn
1097 2543 1180 2598 iusto
1192 2543 1232 2597 iu·
1252 2573 1253 2612 3

193 2619 268 2676 dicio
283 2619 341 2678 Dei
353 2621 422 2694 fiat,
445 2631 479 2678 ut
496 2641 574 2680 nune
593 2632 654 2680 tam
670 2625 763 2682 multa
776 2643 810 2680 ac
826 2641 903 2698 pene
918 2625 1113 2682 omnie‘iusta
1127 2626 1232 2682 iudicia
1252 2623 1253 2712 l

193 2701 251 2760 Dei
266 2723 373 2762 sensus
386 2715 561 2782 mentesque
575 2709 743 2764 mortalium
756 2709 881 2780 lateent3
895 2725 961 2766 cum
975 2717 1077 2766 tamen
1091 2708 1231 2768 inhaere
1252 2715 1253 2778 l

192 2788 307 2860 piorum
320 2789 408 2846 fidem
421 2807 481 2846 non
495 2791 596 2863 lateat,
610 2792 719 2848 iustum
733 2809 797 2848 csse
811 2791 890 2867 quod
902 2793 982 2849 latet.

594 2957 715 3015 cnr.
758 2905 835 3021 1'11.⁴

192 3044 265 3111 Quid
273 3045 304 3100 s'o
314 3046 383 3100 libro
393 3048 561 3103 Ecclesiaste
573 3051 701 3108 Salomon
710 3056 741 3108 de
751 3055 805 3121 liis,
824 3073 892 3126 quoe
907 3058 937 3110 ia
947 3056 999 3110 leuc
1014 3059 1074 3112 cita
1086 3068 1115 3113 et
1126 3059 1229 3114 luniso
1252 3025 1253 3088 l

462 3121 540 3174 malis
552 3130 616 3176 sunt
626 3125 785 3192 communic,
795 3127 953 3196 disputarit.

253 3205 365 3283 Nempe
379 3206 521 3269 Salomon
535 3215 768 3290 sapientissimus
781 3237 837 3274 rex
851 3217 956 3291 lsrael,
983 3221 1036 3294 qui
1051 3221 1228 3298 regnavitin

188 3289 386 3366 Hierusalem,
400 3295 507 3354 librum
520 3299 573 3373 qui
584 3299 924 3374 vocaturEeclesiastes‚
939 3301 1229 3380 etaludaeisquoque

186 3373 312 3434 habetur
325 3378 357 3434 in
368 3395 518 3437 sacrarum
530 3399 644 3440 canone
658 3385 820 3458 literarum,
835 3388 877 3442 sic
890 3404 1014 3443 exorsus
1028 3395 1091 3444 est:
1112 3386 1229 3444 Venitur

186 3461 387 3518 vanitantium
399 3461 613 3542 [vanitatum]‚
628 3467 709 3524 dixit
719 3468 935 3545 Ecclesiastm
960 3472 1085 3528 venitur
1094 3473 1228 3528 candos·

187 3545 272 3614 tiam,
286 3553 316 3602 et
329 3547 428 3604 omnic
439 3549 571 3606 vanites.
587 3548 672 3620 Quae
685 3550 798 3610 homini
810 3553 997 3612 abundantia
1009 3554 1229 3614 inomailalort
1252 3555 1253 3590 ἓ

187 3641 250 3693 cuo,
258 3644 313 3700 quo
320 3627 580 3690 laborateabaole?
590 3632 703 3690 Etcum
711 3635 962 3695 exhaosententia
970 3647 1227 3695 connecteretur·

186 3717 261 3772 tere,
276 3724 505 3800 commemorans
519 3733 674 3773 aerumnas
688 3738 862 3796 erroresque
876 3723 955 3779 vitae
967 3719 1066 3792 huius,
1081 3733 1227 3778 eternae·

187 3791 303 3840 scentes
317 3797 432 3847 interea
444 3805 609 3872 temporum
622 3803 737 3874 lapsus,
751 3805 802 3860 ubi
814 3804 889 3860 nihil
902 3804 1039 3874 solidum,
1053 3803 1131 3861 nihil
1143 3803 1227 3859 stabit

186 3865 214 3918 le
227 3864 389 3940 reductum
403 3872 435 3928 in
449 3893 483 3932 ee
497 3895 596 3938 rerum
609 3885 741 3941 venitote
754 3885 808 3942 sub
823 3889 896 3960 sole,
910 3887 982 3944 illud
997 3888 1087 3944 etiem
1102 3886 1227 3964 deploret
1252 3871 1253 3962 l

1252 3969 1253 4004 l
