2590 4396
323 157 382 215 DE
408 156 587 216 ctvtrs'r
593 159 617 216 E
639 158 718 218 DEl
741 162 817 218 Llll.
841 164 874 220 V.
1025 164 1082 226 135

61 312 240 384 actionibus,
259 313 290 368 in
309 311 438 379 eventis,
457 311 488 366 in
507 311 751 384 professionibus,
774 314 897 386 artibus,
915 313 1083 388 bonoribus,

61 399 243 471 caeterisque
261 394 346 450 rebus
366 393 403 450 ad
423 392 575 450 humanam
592 396 683 452 vitatu
699 397 925 469 pertinentibus,
948 410 1032 474 atque
1052 401 1083 456 in

59 484 117 557 ipsa
126 489 226 538 morte
238 480 278 534 sit
290 479 457 552 plerumque
471 486 553 534 tenta
565 477 734 550 diversitas,
747 489 780 536 ut
792 481 947 540 similiores
958 484 1000 538 eis
1013 484 1082 554 sint,

58 574 199 640 quantum
214 560 335 618 adhaec
348 563 464 630 attinet,
478 561 563 616 multi
575 563 719 634 extranei,
733 581 816 638 quam
831 565 885 638 ipsi
898 566 974 621 inter
989 583 1020 622 se
1033 584 1082 644 ge·

56 650 143 718 mini,
164 647 327 723 perexiguo
346 645 483 719 temporis
503 645 657 702 intervallo
673 647 705 704 iu
723 646 867 704 nascendo
886 649 1027 722 separati,
1054 649 1082 706 in

57 741 200 805 conceptu
215 739 311 786 autem
327 745 479 803 perunum
494 727 681 786 concubitum
694 747 752 788 uno
768 733 854 790 etiam
871 741 1016 790 momento
1037 748 1082 788 se-

55 811 178 872 minutii

479 892 583 952 cAP.
626 891 673 954 ll.
735 951 738 956 ,

251 987 468 1056 Degenss'norum
477 989 557 1042 anai
566 991 735 1062 dusimfflque
742 993 898 1048 ualetudine.

118 1078 224 1138 Cicero
239 1078 327 1148 dicit,
345 1075 552 1152 Hippocratem
566 1082 776 1140 nobilissimum
785 1083 927 1140 medicum
946 1085 1082 1159 scriptum

59 1165 225 1239 reliquisse,
238 1159 378 1237 quosdam
392 1160 507 1234 fratres,
521 1182 586 1220 cum
599 1167 684 1222 simul
697 1175 849 1244 aegrotare
863 1169 1042 1242 coepissent,
1055 1177 1084 1224 et

61 1267 155 1305 eorum
169 1246 289 1302 morbus
303 1242 403 1300 eodem
415 1253 542 1320 tempore
557 1249 790 1325 ingravesceret,
811 1249 910 1306 eodem
929 1252 1083 1322 levaretur,

59 1333 190 1410 geminos
202 1329 390 1404 suspicatum.
432 1329 511 1396 Quos
524 1329 713 1390 Possidouius
726 1330 843 1388 Stoicus
855 1333 975 1388 multum
989 1342 1083 1388 astro-

60 1417 154 1492 logiae
164 1411 296 1483 deditus,
316 1409 416 1468 eadem
429 1415 638 1470 constitutione
655 1426 800 1473 astrorum
812 1424 911 1486 natos,
930 1414 1083 1490 udcmque

62 1505 214 1572 conceptos
227 1494 344 1554 solebat
356 1512 495 1554 asserere.
538 1495 583 1554 lta
597 1499 672 1574 quod
684 1498 811 1558 medicus
822 1500 969 1576 pertinere
982 1496 1083 1554 erede·

58 1583 109 1638 bat
121 1579 157 1637 ad
169 1581 347 1636 simillimam
359 1583 524 1653 temperiem
537 1580 784 1656 valetudinis‚boc
793 1581 978 1659 philosophus
990 1591 1083 1640 astro·

59 1667 138 1744 lngus
152 1663 190 1722 ad
203 1665 265 1722 vim
277 1663 571 1740 constitutionemque
584 1665 724 1740 siderum,
743 1686 816 1743 quae
830 1667 926 1724 luerat
939 1685 996 1742 quo
1010 1678 1082 1724 tenr-

58 1769 123 1825 pore
137 1735 276 1822 eoricepti
286 1747 407 1821 natique
419 1758 498 1806 sunt.
541 1747 575 1806 ln
587 1748 641 1808 hae
654 1769 742 1810 causa
753 1753 844 1808 multo
858 1759 903 1808 est
919 1749 1080 1826 acceptabi-

60 1835 109 1890 lior
122 1842 153 1889 et
169 1829 208 1890 de
222 1831 357 1906 proximo
370 1829 535 1890 credibilior
550 1836 717 1892 coniectura
730 1835 924 1892 medicinalis:
945 1835 1081 1910 quoniam

57 1926 189 1992 parentes
203 1924 240 1972 ut
254 1922 337 1970 erant
350 1931 469 1988 corpore
486 1915 600 1988 adecti,
617 1917 683 1974 dum
701 1917 940 1988 concumberent,
962 1919 1004 1974 ita
1020 1918 1081 1990 pri-

57 2000 163 2058 mordia
179 2007 388 2073 conceptorum
400 1997 475 2054 affici
488 2010 660 2074 potuerunt,
679 2012 711 2058 ut
724 2004 885 2058 consecutis
900 2019 937 2056 cx
950 2013 1082 2056 materno

57 2103 175 2159 corpore
198 2083 346 2157 prioribus
372 2081 558 2140 incrementis
584 2085 662 2158 paris
679 2084 856 2142 valetudinis
878 2091 1081 2153 nascerentur;

58 2167 156 2224 deinde
169 2169 205 2222 iu
219 2184 279 2222 uua
290 2164 375 2222 domo
389 2165 496 2224 eisdem
510 2169 655 2225 alimentis
665 2169 786 2238 anniti,
804 2168 853 2224 ubi
867 2172 964 2224 airam
981 2176 1011 2222 et
1024 2166 1080 2220 loci

57 2253 233 2326 positionem
246 2258 275 2305 et
287 2249 347 2306 vim
359 2267 499 2324 aquarum
507 2252 665 2324 plurimum
675 2252 773 2310 valere
787 2250 823 2308 ad
833 2268 936 2325 corpus
948 2249 995 2307 vel
1007 2248 1081 2304 bene

56 2337 98 2390 vel
110 2335 189 2392 male
203 2330 555 2404 alliciendum,.medicina
568 2344 707 2402 testatur3
718 2336 826 2394 eisdem
838 2335 926 2392 etiam
939 2333 1080 2390 exercita·

56 2419 181 2476 tionibus
203 2416 363 2474 assuefacti
383 2425 442 2474 tam
454 2419 563 2476 sinrilie
581 2419 702 2492 corpora
719 2428 872 2495 gererent,
890 2427 923 2474 ut
941 2419 1027 2474 etiam
1045 2415 1081 2472 ad

56 2499 266 2582 aegrotandum
289 2517 345 2557 uno
358 2507 485 2575 tempore
499 2501 663 2578 eisdemque
677 2503 771 2558 causis
784 2502 917 2557 similiter
930 2517 1081 2556 inoveren-

56 2596 110 2642 tur.
155 2583 406 2642 constitutionem
415 2604 485 2642 vero
499 2586 573 2640 coeli
589 2603 623 2640 ac
637 2585 763 2640 siderum
768 2625 777 2651 ,
796 2601 869 2657 quae
890 2577 947 2637 luit
967 2579 1081 2653 quando

59 2669 192 2740 concepti
200 2669 261 2723 sive
277 2668 339 2724 nati
352 2676 433 2738 sunt,
455 2669 532 2725 velle
546 2663 660 2724 trahere
674 2665 710 2724 ad
721 2668 808 2724 istem
821 2662 993 2741 aegrotandi
1006 2665 1081 2737 pari=

57 2753 187 2820 litatem,
204 2769 268 2808 cum
287 2759 346 2806 tam
362 2751 453 2808 multa
477 2750 668 2808 diversissimi
686 2751 802 2828 generis
820 2748 1081 2806 diversissimorum

57 2831 210 2891 affectuum
224 2844 253 2890 et
267 2842 436 2892 eventorum
458 2834 557 2892 eodem
570 2843 699 2910 tempore
715 2837 747 2890 in
768 2834 856 2890 unius
876 2832 1004 2910 regionis
1020 2839 1080 2888 ter-

55 2937 87 2974 ra
101 2917 194 2974 cidem
207 2919 289 2974 codo
300 2916 413 2974 subdite
427 2921 575 2992 potuerint
594 2919 709 2991 concipi
722 2928 750 2974 et
764 2917 860 2988 nasci,
881 2916 979 2972 nescio
999 2916 1080 2972 cuius

54 3004 91 3058 sit
104 3002 293 3058 insolentiae.
335 2999 396 3058 Nos
410 3012 504 3058 autem
516 3004 651 3059 novimus
664 3003 807 3079 geminos,
817 3019 877 3058 non
891 3001 986 3056 solum
999 3008 1080 3056 actus

55 3095 82 3142 ct
102 3085 358 3162 peregrinationes
376 3083 480 3142 habere
500 3084 644 3156 dicerem,
663 3087 867 3142 verumetiam
886 3082 1012 3159 dispares
1032 3101 1081 3138 ae·

53 3168 223 3247 gritudines
235 3169 357 3246 perpeti.
399 3163 444 3224 De
457 3187 514 3244 qua
525 3188 557 3224 re
571 3169 754 3242 facillimam,
769 3178 906 3244 quantum
918 3165 988 3224 mihi
1001 3163 1081 3224 vide-

53 3263 116 3324 tur,
130 3254 279 3308 rationem
292 3250 426 3306 redderet
437 3249 644 3327 Hippocrates,
659 3252 782 3310 diversis
796 3252 940 3308 alimentis
954 3260 983 3306 et
997 3266 1080 3304 exer-

52 3335 262 3407 citationibus,
280 3351 353 3410 quac
367 3352 426 3390 non
441 3333 475 3391 de
491 3337 619 3410 corporis
632 3337 852 3411 temperatione,
871 3331 921 3391 sed
943 3334 977 3390 de
991 3332 1079 3388 animi

53 3421 202 3476 voluntate
216 3419 358 3488 renuunt,
377 3416 533 3474 dissimiles
547 3420 588 3484 eis
602 3419 732 3476 accidere
744 3420 872 3492 potuisse
889 3415 1079 3474 valetudines.

51 3501 143 3558 Porro
157 3511 260 3561 autem
277 3499 481 3572 Possidonius,
499 3503 547 3558 vel
559 3501 678 3576 quilibet
695 3501 824 3558 fatalium
843 3500 968 3556 siderum
986 3515 1079 3556 asser-

51 3595 116 3656 tor,
134 3587 242 3644 mirum
256 3586 282 3640 si
294 3593 388 3658 potest
399 3582 447 3640 hic
459 3586 592 3642 invenire
605 3584 675 3660 quid
689 3584 780 3653 dicat,
800 3585 825 3638 si
843 3585 915 3638 nolit
934 3583 1077 3655 imperito-

49 3688 118 3726 rum
128 3669 278 3728 mentibus
292 3669 324 3722 in
339 3668 381 3722 eis
393 3685 464 3742 quas
478 3663 613 3724 nesciunt
629 3669 715 3724 rebus
728 3665 857 3723 illudere.
901 3663 984 3730 Quod
1003 3666 1079 3720 enim

50 3763 196 3811 conantur
211 3753 328 3809 efficere
343 3749 377 3804 de
391 3751 542 3808 intervallo
562 3753 669 3828 exiguo
688 3751 840 3824 temporis,
859 3745 935 3822 quod
953 3749 1029 3802 intcr
1049 3765 1080 3800 se
1122 3769 1131 3790 ·

51 3840 161 3911 gemini
173 3838 243 3896 dum
257 3841 466 3907 nascerentur,
484 3833 662 3906 habuerunt,
680 3841 796 3908 propter
811 3832 884 3888 coeli
901 3830 1079 3903 particulam,
