2586 4396
249 269 253 276 ³
282 181 343 240 DE
368 181 582 240 CIVITATE
607 184 685 242 DEl
706 187 788 248 ΜΒ.
815 191 888 252 Vll.
1049 205 1108 264 2⁰1

65 355 141 408 rem,
171 332 344 406 Statorem,
370 334 613 408 centumpedam,
651 336 836 415 supinalem,
876 343 1032 425 liginum,
1058 353 1109 410 Al.

63 437 158 491 mam,
188 417 374 490 Ruminum,
402 428 432 475 et
449 419 506 474 alia
519 437 594 493 quae
618 426 757 497 persequi
781 428 903 505 longum
930 441 983 487 est.
1026 432 1109 494 Haeo

62 511 161 559 autem
176 503 362 578 cognomina
375 504 577 576 imposuerunt
596 507 650 560 uni
662 505 717 562 dee
730 519 851 583 propter
864 529 966 569 causat
979 525 1108 589 potesta.

62 597 166 661 tesque
182 584 340 656 diversas,
367 603 427 642 non
437 593 536 642 tamen
548 596 668 661 prepter
680 598 725 646 tet
738 609 786 646 res
800 595 890 649 etiam
902 603 946 651 tot
959 596 1029 654 dees
1043 617 1108 658 eum

61 687 126 724 esse
141 673 326 745 cotgeruut:
353 668 432 744 qued
453 670 551 724 omnia
571 671 721 744 vinceret,
748 675 858 749 queda
874 681 992 736 nemine
1005 683 1108 738 viuce-

61 761 158 821 retur,
187 751 271 826 qued
284 769 369 826 epem
380 750 581 828 indigentibus
596 753 704 826 ferret,
731 757 807 832 qucd
819 757 942 817 haberet
954 764 1108 838 impellen-

61 835 103 904 di,
131 835 306 905 statuendi,
333 833 516 906 stabiliendi,
541 838 733 911 resupinandi
743 850 934 917 potestatem,
948 846 1027 920 qued
1040 855 1107 904 tau·

61 937 147 992 quam
159 919 284 994 tigillus
297 916 438 974 mundum
462 919 628 977 contineret
652 940 687 978 ac
713 925 889 998 sustineret,
915 927 992 1003 qued
1015 931 1108 986 aleret

61 1002 175 1070 emnia,
205 1001 286 1076 qued
312 1019 412 1072 ruma,
438 1000 542 1073 idest,
568 1022 693 1062 memma
705 1007 799 1063 aleret
810 1011 957 1067 animalia.
1000 1011 1036 1068 ln
1048 1011 1106 1084 his,

60 1083 308 1155 ntadvertimus,
336 1084 477 1159 quaedam
489 1103 597 1163 magna
610 1097 697 1160 sunt,
712 1091 852 1165 quaedam
865 1095 990 1171 exigua3
1018 1104 1107 1152 etta·

60 1186 124 1223 men
149 1184 233 1222 unus
259 1176 387 1242 utraque
413 1168 511 1224 facere
535 1169 715 1243 perhibetur.
758 1171 834 1229 Puto
849 1176 928 1230 inter
941 1179 1105 1251 repropin-

60 1252 160 1324 quiera
188 1268 259 1305 cssc
287 1268 392 1306 causas
405 1269 504 1307 rerum
517 1262 605 1328 atque
617 1254 791 1327 primordie,
816 1266 936 1330 prepter
959 1275 1031 1332 quas
1056 1277 1106 1315 res

59 1351 148 1388 unum
159 1332 309 1390 mundum
322 1332 394 1389 dues
408 1334 477 1390 dees
491 1351 557 1390 esse
571 1338 745 1408 voluerunt,
770 1335 870 1394 levem
892 1347 979 1414 etque
992 1338 1106 1411 lanum,

60 1433 141 1490 quem
155 1417 320 1473 continere
333 1416 472 1474 mundum
485 1427 516 1472 et
528 1436 683 1475 mammam
695 1418 766 1474 dere
778 1421 966 1478 animalibus:
989 1441 1045 1479 nec
1060 1431 1106 1478 ta-

59 1518 122 1555 men
144 1508 275 1575 prcpter
297 1498 371 1555 hacc
385 1499 441 1556 due
455 1517 545 1574 opera
557 1510 618 1557 tam
630 1504 720 1580 lenge
733 1504 813 1560 inter
826 1521 859 1559 sc
872 1506 904 1562 vi
917 1513 947 1560 et
960 1503 1106 1584 dignitate

59 1582 192 1654 diversa,
213 1583 275 1639 due
289 1583 332 1638 dii
346 1600 411 1638 esse
424 1584 566 1657 compulsi
580 1593 664 1656 sunt3
691 1585 833 1642 sedunus
846 1585 974 1661 Iupiter,
987 1598 1107 1664 prepter

59 1665 127 1744 illud
139 1665 295 1744 Tigillus,
322 1674 442 1740 prepter
453 1665 508 1721 hec
521 1665 665 1724 Rumina·
687 1670 847 1743 appellatus
871 1680 925 1726 est.
969 1671 1045 1728 Nelo
1060 1671 1104 1728 di-

60 1768 136 1821 cere,
151 1749 236 1824 quod
251 1749 428 1804 animalibus
440 1767 594 1806 mammam
605 1752 746 1824 praebere
759 1753 933 1831 sugentibus
946 1757 1041 1832 magis
1055 1753 1103 1810 lu-

59 1851 163 1888 nonem
176 1834 282 1906 petuit
292 1831 414 1903 decere,
428 1849 515 1906 quam
526 1831 637 1890 lovem:
658 1838 833 1909 praesertim
846 1853 912 1892 cum
923 1847 1002 1893 esset
1015 1839 1103 1896 etiam

58 1916 120 1971 diva
132 1913 286 1986 Rumina,
312 1917 440 1990 quaein
462 1913 603 1990 hocopus
629 1917 805 1974 adiutorium
828 1920 872 1974 illi
896 1919 1103 1976 famulatumve

58 2001 225 2072 praeberet.
272 1997 379 2076 Cogito
393 1999 472 2053 enim
483 2017 571 2072 posse
597 2001 785 2074 responderi,
812 2011 842 2056 et
855 2003 948 2074 ipsam
961 2001 1103 2059 lunonem

59 2081 128 2138 nihil
153 2081 242 2138 aliud
269 2099 336 2137 esse
362 2097 450 2154 quam
474 2079 589 2153 lovem,
615 2083 778 2138 secundum
791 2085 857 2140 illes
871 2082 981 2140 Valerii
995 2083 1103 2142 Serani

60 2182 179 2237 versus,
206 2165 262 2220 ubi
282 2165 463 2220 dictumest:

137 2247 258 2322 Iupiter
272 2248 456 2321 omnipotens
468 2265 573 2325 regum
582 2265 738 2324 rerumque
751 2246 895 2324 dcirmque

138 2331 327 2408 Progeniter
341 2331 531 2407 genitrixque
551 2329 645 2386 deum.

62 2418 157 2482 Quare
172 2433 249 2491 erge
263 2412 359 2468 dictus
385 2421 431 2468 est
456 2411 660 2483 etRuminus‚
687 2431 752 2470 eum
778 2413 949 2491 diligentius
977 2415 1105 2471 sertam

61 2497 275 2573 quaerentibus
287 2498 352 2570 ipse
372 2497 542 2552 invenietur
555 2513 621 2550 csse
635 2496 725 2550 ctiam
736 2497 787 2552 illa
800 2496 868 2551 diva
881 2493 1027 2552 Rumina?
1071 2495 1105 2554 si

63 2585 137 2638 enim
149 2581 311 2637 maiestate
324 2578 445 2636 dcerem
470 2587 552 2633 recte
578 2575 733 2631 videbatur
758 2576 930 2652 indignum,
955 2579 1034 2632 utin
1046 2595 1105 2634 una

62 2668 140 2740 spica
152 2665 231 2720 alter
245 2661 284 2718 ad
298 2679 397 2718 euram
422 2661 569 2740 geniculi,
596 2659 690 2714 altere
715 2657 752 2714 ad
778 2659 904 2714 folliculi
927 2659 1105 2732 pertineret;

61 2757 169 2822 quanto
197 2753 248 2801 est
269 2745 422 2822 indignius
435 2761 600 2799 unamrem
622 2739 768 2813 infimam,
795 2741 902 2812 idest,
927 2750 962 2798 ut
973 2743 1105 2798 marnmis

63 2833 176 2886 alantur
190 2829 348 2898 animalia,
376 2827 500 2883 duorum
525 2824 646 2880 deorum
670 2833 817 2897 potestate
843 2826 955 2896 curari,
982 2842 1106 2900 querum

63 2916 99 2969 sit
110 2932 188 2970 unus
202 2909 318 2985 lupitcr
329 2927 385 2966 rex
397 2911 460 2984 ipse
473 2917 663 2980 cunctorum3
689 2916 721 2963 et
745 2906 800 2964 hec
823 2916 894 2986 agat
915 2925 977 2964 nen
1001 2909 1106 2964 saltem

62 3017 123 3053 cum
149 2997 283 3072 coniuge
310 3011 378 3064 sua,
406 2991 458 3046 scd
470 3010 535 3047 cum
547 2992 672 3068 ignobili
690 2993 791 3072 nescia
805 3010 863 3067 qua
876 2989 1020 3062 Rumina,
1045 2992 1105 3051 nisi

62 3083 126 3154 quia
138 3083 207 3155 ipse
221 3087 269 3133 cst
282 3079 371 3132 etiam
383 3077 447 3150 ipsa
463 3073 606 3146 Rmnina3
631 3072 776 3131 Ruminus
788 3075 914 3132 fortasse
926 3093 980 3149 pre
994 3092 1104 3150 sugen-

62 3164 135 3219 tibus
148 3160 303 3230 maribus,
329 3157 458 3214 Rumina
470 3173 524 3231 pre
538 3153 677 3214 feminini
702 3157 841 3215 Dicerem
854 3159 960 3232 quippe
973 3157 1105 3212 noluisse

62 3249 124 3302 illes
151 3244 220 3302 leri
246 3243 422 3298 femininum
446 3257 554 3296 nemen
579 3241 748 3315 imponere,
774 3243 834 3297 nisi
848 3241 949 3295 ctillis
969 3238 1104 3295 versibus

62 3327 241 3407 Progenitcr
254 3325 445 3404 genitrixque
460 3321 620 3395 diceretur3
645 3332 675 3378 et
687 3325 766 3378 inter
778 3325 835 3378 alia
849 3323 912 3378 cius
928 3321 1105 3397 cognomina

62 3399 208 3489 legerem,
235 3407 315 3484 qued
328 3409 418 3463 etism
430 3405 562 3461 Pecunia
579 3415 753 3474 vocaretur,
778 3422 866 3478 quam
879 3403 964 3458 deam
976 3403 1056 3456 inter
1068 3401 1105 3454 il-

62 3496 102 3549 les
114 3492 347 3551 minuscularios
360 3491 545 3559 invenimus,
563 3497 596 3544 ut
608 3490 640 3544 in
654 3497 758 3562 quarte
770 3486 845 3542 libro
859 3487 918 3540 iam
932 3499 1106 3538 commemo-

63 3580 201 3633 ravimus.
240 3573 300 3631 Sed
316 3593 383 3630 cum
397 3583 426 3629 et
439 3587 534 3628 mares
548 3579 579 3626 et
590 3571 718 3628 feminae
729 3566 856 3624 habeant
867 3565 1037 3638 pecuniam,
1055 3582 1107 3618 cur

64 3678 120 3716 nen
134 3668 166 3716 et
178 3657 311 3715 Pecunia
325 3663 355 3711 ct
367 3654 514 3712 Pecunius
525 3656 686 3727 appellatus
700 3653 755 3719 sit,
776 3650 853 3706 sicut
863 3645 990 3704 Rutulus
1004 3655 1034 3702 et
1046 3645 1106 3704 Ru-

64 3743 177 3813 miuus,
200 3743 256 3817 ipsi
276 3737 417 3798 viderint.
