2586 4396
269 173 331 232 DE
357 171 572 234 ClVleTE
596 177 676 237 DEI
700 181 783 242 ala.
806 186 877 246 Vll.
1039 193 1101 251 2⁰3

50 327 157 399 „Deua
173 337 241 398 cst,
269 328 384 401 inquit,
411 327 462 403 qui
473 329 657 406 praepositui
679 344 725 391 eet
743 337 850 396 aerim
867 335 953 400 babet
970 345 1098 402 omnium

47 429 174 484 „rerum
187 409 444 490 gignendarum.“
470 413 564 478 Quem
577 415 665 474 alium
683 415 759 476 banc
772 421 832 476 rim
845 419 952 482 babere
965 425 1098 502 creduut,

46 513 132 570 quam
159 494 324 566 mundum,
355 495 403 551 cui
417 493 525 552 dicum
539 507 599 570 eat,

130 593 250 669 Iupiter
264 595 449 670 omnipotens
462 597 636 674 progenitor
648 598 858 677 genitrixque?

42 695 81 752 Et
94 713 167 750 cum
177 695 241 750 alio
251 696 319 750 loco
328 695 455 750 Genium
465 695 537 751 dicit
546 715 611 753 ease
622 701 851 778 uniuscuiusque
862 707 991 762 animum
1004 711 1094 768 ratio-

43 781 162 848 nalem,
192 785 225 832 et
237 776 305 833 ideo
320 795 385 832 eoae
397 779 530 856 singulos
544 781 742 858 singulorum,
768 785 856 842 talem
875 797 975 845 autem
991 791 1094 848 mundi

43 865 178 917 animum
204 859 294 916 deum
318 875 399 932 esae3
426 859 530 918 adhoc
542 862 620 919 idem
634 866 734 942 utique
748 879 883 942 revocat,
910 881 1094 948 uttanquam

43 945 227 1001 universalia
254 945 361 1020 geniur
385 945 448 1019 ipse
468 945 568 1002 mundi
581 949 695 1004 animus
710 968 775 1005 crae
790 953 933 1009 credatur.
977 955 1034 1012 Hic
1049 967 1094 1012 eat

43 1030 137 1105 igitur
158 1045 250 1100 quem
271 1029 420 1100 appellant
441 1025 548 1086 Iovem.
591 1029 667 1088 Nam
680 1033 705 1086 ai
718 1035 813 1088 omnio
827 1039 932 1112 genius
947 1037 1036 1109 deur,
1065 1049 1094 1094 et

44 1113 138 1166 omnir
166 1111 230 1166 viri
257 1111 375 1166 animus
401 1111 525 1187 genius,
552 1115 684 1188 sequitur
698 1118 784 1172 nteit
798 1120 893 1173 omnia
907 1121 964 1175 viri
977 1124 1091 1176 animus

44 1193 126 1250 deuo:
155 1192 280 1267 quodsi
294 1202 324 1248 et
338 1195 418 1268 ipaos
433 1192 588 1254 abliorrere
603 1197 767 1253 absurditas
781 1201 843 1271 ipra
857 1203 1017 1274 compellit,
1044 1223 1091 1257 rc·

43 1287 99 1332 atat
112 1285 148 1332 ut
162 1295 234 1332 eum
247 1276 442 1354 singulariter
467 1287 496 1332 et
520 1280 701 1336 excellenter
726 1280 826 1336 dicant
851 1281 936 1337 deum
962 1287 1092 1360 genium,

44 1379 128 1434 quern
141 1359 250 1414 dicunt
263 1359 366 1414 mundi
380 1362 522 1430 animum,
551 1379 584 1416 ac
598 1380 650 1436 per
669 1361 723 1418 hoc
735 1361 842 1420 lovem.

430 1545 452 1602 C
474 1547 498 1604 A
521 1545 552 1604 P.
596 1545 628 1602 X
644 1547 654 1604 Ι
670 1545 701 1602 V.

334 1639 379 1694 De
390 1641 524 1696 Mercurii
539 1652 568 1696 et
578 1643 680 1696 Martie
696 1643 802 1714 officiis.

104 1749 291 1808 Mercurium
303 1765 375 1804 vero
389 1755 419 1803 ct
430 1747 554 1807 Martem
579 1750 723 1827 quomodo
747 1752 896 1810 referrent
917 1755 954 1812 ad
978 1757 1089 1831 aliquae

43 1843 134 1907 partes
147 1832 258 1888 mundi
272 1840 304 1887 et
316 1849 406 1906 opera
418 1829 491 1905 Dei,
517 1853 591 1910 quae
605 1845 674 1892 eunt
686 1837 718 1892 in
734 1838 903 1908 clementie,
930 1857 990 1895 non
1003 1841 1088 1895 inve-

43 1927 163 1988 nerunt,
194 1915 308 1972 etideo
322 1931 373 1969 eor
388 1917 490 1972 taltem
513 1917 648 1991 operibus
671 1917 822 1976 hominum
844 1930 1087 1995 praeposuerunt,

43 1999 264 2057 aerniocinandi
277 2007 308 2054 et
320 1997 515 2075 belligerandi
528 2001 564 2056 ad
577 2003 738 2057 ministror.
784 2003 914 2068 Quorum
923 2003 1087 2060 Mercurius

42 2086 64 2139 ai
81 2085 233 2142 aermonia
248 2084 338 2138 etiam
363 2081 483 2138 deorum
506 2092 681 2158 potestatem
705 2086 798 2162 gerit,
825 2087 882 2160 ipei
895 2105 1009 2161 quoquc
1022 2089 1089 2162 regi

43 2167 161 2226 deorum
189 2167 381 2236 dominatur,
408 2167 434 2220 ai
446 2167 607 2226 secundum
620 2169 683 2223 ciue
696 2167 849 2224 arbitrium
861 2167 973 2243 lupiter
992 2171 1087 2244 loqui·

42 2263 100 2323 tur,
124 2261 160 2308 ut
174 2249 322 2326 loquendi
334 2248 370 2304 ab
388 2249 439 2304 illo
453 2251 559 2324 accipit
571 2251 755 2307 facultatem:
779 2251 855 2327 quod
870 2254 971 2327 utiquc
985 2251 1086 2308 abeur-

43 2335 103 2390 dum
116 2346 174 2394 cat.
224 2332 261 2390 Si
284 2341 383 2389 autem
404 2334 448 2390 illi
465 2331 585 2390 humani
598 2343 713 2390 tantum
727 2336 873 2390 aermonia
887 2343 1017 2409 pateriae
1031 2336 1086 2390 tri-

42 2419 104 2474 buta
128 2417 325 2494 perhibetur,
352 2433 412 2472 non
426 2423 472 2472 eat
485 2417 626 2472 credibile
639 2416 675 2472 ad
689 2417 843 2474 lactandos
856 2435 996 2488 mamma,
1025 2425 1086 2474 non

43 2506 130 2558 colum
147 2518 278 2576 puerei,
305 2497 358 2553 aed
372 2501 460 2554 etiam
472 2517 595 2573 pecora,
607 2499 687 2554 unde
701 2497 846 2557 Ruminae
860 2501 1086 2575 cognominatur

44 2595 96 2655 ert,
110 2585 216 2641 lovem
229 2581 411 2638 descendere
424 2583 571 2651 voluisse,
586 2589 616 2635 ct
629 2597 729 2636 curam
742 2581 839 2635 nentri
852 2583 1013 2650 sermonis,
1028 2598 1085 2653 quo

42 2669 192 2742 pecoribus
219 2667 441 2736 antecellimus,
468 2663 505 2719 ad
524 2664 724 2737 sepertinere
747 2662 892 2718 noluisse:
919 2680 952 2717 ac
965 2680 1019 2736 per
1031 2661 1086 2718 boc

42 2752 114 2807 idem
128 2753 195 2825 ipse
215 2759 265 2805 ert
277 2747 355 2804 loris
374 2757 461 2824 atque
474 2746 648 2804 Mercurius.
692 2744 777 2812 Quod
790 2745 816 2799 ri
828 2762 924 2801 nermo
937 2746 1000 2820 ipae
1014 2745 1085 2800 dici·

42 2846 89 2889 tur
102 2853 166 2890 erae
180 2833 362 2902 Mercurius,
380 2833 458 2888 oiout
472 2849 507 2887 ea
520 2849 595 2906 quae
609 2829 645 2885 de
657 2831 708 2886 illo
721 2829 970 2904 interpretantur,
985 2837 1084 2884 orten-

43 2917 124 2974 dunt:
151 2913 243 2992 (nam
268 2914 336 2970 ideo
348 2913 527 2986 Mercurius,
555 2915 639 2989 quari
651 2912 763 2972 medius
778 2929 899 2968 curren·
912 2910 1020 2968 dicitur
1032 2930 1083 2986 ap-

43 3003 180 3074 pellatur,
207 2997 288 3073 quod
301 3015 397 3053 sermo
413 3007 511 3053 currat
523 2999 602 3052 inter
616 2997 748 3053 homines
763 2995 890 3068 mediua3
916 2996 982 3052 idco
996 2991 1085 3072 ἒρμὴς

44 3083 171 3153 Graece,
200 3081 281 3156 quod
295 3097 390 3136 termo
403 3083 451 3138 vel
472 3082 695 3154 interpretatio,
722 3097 796 3154 qaae
808 3080 909 3154 utique
923 3079 960 3135 ad
973 3097 1083 3134 aermo-

43 3187 105 3222 nem
118 3165 269 3242 pertinet,
284 3161 417 3241 ἑρμηνεία
431 3163 549 3234 dicitur3
571 3163 637 3220 ideo
652 3173 682 3218 et
694 3163 840 3220 mercibus
853 3179 1001 3234 praecare,
1015 3162 1084 3236 quia

43 3253 117 3306 inter
130 3248 297 3306 vendente·
311 3256 342 3302 et
356 3255 485 3304 emente·
505 3265 600 3301 sermo
624 3247 659 3302 fit
681 3247 810 3316 mediua3
836 3247 896 3300 alea
910 3246 973 3300 eiua
987 3245 1019 3299 in
1034 3261 1083 3299 ca-

43 3335 98 3406 pite
113 3343 143 3389 et
171 3329 296 3404 pedibus
322 3329 493 3407 significare
506 3331 654 3384 volucrem
668 3330 741 3384 ferri
753 3345 806 3401 por
820 3331 889 3382 aira
902 3339 1083 3392 sermonem3

45 3419 179 3472 nuntium
193 3415 321 3484 dictum,
339 3413 477 3486 quoniam
489 3429 541 3485 per
555 3429 722 3467 sermonem
735 3410 835 3466 omnia
848 3410 976 3484 cogitata
990 3423 1084 3462 enun-

44 3499 184 3575 tiantem)
212 3498 239 3551 si
253 3513 325 3573 crgo
338 3494 502 3552 Mercurius
520 3497 582 3567 ipae
601 3512 697 3550 sermo
713 3501 775 3562 ert,
803 3492 891 3546 etiam
904 3491 975 3562 ipoia
992 3486 1084 3543 eonfi-

44 3582 187 3651 tentibua,
215 3578 287 3634 deur
313 3596 374 3634 non
401 3586 454 3634 eat.
498 3575 558 3634 Sed
571 3595 636 3632 eum
649 3577 706 3632 sibi
720 3574 789 3630 dece
809 3573 923 3628 iaciunt
942 3587 1011 3641 eor,
1034 3571 1084 3645 qui

45 3682 95 3720 nec
110 3664 272 3720 daemones
285 3671 371 3731 aunt,
398 3659 554 3716 immundis
581 3655 770 3733 supplicando
797 3651 963 3728 spiritibus,
990 3653 1084 3728 poari-

45 3744 149 3802 dentur
161 3747 198 3802 ab
214 3746 257 3800 eia
273 3745 397 3819 quinon
411 3743 468 3813 dii,
500 3742 551 3816 aed
566 3743 720 3798 daemones
740 3746 817 3794 aunt.
862 3733 936 3791 ltcm
950 3737 1019 3811 quia
1032 3753 1085 3791 nce

47 3828 131 3886 blarti
144 3828 263 3906 aliquod
276 3829 453 3884 elementum
467 3828 513 3882 vel
528 3835 641 3901 partem
654 3821 755 3880 mundi
770 3819 907 3878 invenire
916 3827 1085 3895 potuerunt.
