2586 4396
214 198 273 258 tus
442 185 540 248 DIVI
565 181 755 244 sunnon
776 179 1033 242 AVGVSTINI

213 344 272 406 boe
292 339 485 422 operiendam·
498 337 592 396 msior
610 336 651 397 sit
668 333 826 412 disputatio
849 330 1033 405 accessoria,
1060 351 1152 410 quem
1169 333 1252 394 huius

214 429 320 506 Operis
333 424 434 498 modus
447 422 571 504 flagitet.
604 418 734 477 Proinde
744 420 797 490 its,
810 419 837 473 si
849 427 984 492 potuero,
997 418 1067 474 stilo
1080 418 1254 477 moderabor

213 529 291 584 meo,
304 519 338 568 ut
348 507 417 566 huie
430 507 522 583 Operi
535 507 567 562 in
577 503 634 562 Dei
646 504 799 561 voluntate
809 499 988 578 peragendo,
1001 519 1058 558 nee
1070 519 1189 578 eaquae
1203 521 1254 560 su-

213 596 328 674 persint
340 592 445 663 dicam,
463 608 519 647 nee
532 606 567 645 ee
580 605 654 664 quoe
667 587 739 643 sotis
753 587 814 642 sint
825 585 1064 660 praetermittam.

627 736 753 795 CAP.
794 733 841 792 11.

216 840 276 908 Quo
286 847 405 912 tempore
420 835 457 889 sit
472 834 585 905 impleta
596 833 741 904 promissio
755 830 811 884 Dei
825 833 857 883 rie
872 839 949 912 terro
965 827 1112 912 qunoen,
1131 848 1214 900 ᾳιιαιιι
1227 833 1253 886 ir

327 927 329 930 ·
352 927 375 930 ·’
410 903 602 976 possessionem
612 903 696 958 etiam
706 903 795 956 israel
802 903 922 954 carnalos
933 909 1045 969 strepet.

278 1015 314 1075 In
327 1012 520 1090 praecedente
532 1013 607 1072 libro
622 1012 760 1082 diximus,
774 1009 809 1066 ob
822 1011 907 1068 initio
922 1009 959 1066 ad
970 1008 1116 1067 Abraham
1126 1013 1255 1085 promis-

217 1097 407 1162 sionem-Dei
419 1097 490 1156 duas
501 1115 554 1154 res.
566 1097 657 1154 fuisse
670 1095 847 1172 promissas,
864 1112 954 1150 unum
966 1095 1091 1166 scilicet,
1103 1092 1178 1170 quod
1190 1103 1256 1151 ter.

215 1203 280 1242 rom
286 1181 426 1247 Chaucos
439 1197 640 1256 possessurum
653 1179 751 1238 fuerin
762 1196 862 1242 semen
875 1180 952 1249 eius3
965 1177 1044 1252 quod
1057 1176 1257 1256 significatur,

215 1268 266 1328 ubi
279 1265 389 1325 dietum
401 1274 462 1336 est,
482 1261 573 1324 :Vnde
586 1265 617 1326 ic
632 1273 757 1333 terreos,
782 1281 870 1340 mom
881 1261 937 1322 tibi
949 1261 1205 1331 demonstravero,
1229 1273 1258 1320 et

209 1347 332 1428 focium
347 1360 377 1410 te
388 1351 420 1408 io
436 1359 554 1426 gentem
572 1365 728 1424 magnam:
754 1347 842 1404 obem
859 1363 930 1404 vere
950 1347 1040 1422 longe
1057 1348 1257 1419 praestantio-

214 1451 289 1508 rem,
302 1451 364 1492 riou
372 1433 547 1502 *de-carneli,
562 1429 614 1487 sei
626 1430 663 1488 de
676 1430 803 1506 spirituli
816 1429 937 1498 semine,
951 1447 1002 1502 per
1014 1429 1091 1505 quod
1101 1437 1190 1504 peter
1204 1439 1258 1499 est,

215 1537 277 1580 uon
288 1519 378 1576 unius
391 1515 490 1594 gentis
503 1513 699 1586 lsrailiticee,
722 1512 774 1570 sed
786 1513 916 1585 omnium
927 1513 1075 1589 gentium,
1100 1529 1179 1587 quae
1190 1512 1259 1568 fidei

216 1603 280 1662 cios
293 1600 669 1676 vestigiaconsequuntu13
684 1595 760 1671 quod
772 1597 1015 1670 promitticoepit
1026 1593 1072 1651 his
1085 1596 1206 1654 verbius
1219 1596 1259 1654 Et

216 1683 425 1746 benedicentur
438 1683 469 1738 in
483 1691 513 1738 te
526 1697 623 1740 omnes
634 1679 736 1738 tribus
750 1688 862 1736 terroe.
896 1677 936 1736 Et
949 1678 1085 1754 deinceps
1098 1681 1168 1736 aliis
1182 1682 1257 1738 mul·

216 1767 255 1824 tis
270 1763 423 1823 admodum
437 1763 614 1821 testimoniis
627 1761 699 1819 baec
712 1761 769 1820 duo
781 1763 925 1837 promisso
937 1780 1003 1818 osse
1015 1767 1257 1822 monstravimus.

215 1847 292 1912 Erat
308 1840 400 1924 igitur
418 1849 478 1906 ium
491 1847 524 1902 io
542 1849 623 1904 terro
639 1846 844 1920 promissionis
865 1865 965 1903 semen
983 1843 1137 1919 Abrahae,
1156 1847 1256 1920 idest,

215 1933 340 2010 populus
353 1929 444 1988 lsrael
456 1928 619 1990 secundum
632 1947 763 1986 earnem:
788 1938 877 2005 atque
890 1930 932 1988 ibi
944 1947 1006 1989 non
1020 1931 1256 1989 solumteueudc

216 2033 251 2073 se
263 2013 440 2089 possidendo
454 2015 590 2071 civitates
609 2011 861 2083 adversariorum,
887 2031 988 2072 rerum
1002 2015 1091 2070 etiem
1103 2033 1194 2094 reges
1207 2015 1256 2072 be·
1278 2047 1279 2070 ι

216 2097 330 2170 Modo,
355 2116 483 2176 regnare
497 2098 557 2160 iam
570 2105 719 2172 coeperat,
743 2097 870 2171 impletis
885 2095 921 2153 de
933 2097 997 2171 ipso
1009 2100 1116 2172 populo
1129 2102 1256 2174 promis·

216 2179 422 2252 sionibusDei
439 2183 499 2240 iam
516 2197 625 2258 magus
638 2197 676 2236 ex
688 2188 798 2254 parte;,
813 2199 874 2238 nou
893 2182 988 2239 solum
1011 2183 1255 2256 quoeiniliistri·

215 2265 268 2322 bus
281 2263 425 2339 patribus,
449 2262 610 2334 Abrohom,
629 2262 728 2335 Isaeo,
754 2271 784 2319 et
799 2261 904 2335 Iecob,
930 2273 960 2320 et
971 2281 1170 2340 quaecunque
1182 2269 1256 2323 uliae

216 2345 397 2422 temporibus
411 2365 526 2418 eorum,
548 2348 752 2408 verumetiam
770 2363 844 2422 quoe
861 2365 914 2422 per
933 2348 1028 2422 ipsum
1040 2347 1183 2424 Moysen,
1204 2369 1258 2424 per

217 2432 303 2506 quein
313 2431 443 2504 populus·
456 2429 534 2488 idem
550 2429 586 2488 de
604 2429 747 2488 servitute
759 2429 905 2509 Aegyptio
916 2431 1135 2505 liberatus-est,
1163 2441 1192 2489 et
1201 2451 1258 2508 per

216 2531 301 2590 quem
314 2519 421 2571 cuncta
432 2515 592 2590 praeterite
605 2514 735 2572 rerelota
748 2523 818 2570 sunt
830 2515 1006 2588 temporibus
1019 2516 1101 2588 eins,
1123 2535 1191 2574 cum
1201 2535 1256 2592 po-

214 2599 315 2670 pulum
327 2615 380 2670 pes
394 2615 524 2654 eremum
536 2597 673 2668 duceret,
693 2595 788 2660 fectae
801 2595 927 2656 suerunt.
970 2597 1074 2673 Neque
1087 2609 1189 2658 autem
1204 2619 1258 2677 per

214 2680 365 2758 insignem
378 2681 480 2740 ducem
492 2679 588 2738 Iesum
600 2679 700 2752 Neve,
720 2697 773 2754 per
786 2699 872 2756 quem
883 2683 1005 2757 populus
1018 2683 1069 2738 ille
1082 2684 1115 2740 in
1127 2687 1258 2760 promis-

118 2817 121 2824 ,
215 2764 307 2820 sionis
321 2763 461 2822 inductus
478 2773 524 2822 est
536 2774 660 2835 terram,
675 2765 913 2844 expugnatisque
923 2765 1078 2843 gentibus,
1100 2787 1168 2828 oens
1181 2769 1257 2826 riuo-

215 2845 311 2904 decim
323 2845 469 2918 tribubus,
495 2848 599 2922 quibus
611 2846 694 2906 Deus
707 2849 845 2922 iusserat,
869 2848 979 2920 divisit,
1005 2858 1035 2906 et
1046 2860 1180 2908 nromuus
1194 2863 1258 2922 αις

215 2945 309 3003 neque
322 2938 389 3002 post
397 2929 487 2985 illum
498 2938 562 2986 toto
576 2938 709 3004 tempore
718 2929 850 2989 iudicum
862 2933 979 3008 inpleta
991 2933 1089 2990 iuerat
1098 2937 1260 3009 promissio

213 3009 271 3066 Dei
285 3008 321 3066 de
333 3019 414 3074 terro
425 3010 574 3083 Chenasn,
585 3029 603 3068 a
614 3011 737 3088 quodam
748 3009 838 3090 [quod
846 3013 878 3092 o]
891 3013 1012 3074 flumine
1020 3016 1147 3096 Aegypti
1158 3035 1261 3094 usque

112 3117 118 3134 ι
212 3091 250 3148 ed
264 3089 375 3157 flumen
388 3112 528 3173 magnum
539 3093 733 3170 Euphratem:
760 3117 816 3157 nee
834 3108 933 3158 temer
953 3097 1046 3156 adhuc
1057 3099 1257 3176 prophetass-

211 3183 261 3232 tur
273 3173 419 3248 futurum,
447 3179 498 3235 sed
512 3181 736 3254 exspectabatur
748 3181 934 3256 implendum.
970 3181 1125 3258 impletum
1139 3195 1186 3242 est
1200 3203 1258 3242 uu-

212 3266 272 3316 tem
283 3277 336 3336 per
348 3259 456 3334 David,
470 3273 500 3320 et
513 3265 575 3322 eius
590 3263 683 3322 filium
695 3262 900 3324 Salomonem:
923 3268 1005 3330 euius
1018 3284 1148 3346 reguum
1158 3279 1258 3338 tantm

212 3351 323 3417 quanto
349 3348 525 3420 promissum
552 3346 665 3419 fluerat,
693 3349 787 3422 spatio
814 3349 967 3408 dilatatum
991 3358 1045 3408 est.
1088 3349 1259 3410 Vniverse·

211 3427 318 3502 quippe
331 3428 400 3485 ilios
414 3430 617 3502 subdiderunt,
630 3431 860 3508 tributariosque
872 3432 1015 3490 iecerunt.
1044 3432 1102 3492 sio
1112 3436 1214 3514 igitur
1226 3438 1259 3492 is

210 3515 292 3568 terra
303 3513 507 3586 promissionis
521 3514 682 3572 secuudum
695 3533 828 3587 curnem,
842 3514 897 3574 hoc
909 3527 965 3588 est,
978 3518 1011 3574 in
1020 3525 1102 3575 terra
1111 3517 1259 3578 cmm

213 3593 264 3650 sub
284 3591 330 3650 his
349 3598 468 3674 regibus
493 3617 593 3656 semen
611 3596 744 3657 Abrabae
767 3598 864 3659 meret
887 3602 1094 3673 coustitutum,
1119 3612 1158 3660 ut
1180 3602 1279 3660 nihili

213 3671 318 3768 deiude
331 3692 513 3754 superesset,
538 3701 596 3757 quo
609 3691 728 3740 terrena
740 3684 793 3740 illo
805 3681 864 3746 Dei
876 3685 1031 3760 promissio
1044 3686 1259 3758 compleretur,
1278 3695 1279 3740 ι

212 3756 274 3810 nui
284 3764 316 3812 ut
328 3759 361 3816 in
374 3761 475 3822 eodem
487 3774 581 3836 terra,
609 3775 750 3840 questum
764 3766 801 3824 ad
812 3770 1037 3843 prosperitatem
1054 3769 1167 3825 attinet
1179 3779 1260 3826 tem·
1278 3803 1279 3808 κ

211 3837 360 3912 possiem,
380 3861 432 3917 per
449 3848 629 3921 posteritatis
649 3850 867 3914 successionem
879 3851 1053 3910 inconcusso
1065 3859 1147 3908 stetu
1159 3871 1260 3928 usque
1278 3871 1279 3918 ;
