2510 4404
197 228 259 288 DE
283 230 505 291 CIVITATE
529 232 611 292 DEI
633 233 715 292 ΗΒ.
737 233 834 294 ΧΧΙ.
967 245 1029 302 367

34 389 52 442 ri
64 391 179 459 peccata
191 383 258 440 sine
271 383 376 459 quibus
389 403 510 443 necros
525 387 627 458 critis,
641 387 694 462 qui
707 386 861 445 iustificati
874 400 905 448 et
917 398 1027 452 sancti-

34 471 70 526 ati
91 462 178 526 cstisi
204 467 255 524 ubi
269 485 341 546 ergo
353 470 416 541 illi,
444 471 494 544 qui
509 468 650 544 perhanc
665 472 829 528 orationem
842 477 1028 535 occasionem

33 551 246 628 rpetrandorum
260 551 391 626 quotidie
405 554 548 610 scelerum
562 563 723 629 quaerunt,
751 553 854 612 dicunt
866 557 1027 619 Dominum

33 637 173 712 gnificasse
186 635 275 690 ctiam
287 653 395 714 usagna
407 646 542 712 peccata,
557 638 694 712 quoniam
708 655 768 695 non
780 639 870 712 dixit,
890 640 1029 701 Dimittat

33 721 73 776 bis
95 737 197 796 parva,
224 718 276 774 sed
291 730 423 795 peccata
445 730 565 778 cestra:
589 721 631 778 ibi
648 738 704 777 nos
719 722 941 781 considerantes
956 744 1028 800 qua-

33 823 67 860 us
86 802 272 878 loquebatur,
298 812 329 858 ιι
341 802 492 860 audientes
507 804 633 876 dictum,
650 814 784 883 peccata
809 817 928 880 vestra,
954 810 1027 866 nibil

33 888 70 944 ud
79 888 211 944 debemus
225 885 395 942 existimare
409 905 495 962 quam
507 905 615 963 parva,
629 889 768 964 quoniam
781 890 885 948 talium
894 893 953 949 iam
967 912 1027 951 non

33 981 74 1028 ιιιι
85 987 198 1047 magna.
242 968 450 1027 Verumtamen
464 989 519 1028 nec
534 973 597 1047 ipsa
608 990 732 1050 magna,
752 991 770 1030 a
783 974 890 1050 quibu
906 976 1027 1034 omnin'o

32 1057 105 1111 utatis
119 1056 149 1110 in
162 1053 265 1109 melius
279 1053 409 1110 moribus
423 1055 619 1112 recedendum
632 1065 693 1129 cst,
712 1056 904 1116 dimittuntur
916 1062 1028 1117 oranti·

32 1157 58 1210 ι,
81 1138 137 1195 nisi
155 1137 207 1192 fiat
220 1135 297 1213 quod
309 1137 352 1192 ibi
365 1136 487 1209 dicitur,
513 1136 600 1196 Sicut
614 1150 645 1196 ct
656 1157 709 1196 nos
724 1141 901 1198 dimittimus
916 1144 1025 1202 debito-

32 1240 70 1278 ιιι
83 1223 202 1278 nostris.
244 1219 279 1276 Si
297 1222 377 1276 enim
395 1223 518 1278 minima
538 1232 672 1296 peccata,
698 1223 765 1279 sine
784 1224 889 1298 quibus
908 1237 1028 1284 nonest

32 1325 77 1362 am
88 1306 149 1360 vita
161 1305 319 1374 iustorum,
333 1305 420 1358 aliter
430 1323 492 1360 non
502 1307 706 1363 remittuntur:
721 1311 939 1386 quantomagis
952 1312 1027 1366 mul-

42 1399 72 1444 ct
83 1388 197 1465 magnis
212 1387 383 1443 criminibus
397 1387 534 1460 involuti,
549 1388 665 1443 etiamsi
675 1407 712 1444 ea
724 1399 894 1464 perpetrare
907 1394 965 1448 iam
976 1393 1027 1449 de-

32 1482 103 1543 ant,
117 1473 226 1528 nullam
239 1469 457 1548 indulgentiam
471 1479 710 1546 consequuntur,
730 1474 755 1527 si
766 1472 803 1528 ad
819 1475 1026 1532 remittendum

32 1561 50 1612 ιι
66 1554 142 1630 quod
154 1556 186 1610 in
200 1571 250 1609 eos
265 1555 390 1628 quisquc
400 1556 585 1628 peccaverit,
598 1555 799 1612 inexorabiles
813 1557 940 1630 fuerint,
961 1578 1027 1616 cum

32 1649 63 1695 at
76 1637 236 1694 Dominus:
250 1634 287 1694 Si
299 1646 398 1694 cutem
411 1657 468 1695 noa
481 1639 660 1696 dimiseritis
672 1636 835 1697 hominibus
851 1639 1027 1719 [peccata],

31 1741 76 1799 pac
89 1719 180 1778 Pater
192 1730 291 1778 cester
304 1721 437 1780 dimittet
448 1719 551 1779 cobis?
593 1721 649 1779 Ad*
661 1721 717 1779 hoc
744 1724 824 1779 enim
847 1725 928 1780 valet
949 1725 1027 1801 quod

31 1825 73 1862 sm
86 1805 207 1861 lacobus
221 1805 378 1878 Apostolus
391 1806 449 1878 ait,
475 1806 617 1864 iudicium
629 1805 764 1863 futurum
778 1809 843 1865 sine
857 1809 1026 1866 miscricor-

55 1890 100 1944 illi
122 1889 172 1964 qui
195 1907 255 1944 non
274 1888 347 1944 fecit
363 1889 602 1948 misericordiam.
650 1890 761 1948 Venire
776 1893 882 1966 quippe
896 1891 982 1948 debet
994 1893 1026 1950 in

31 1982 111 2030 ntem
125 1973 213 2028 etiam
226 1989 331 2028 ιιι-ιιι
345 1974 414 2045 ille,
439 1974 488 2028 cui
501 1973 629 2030 debitori
642 1973 778 2030 dominus
793 1976 857 2030 eius
878 1977 1027 2032 relaxavit

31 2075 83 2113 tem
95 2057 187 2112 millia
199 2057 398 2127 talentorum3
424 2073 500 2130 quac
513 2065 615 2131 postea
628 2057 716 2111 iussit
730 2066 765 2111 ut
777 2057 931 2126 redderet,
956 2059 1027 2130 quia

30 2161 43 2197 e
58 2159 119 2197 non
132 2141 270 2196 misertus
289 2146 334 2194 cst
353 2139 489 2194 conservi
509 2141 571 2209 sui,
598 2140 648 2213 qui
663 2140 691 2192 ei
705 2138 830 2194 debebat
844 2147 963 2193 centum
976 2138 1026 2194 de-

30 2227 91 2280 ·ios.
131 2223 166 2280 ln
184 2223 231 2279 his
253 2241 324 2299 ergo
345 2222 396 2296 qui
413 2221 469 2277 filii
483 2231 553 2278 sunt
565 2221 769 2296 promissionis
784 2230 814 2276 et
826 2237 898 2276 vasa
910 2223 1027 2278 miscri-

30 2308 112 2380 diac,
125 2309 205 2364 valct
218 2305 296 2381 quod
307 2307 349 2362 ait
359 2304 612 2380 idcmApcstolus‚
628 2313 843 2379 cousequenter
849 2303 1026 2382 adiungens,

30 2391 215 2448 aereasaltat
229 2386 481 2468 [Sapereaoltat]
505 2400 605 2447 autem
618 2389 826 2445 misericordia
838 2389 948 2444 iudicio
964 2386 1028 2464 [iu-

30 2473 114 2550 iuml.
162 2474 309 2541 Quoniam
328 2481 359 2528 et
378 2474 423 2528 illi
440 2473 509 2528 iusti
529 2474 579 2547 qui
596 2480 681 2527 tanta
702 2473 860 2527 sanctitate
874 2474 1027 2542 vixerunt,

30 2561 99 2614 alios
115 2575 229 2633 quoque
242 2557 387 2629 recipiant
399 2557 432 2610 io
445 2555 635 2612 tabernacula
648 2563 786 2627 aeterna,
813 2554 917 2630 quibus
941 2557 1028 2611 amici

30 2644 51 2697 ti
67 2650 139 2698 sunt
152 2641 187 2696 dc
200 2655 366 2695 mammona
381 2633 559 2712 iniquitatis,
571 2647 605 2694 ut
618 2638 691 2693 tales
703 2647 813 2708 essent,
827 2637 1027 2694 misericordis

30 2727 97 2781 irati
111 2723 230 2780 suntab
251 2740 286 2776 eo
302 2723 352 2794 qui
372 2720 516 2776 iustificat
533 2723 669 2796 impium,
697 2723 843 2795 imputans
864 2721 1028 2778 mercedest

30 2808 141 2864 undum
154 2806 297 2884 gratiam,
323 2822 384 2861 uon
398 2803 558 2862 secundum
572 2805 711 2860 debitum.
757 2803 791 2861 ln
805 2823 908 2861 corum
921 2807 1028 2880 quippe

30 2910 103 2947 noro
119 2889 340 2964 estApostolus,
354 2889 404 2965 qui
415 2887 500 2960 dicit,
515 2887 758 2947 Misericordiam
769 2897 942 2946 consecutus
953 2907 1028 2958 sam,

30 2975 133 3041 tidelis
148 2991 249 3032 essem.

41 3058 90 3114 llli
104 3068 203 3116 autern
217 3058 268 3133 qui
281 3058 463 3133 recipiuntur
480 3058 619 3114 otalibus
637 3059 670 3114 in
687 3057 878 3114 tabernacula
897 3066 1028 3126 aeterno,
1086 3121 1090 3128 ¹

30 3143 134 3200 endum
156 3153 202 3199 est
216 3141 294 3217 quod
306 3160 368 3198 non
389 3143 450 3196 sint
467 3139 513 3195 his
532 3143 661 3197 moribus
680 3141 822 3215 praediti,
849 3151 884 3196 ut
898 3141 940 3196 eis
953 3141 1027 3196 libe-

32 3227 78 3282 dis
93 3229 161 3283 sinc
175 3223 316 3302 suffragio
331 3233 504 3280 sanctorum
518 3240 572 3277 suo
584 3225 680 3295 possit
692 3226 754 3279 vita
767 3223 915 3290 sufficere,
930 3241 964 3277 ac
977 3241 1029 3296 per

44 3313 141 3366 multo
156 3309 281 3382 amplius
293 3309 325 3361 in
336 3307 379 3360 eis
391 3306 610 3376 superexsultat
620 3303 824 3360 misericordia
833 3303 952 3358 iudicio.
966 3302 1029 3359 Nec

30 3413 78 3450 ιιιι
92 3392 163 3448 ideo
179 3387 325 3463 putandus
346 3397 391 3443 est
408 3387 562 3462 quisquam
579 3387 823 3444 sceleratissimus
844 3403 1029 3460 nequaquam

30 3477 103 3532 ivel
121 3475 202 3530 bona
219 3474 268 3529 vel
281 3469 477 3526 tolerabiliore
494 3479 641 3541 mutatus,
666 3470 760 3544 recipi
783 3470 815 3524 in
840 3469 1030 3524 tabernacula

30 3575 121 3628 crna,
149 3557 290 3632 qnoniam
304 3555 458 3610 obsecutus
473 3563 518 3610 est
531 3555 642 3609 sanctis
657 3553 692 3609 dc
705 3569 872 3608 mammona
886 3552 1028 3627 iniquita-

30 3687 31 3700 ,
47 3641 80 3697 id
95 3650 158 3712 est,
175 3638 211 3693 de
223 3639 366 3714 pecunia,
384 3638 432 3694 vel
445 3636 574 3709 divitiis,
589 3655 664 3712 quae
677 3638 753 3693 mole
767 3635 886 3692 fuerant
900 3637 1028 3711 acquisi-

32 3742 40 3799 ;
57 3734 111 3782 aut
126 3723 243 3780 etiamsi
255 3722 350 3792 bene,
364 3738 426 3777 non
439 3729 538 3778 tumen
551 3722 648 3793 veris,
663 3720 714 3777 sed
728 3738 801 3795 quas
815 3719 956 3797 iniquitas
972 3737 1028 3792 pu-

30 3808 235 3879 cssedivitias‚
250 3807 390 3881 quoniam
400 3807 499 3862 nescit
508 3823 584 3880 quae
597 3805 660 3861 sint
671 3823 760 3862 verae
775 3803 906 3876 divitiae,
921 3803 1028 3878 quibus

35 3892 205 3964 abundant,
221 3891 271 3966 qui
286 3899 315 3946 ιι
326 3889 399 3946 alios
412 3890 561 3965 rccipiunt
570 3889 602 3946 in
616 3898 737 3946 aeterna
748 3889 947 3946 tabernacula.
975 3885 1028 3940 Est
