2602 4416
215 219 253 274 50
427 206 528 266 nlvl
559 197 748 264 AVRELll
779 198 1033 257 AVGVSTlNl

99 352 112 364 ⁵
214 369 293 440 ipsos
308 365 356 420 vel
369 379 421 436 pro
436 360 558 416 arbitrio
576 355 770 423 mentientes,
789 353 836 408 vel
849 350 1015 408 hominibus
1029 351 1144 406 miseris
1164 353 1250 425 quasi

213 449 336 506 deorum
350 446 429 502 facta
442 443 570 516 pessima
582 435 724 494 imitanda
743 443 961 508 proponentes,
987 436 1109 490 omnino
1128 435 1160 490 in
1175 435 1250 490 civi-

214 543 274 588 tate
288 532 364 588 bene
382 528 520 584 instituta
538 524 639 578 vivere
660 519 766 574 noluit.
810 517 872 574 Nos
887 517 1005 592 quidem
1020 516 1176 577 Platonem
1192 535 1251 572 nee

214 617 318 685 deum,
346 631 402 668 nec
428 606 589 666 semideum
614 600 816 678 perhibemus,
842 620 898 658 nec
924 602 979 658 ulli
1004 611 1108 658 sancto
1132 600 1249 678 Angelc

214 699 321 755 summi
334 695 402 763 Dei,
425 709 481 748 nec
493 686 625 744 veridico
640 684 815 760 Prophetae,
841 703 897 742 nec
910 685 1052 758 Apostolo
1065 685 1166 755 alicui,
1192 703 1251 740 nec

215 783 336 838 cuilibet
349 775 459 834 Christi
472 770 616 847 Martyri,
635 789 689 828 nec
704 771 842 845 cuiquam
856 767 1026 826 Christiano
1040 767 1154 824 homini
1168 785 1250 824 com-

215 874 370 940 paramus3
397 858 483 913 cuius
502 863 622 912 nostrae
648 855 815 911 sententiae
841 855 929 925 ratio,
956 851 1021 910 Deo
1045 860 1252 926 prosperante,

215 964 268 1002 suo
282 947 348 999 loco
364 939 570 1014 explicabitur.
614 937 675 995 Sed
701 957 770 994 eum
795 946 906 1009 tamen,
933 935 1170 1012 quandoquidem
1194 935 1252 1008 ipsi

214 1030 318 1085 volunt
330 1026 425 1082 fuisse
439 1021 611 1093 semideum,
638 1020 866 1096 praeferendum
879 1039 944 1078 esse
958 1037 1124 1090 censemus,
1150 1019 1176 1074 si
1189 1037 1253 1074 non

215 1111 340 1169 Romulo
355 1119 385 1166 et
398 1106 539 1177 Herculi,
558 1099 703 1182 (quamvis
717 1107 808 1160 istum
820 1124 875 1161 nec
889 1105 1011 1162 fratrem
1023 1102 1178 1173 occidisse,
1195 1121 1254 1157 nec

214 1193 333 1269 aliquod
348 1201 535 1266 perpetrasse
547 1187 692 1267 flagitium
706 1189 862 1264 quisquam
874 1187 1087 1246 historicorum
1094 1188 1255 1260 velpoeta-

161 1341 165 1355 x
214 1297 281 1335 rum
294 1277 388 1348 dixit,
416 1274 601 1351 autfinxit:)
616 1283 714 1344 certe,
732 1273 781 1330 vel
796 1269 919 1345 Priapo,
946 1272 995 1328 vel
1012 1268 1256 1346 alicuiCyncce-

215 1361 312 1438 phalc,
340 1370 492 1435 postremo
505 1360 554 1416 rel
567 1357 671 1428 Febri,
698 1373 774 1431 quae
789 1353 917 1412 Romani
930 1355 1052 1412 numina
1064 1353 1172 1426 partim
1183 1371 1257 1425 per-

215 1447 319 1523 egrina
332 1451 521 1518 receperunt,
546 1442 654 1514 partim
675 1455 729 1496 sua
742 1439 861 1513 propria
875 1445 1075 1496 sacraverunt.
1120 1436 1257 1502 Quomo-

214 1529 250 1582 do
265 1529 360 1603 igitur
373 1534 459 1580 tanta
479 1526 570 1578 animi
584 1533 614 1578 et
626 1541 743 1578 morum
759 1523 854 1592 mala,
880 1522 966 1580 bonis
984 1520 1149 1594 praeceptis
1168 1527 1197 1574 et
1209 1520 1257 1573 le-

214 1611 301 1686 gibus
325 1609 375 1664 vel
396 1607 581 1661 imminentia
603 1603 804 1676 prohiberent,
830 1606 982 1660 velinsita
996 1601 1186 1675 exstirpanda
1200 1621 1257 1658 eu-

215 1700 317 1748 rarent
331 1689 373 1745 dii
385 1691 475 1758 tales,
489 1689 540 1761 qui
558 1689 647 1742 etiam
661 1684 833 1742 seminanda
847 1696 876 1741 et
889 1685 1025 1763 augenda
1038 1683 1152 1762 flagitia
1166 1703 1259 1740 cura-

214 1783 335 1844 verunt,
358 1774 429 1828 talia
442 1772 491 1826 vcl
504 1787 558 1826 sua
571 1771 619 1826 vcl
632 1770 717 1843 quasi
730 1785 784 1824 sua
798 1768 877 1824 sacta
889 1787 941 1843 per
954 1766 1115 1824 theatricas
1130 1768 1259 1824 celebri-

150 1891 152 1894 ·
215 1867 290 1914 tates
306 1857 423 1930 populis
450 1854 638 1910 innotescere
665 1853 835 1926 cupientes,
862 1860 896 1907 ut
914 1860 1055 1926 tanquam
1074 1853 1260 1908 auctoritate

214 1942 327 2012 divina,
355 1957 409 1994 sua
424 1945 529 2010 sponte
553 1937 735 2012 nequissima
757 1933 848 1992 libido
874 1934 1087 1992 accenderetur
1111 1933 1258 1992 humana:

215 2025 326 2080 frustra
350 2022 406 2078 hoc
433 2022 616 2078 exclamante
631 2018 790 2091 Cicerone,
818 2021 870 2093 qui
891 2037 958 2075 cum
976 2019 1120 2091 depactis
1139 2027 1258 2096 ageret,

214 2107 258 2164 Ad
272 2127 346 2182 quor
364 2125 430 2163 eum
446 2105 639 2176 accessisset,
666 2105 780 2178 inquit:
808 2104 942 2174 „clamor
962 2112 992 2159 et
1010 2103 1181 2175 approbatio
1200 2119 1258 2175 po-

216 2231 236 2262 „
244 2194 323 2264 puli,
354 2190 439 2264 quasi
453 2190 554 2267 magni
567 2187 720 2244 cuiusdam
734 2195 764 2242 et
777 2187 920 2260 sapientis
933 2187 1086 2264 magistri,
1112 2204 1185 2261 quas
1210 2187 1259 2241 illi

217 2335 222 2346 Ι
242 2274 395 2330 obducunt
409 2269 565 2356 tenebrari
594 2289 667 2346 quos
681 2269 829 2328 invehunt
841 2267 956 2328 metusl
984 2285 1057 2345 quas
1070 2267 1259 2326 inflammant

215 2351 466 2429 „cupiditaterl“

607 2437 739 2495 CAP.
783 2435 863 2494 XV.

217 2535 296 2600 Quod
304 2533 422 2587 Borcani
438 2533 565 2602 quaedem
586 2531 709 2586 sibideor
728 2551 781 2616 ιιοιι
801 2535 918 2598 raucae,
937 2535 985 2586 aed
1001 2535 1158 2587 adulatione
1177 2533 1258 2588 insti·

673 2613 787 2656 tuerent.

272 2697 361 2762 ,Quae
375 2703 474 2750 autem
486 2693 547 2746 illic
562 2692 767 2770 eligendorum
781 2695 904 2751 deorum
917 2697 1005 2750 etiam
1018 2695 1150 2768 ipsorum
1162 2693 1258 2748 falso-

214 2779 377 2848 rumratic,
392 2795 426 2832 ac
440 2791 501 2830 non
514 2776 614 2847 potius
628 2776 757 2834 adulatio
772 2773 838 2834 esti
858 2779 975 2853 quando
989 2779 1080 2834 istum
1089 2775 1257 2850 Platonem,

216 2879 304 2934 quem
318 2857 479 2914 semideum
493 2859 609 2930 volunt,
628 2863 721 2917 tantis
736 2861 985 2935 disputationibus
1000 2860 1199 2930 laborantem,
1215 2879 1257 2917 ne

214 2943 307 2997 animi
321 2943 419 3012 malis,
447 2958 523 3015 quae
536 2945 694 3018 praecipue
708 2945 838 3001 cavenda
857 2953 943 3011 sunt,
969 2961 1067 2998 mores
1081 2959 1257 3015 corrumpe-

214 3033 320 3080 rentur
333 3022 467 3095 humani,
494 3026 576 3081 nulla
589 3044 674 3084 sacra
687 3027 821 3084 aedicula
834 3027 956 3103 dignum
968 3033 1123 3098 putarunt,
1147 3033 1178 3080 et
1189 3023 1256 3082 Ro-

212 3109 323 3163 mulum
341 3125 428 3164 suum
441 3107 497 3164 diis
516 3110 617 3166 multis
636 3113 857 3186 praetulerunt,
885 3109 1018 3182 quamvis
1039 3117 1069 3164 et
1086 3109 1183 3182 ipsum
1204 3129 1255 3166 se—

214 3191 342 3247 mideum
367 3193 465 3267 potius
493 3207 582 3268 quam
606 3194 693 3250 deum
718 3195 802 3250 velut
819 3192 963 3248 secretior
983 3209 1086 3247 eorum
1115 3191 1255 3250 doctrina

213 3275 403 3331 commendet.
462 3275 538 3333 Nam
564 3279 653 3333 etiam
678 3275 826 3332 flaminem
851 3276 896 3331 illi
922 3276 1139 3346 instituerunt,
1172 3278 1254 3350 quod

213 3357 371 3415 sacerdotii
384 3377 479 3438 genus
495 3359 567 3416 adeo
581 3361 613 3417 in
626 3357 768 3416 Romanis
788 3359 880 3414 saeris
897 3367 1027 3416 testante
1046 3361 1129 3434 apice
1151 3363 1253 3415 excel·

210 3441 282 3512 luit,
310 3452 343 3498 ut
357 3453 418 3499 tres
433 3445 509 3500 solos
524 3441 657 3498 flamines
670 3441 813 3498 haberent
831 3442 926 3498 tribus
940 3443 1112 3500 numinibus
1128 3443 1252 3500 institu-

212 3533 269 3596 tor,
290 3521 407 3582 Dialem
420 3525 494 3596 lovi,
510 3525 675 3583 Martialem
687 3525 787 3598 Marti,
802 3526 987 3592 Quirinalem
1002 3525 1137 3584 Romulo.
1174 3525 1252 3583 Nem

210 3609 418 3664 benevolentia
433 3611 543 3664 civium
561 3611 644 3666 velut
663 3618 802 3684 receptus
822 3611 854 3665 in
874 3612 1007 3680 coelum,
1033 3611 1178 3677 Quirinus
1205 3620 1253 3666 est

210 3697 312 3760 postea
326 3695 507 3748 nominatur.
542 3693 584 3750 Ac
597 3709 649 3767 per
661 3689 717 3748 hoe
730 3703 761 3749 et
774 3691 914 3767 Neptuno
931 3703 960 3750 et
972 3693 1094 3750 Plutoni
1106 3693 1250 3749 fratribus

210 3771 304 3842 lovis,
332 3784 362 3830 ct
374 3777 432 3851 ipsi
445 3773 578 3832 Saturno
593 3777 675 3849 patri
688 3795 791 3833 eorum
804 3779 862 3834 isto
875 3775 1020 3842 Romulus
1034 3777 1145 3834 honore
1162 3795 1249 3852 prae·
1297 3835 1298 3842 χ

209 3857 286 3911 lutus
301 3865 357 3926 est,
384 3869 417 3914 ut
430 3875 483 3932 pro
511 3874 618 3938 niagno
646 3861 859 3936 sacerdotium,
887 3863 966 3940 quod
983 3861 1046 3920 lovi
1066 3862 1248 3930 tribuerunt,
