2590 4396
269 209 329 266 DE
353 209 559 268 ClVlTATE
584 210 659 269 DEl
681 213 757 271 LlB.
779 215 832 272 tv.
999 219 1052 277 131

41 367 128 422 lector
142 372 176 418 et
198 360 352 418 conditor:
373 365 507 418 tamensi
524 373 626 420 eontra
645 365 1054 436 praeiudicia-eonsuemdinis

41 449 105 504 liber
123 464 193 502 esse
210 453 327 519 posset,
349 461 439 500 unum
451 442 543 501 Deum
562 447 714 504 colendum
733 449 874 504 fateretur
890 461 973 523 atque
991 467 1056 506 sua·

41 532 129 599 deret,
149 538 237 586 metu
256 545 290 583 sc
307 529 423 584 ratione
438 528 576 586 mundum
593 529 816 606 gubernantem}
837 540 870 586 ut
882 545 917 586 ea
930 547 993 587 cum
1005 534 1055 587 illc

40 613 68 668 de
79 612 134 668 hac
144 631 183 668 re
197 612 334 686 quaestio
343 620 523 682 remaneret,
541 613 616 686 quod
634 631 699 670 eum
716 612 826 670 diceret
843 629 907 669 esse
924 611 1057 685 animam,

39 716 90 752 uon
102 698 207 771 potius
218 695 336 750 animae
348 704 515 750 creatorem.
558 691 639 750 Dicit
651 698 752 769 etiam,
769 699 901 772 antiquos
915 695 1058 753 Romanoa

40 781 94 852 plus
106 793 210 835 annos
221 783 342 832 'centurn
356 785 387 830 et
399 779 584 854 septuaginta
598 776 665 833 deos
679 780 741 834 sine
761 782 914 836 simulacro
927 782 1058 836 coluisse.

41 861 135 932 „Quod
149 863 180 916 si
196 859 306 930 adhuc,
320 859 429 934 inquit,
441 861 610 932 mansisset,
630 863 737 920 cestim
752 861 793 918 dii
804 861 1058 920 observarentur.“

42 944 117 1000 Cuius
131 943 307 1000 sententiae
321 959 393 996 auae
405 951 508 998 testem
525 941 641 1001 adhibet
658 945 733 1000 iuter
750 955 864 1004 caetera
881 947 968 1004 etiam
985 965 1058 1024 gen-

39 1025 258 1086 temludaeam:
282 1043 336 1080 nec
350 1021 462 1081 dubitat
474 1042 540 1082 eum
552 1026 649 1084 locum
662 1029 704 1084 lta
716 1029 902 1102 concludere,
921 1039 956 1086 ut
972 1029 1059 1101 dicat,

41 1114 82 1188 qui
94 1112 186 1185 primi
200 1109 359 1165 simulacra
373 1107 492 1164 deorum
507 1111 621 1184 populis
637 1121 811 1185 posuerunt,
829 1129 879 1170 ecs
895 1113 1059 1170 civitatibus

41 1199 136 1251 suiset
150 1202 268 1250 metum
282 1189 435 1263 demsisse,
454 1202 483 1248 et
499 1211 625 1250 errorem
643 1193 800 1260 addidisse3
826 1193 982 1269 prudenter
998 1198 1057 1251 exi·

43 1281 170 1347 adnuens,
184 1273 258 1331 deos
271 1273 358 1330 facile
370 1291 453 1348 posse
467 1276 498 1332 in
511 1277 725 1334 simulacrorum
738 1277 896 1334 stoliditate
907 1279 1053 1334 contemni

45 1360 119 1426 Quod
131 1377 203 1418 vero
216 1376 281 1414 non
295 1359 352 1427 ait,
364 1375 491 1414 errorem
509 1358 703 1430 tradiderunt;
718 1359 778 1430 sed,
792 1359 980 1430 eddideruut3
1005 1362 1061 1416 iaus

46 1444 140 1518 utique
148 1444 241 1499 fuisse
253 1441 343 1497 etiam
354 1441 418 1496 sine
427 1443 586 1498 simulacris
596 1443 721 1520 intelligi
733 1441 795 1500 vult
805 1459 940 1500 errorem.
984 1444 1061 1510 Qus-

48 1537 160 1599 propter
177 1515 339 1582 cum'solos
357 1521 428 1580 dicit
452 1523 687 1582 animaduertisse
708 1523 778 1602 quid
803 1536 880 1584 esset
893 1523 985 1593 Dens,
1012 1529 1061 1601 qui

48 1627 110 1665 eum
124 1609 273 1666 crederent
287 1608 411 1664 animaru
429 1608 566 1666 mundum
577 1607 800 1687 gubernantem,
819 1611 984 1685 castiusque
998 1611 1061 1666 exi·

47 1695 137 1749 sumat
151 1695 215 1750 sine
235 1692 401 1748 siumlacris
419 1691 563 1748 observari
589 1693 774 1772 religionem,
798 1695 863 1769 quis
880 1711 940 1750 uon
953 1692 1065 1752 'videat

44 1788 174 1851 quantum
185 1775 430 1851 propinquaverit
440 1771 573 1831 veritatil
604 1774 638 1832 Si
652 1777 728 1832 enim
740 1775 849 1852 aliquid
861 1787 962 1834 eontm
973 1786 1055 1834 vetu-

44 1871 137 1916 statem
158 1861 239 1916 tanti
258 1867 357 1932 posset
376 1859 499 1928 erroris,
524 1857 653 1932 prolecto
676 1869 706 1915 et
723 1877 812 1916 unum
829 1855 939 1929 Deum,
967 1875 1060 1934 aquo

43 1943 172 1998 mundum
187 1937 326 2000 crederet
338 1939 509 2018 gubernari,
528 1950 558 1996 et
574 1943 639 1998 sine
656 1941 809 2000 simulacro
827 1941 980 1998 colendum
997 1961 1060 1998 esse

43 2036 180 2098 censeret3
201 2034 295 2100 atquc
307 2025 339 2080 in
352 2033 411 2079 tem
424 2025 554 2098 proximo
568 2026 703 2082 inventus
716 2025 801 2082 facile
812 2025 936 2082 fortem
949 2024 984 2080 de
997 2026 1060 2080 sui-

43 2128 95 2164 nae
115 2107 322 2167 mutabilitate
340 2117 580 2178 commoneretur,
599 2116 632 2164 ut
643 2117 776 2164 naturum
791 2109 886 2182 potius
899 2109 1059 2166 iucommu-

44 2193 168 2264 tabilem,
183 2208 264 2267 quae
276 2191 367 2264 ipram
382 2207 493 2264 quoque
506 2192 630 2248 animam
643 2187 834 2262 condidisset,
851 2189 945 2248 Deum
957 2207 1059 2248 verum

43 2294 96 2331 esse
107 2278 251 2334 sentiret.
292 2269 372 2329 Haec
382 2291 445 2328 cum
459 2273 498 2329 ita
511 2275 580 2346 sint,
592 2291 781 2350 quaecuuque
794 2274 865 2330 tales
878 2275 935 2331 riri
948 2275 979 2332 in
997 2275 1059 2331 suis

44 2358 124 2414 literis
134 2359 300 2415 multorum
313 2353 431 2412 deorum
443 2355 564 2412 ludibria
576 2367 749 2432 posuerunt,
769 2357 902 2414 confiteri
915 2377 949 2414 es
965 2358 1059 2432 potius

44 2445 148 2498 occulta
162 2441 224 2498 Dei
247 2437 396 2495 voluntate
409 2441 547 2513 compulsi
567 2451 650 2510 sunt,
669 2460 754 2515 quam
770 2441 940 2515 persuadere
957 2441 1059 2496 conati.

44 2521 143 2599 Siqua
160 2527 260 2601 igitur
278 2521 345 2576 inde
363 2540 380 2576 a
396 2521 479 2578 nubis
493 2524 657 2578 testimonla
674 2523 874 2596 proferuntur,
894 2521 930 2577 ad
948 2540 996 2576 eos
1014 2539 1060 2576 re-

45 2606 224 2684 darguendos
244 2603 447 2680 proferuntur,
473 2606 524 2679 qui
541 2604 645 2660 uolunt
670 2603 821 2664 aduertere
842 2603 878 2658 de
903 2611 1008 2675 quauta
1033 2611 1061 2656 et

45 2708 128 2762 quam
138 2690 270 2766 maligne
283 2686 453 2744 doemonum¹
464 2693 608 2761 potestate
626 2703 678 2740 uos
692 2683 795 2740 liberet
806 2684 953 2760 singulare
972 2685 1061 2740 saeri-

45 2771 144 2827 licium
156 2781 215 2827 tam
227 2772 321 2828 sancti
333 2772 482 2846 sanguinis
493 2771 552 2826 lusi
566 2778 596 2826 et
609 2767 715 2827 denam
728 2769 845 2842 spiritus
858 2769 1003 2842 impertiti.

41 3034 84 3086 Ad
91 3051 173 3102 quom
187 3033 304 3102 speciem
315 2925 716 3100 strtcstdsdbridrsffedgebdscm
728 3031 801 3098 opud
811 3012 939 3084 subiectos
952 3030 1004 3082 sibi
1011 3043 1060 3097 po·

232 3099 404 3170 pelessalsos
415 3099 553 3167 religiones
564 3101 870 3168 colueruotpetmsssere.

76 3188 162 3248 Dicit
169 3175 674 3267 etiemdegenereticnibusdeorum
681 3185 1062 3267 magiasdpoetas,qsamed

38 3275 174 3352 physicos
189 3274 283 3330 fuisse
295 3273 417 3350 populos
430 3273 597 3342 inclinatos,
623 3279 654 3328 et
665 3271 730 3328 ideo
743 3281 773 3327 et
783 3285 886 3326 sexum
898 3279 928 3324 et
940 3287 1061 3346 genera·

36 3361 126 3416 tiones
142 3359 273 3414 deorum
287 3357 409 3412 maiores
422 3373 499 3424 sues,
511 3353 541 3410 id
554 3359 608 3424 est,
618 3365 730 3412 veteres
744 3353 897 3410 credidisse
906 3351 1061 3414 Romanos,
1147 3409 1150 3414 ,

35 3455 60 3500 et
70 3462 181 3502 eorum
190 3440 379 3496 constituisse
387 3439 531 3514 coniugia.
573 3437 655 3504 Quod
662 3439 762 3512 utique
775 3453 835 3492 non
846 3437 931 3491 abans
941 3435 977 3490 ob
992 3450 1060 3489 cau·

33 3543 90 3584 aem
104 3527 227 3583 factum
240 3521 369 3592 videtur,
381 3522 439 3578 nisi
454 3523 522 3596 quia
532 3519 678 3597 bominum
691 3521 771 3577 velut
782 3517 965 3592 prudentium
975 3524 1004 3570 et
1015 3531 1061 3569 ss·

33 3613 182 3684 pientinus
199 3606 354 3684 negotium
369 3603 425 3660 fuit
441 3605 577 3678 populum
593 3606 624 3660 in
641 3602 831 3679 religionibus
848 3599 963 3666 fallere,
984 3597 1061 3652 etin

35 3713 65 3748 eo
76 3697 143 3769 ipso
159 3709 224 3748 non
239 3689 336 3746 solum
347 3688 455 3758 colere,
476 3681 526 3744 sed
544 3688 653 3744 imitari
671 3688 757 3742 etiam
773 3683 941 3749 daemones,
958 3679 1061 3754 quibus

35 3781 165 3834 maxima
185 3784 230 3830 est
250 3767 373 3828 fallendi
388 3770 533 3844 cupiditas.
576 3768 660 3826 Sicut
677 3768 754 3824 enim
772 3766 923 3825 daemones
938 3763 996 3818 nisi
1012 3781 1062 3818 eos
1167 3776 1170 3783 ·

37 3880 103 3930 quos
119 3853 259 3916 fallendo
275 3852 453 3924 deceperint,
472 3851 618 3928 possidere
631 3867 689 3908 uon
707 3855 843 3983 Ριίιὲιιιιη
868 3845 909 3902 sie
926 3854 955 3902 et
971 3845 1061 3902 bonsi-
