<?xml version="1.0" encoding="UTF-8"?>
<!DOCTYPE html PUBLIC "-//W3C//DTD XHTML 1.0 Transitional//EN"
    "http://www.w3.org/TR/xhtml1/DTD/xhtml1-transitional.dtd">
<html xmlns="http://www.w3.org/1999/xhtml" xml:lang="en" lang="en">
 <head>
  <title>
</title>
<meta http-equiv="Content-Type" content="text/html;charset=utf-8" />
  <meta name='ocr-system' content='tesseract 3.04.00' />
  <meta name='ocr-capabilities' content='ocr_page ocr_carea ocr_par ocr_line ocrx_word'/>
</head>
<body>
  <div class='ocr_page' id='page_1' title='image "./saureliiaugusti02augugoog_0167.png"; bbox 0 0 2586 4396; ppageno 0'>
   <div class='ocr_carea' id='block_1_1' title="bbox 230 221 1039 296">
    <p class='ocr_par' dir='ltr' id='par_1_1' title="bbox 230 221 1039 296">
     <span class='ocr_line' id='line_1_1' title="bbox 230 221 1039 296; baseline -0.023 0"><span class='ocrx_word' id='word_1_1' title='bbox 230 240 285 296; x_wconf 77' lang='lat'>162</span> <span class='ocrx_word' id='word_1_2' title='bbox 454 231 549 290; x_wconf 89' lang='lat' dir='ltr'>DlVl</span> <span class='ocrx_word' id='word_1_3' title='bbox 570 225 758 288; x_wconf 84' lang='lat' dir='ltr'>AVRELH</span> <span class='ocrx_word' id='word_1_4' title='bbox 779 221 901 282; x_wconf 85' lang='lat' dir='ltr'>AVGV</span> <span class='ocrx_word' id='word_1_5' title='bbox 913 221 1039 280; x_wconf 83' lang='lat' dir='ltr'>STlNi</span> 
     </span>
    </p>
   </div>
   <div class='ocr_carea' id='block_1_2' title="bbox 226 375 1271 465">
    <p class='ocr_par' dir='ltr' id='par_1_2' title="bbox 226 375 1271 465">
     <span class='ocr_line' id='line_1_2' title="bbox 226 375 1271 465; baseline -0.013 -19"><span class='ocrx_word' id='word_1_6' title='bbox 226 406 312 465; x_wconf 86' lang='lat' dir='ltr'>quam</span> <span class='ocrx_word' id='word_1_7' title='bbox 331 386 507 460; x_wconf 69' lang='lat' dir='ltr'>imperiosae</span> <span class='ocrx_word' id='word_1_8' title='bbox 525 381 640 439; x_wconf 85' lang='lat' dir='ltr'>cuidam</span> <span class='ocrx_word' id='word_1_9' title='bbox 663 387 693 435; x_wconf 92' lang='lat' dir='ltr'>et</span> <span class='ocrx_word' id='word_1_10' title='bbox 716 375 890 433; x_wconf 76' lang='lat' dir='ltr'><strong>inhonestae</strong></span> <span class='ocrx_word' id='word_1_11' title='bbox 913 375 1105 431; x_wconf 87' lang='lat' dir='ltr'>mulierculae</span> <span class='ocrx_word' id='word_1_12' title='bbox 1129 375 1271 432; x_wconf 75' lang='lat' dir='ltr'>servient</span> 
     </span>
    </p>
   </div>
   <div class='ocr_carea' id='block_1_3' title="bbox 226 458 1278 1788">
    <p class='ocr_par' dir='ltr' id='par_1_3' title="bbox 226 458 1278 1788">
     <span class='ocr_line' id='line_1_3' title="bbox 227 458 1272 546; baseline -0.014 -17"><span class='ocrx_word' id='word_1_13' title='bbox 227 470 378 546; x_wconf 86' lang='lat' dir='ltr'>voluptati</span> <span class='ocrx_word' id='word_1_14' title='bbox 406 465 487 525; x_wconf 90' lang='lat' dir='ltr'>Nihil</span> <span class='ocrx_word' id='word_1_15' title='bbox 508 464 562 521; x_wconf 89' lang='lat' dir='ltr'>hec</span> <span class='ocrx_word' id='word_1_16' title='bbox 584 465 699 537; x_wconf 78' lang='lat' dir='ltr'>pictura</span> <span class='ocrx_word' id='word_1_17' title='bbox 723 459 827 516; x_wconf 89' lang='lat' dir='ltr'>dicunt</span> <span class='ocrx_word' id='word_1_18' title='bbox 846 476 910 515; x_wconf 88' lang='lat' dir='ltr'>esse</span> <span class='ocrx_word' id='word_1_19' title='bbox 924 458 1151 534; x_wconf 75' lang='lat' dir='ltr'>ignominiosius</span> <span class='ocrx_word' id='word_1_20' title='bbox 1165 467 1196 513; x_wconf 90' lang='lat' dir='ltr'>et</span> <span class='ocrx_word' id='word_1_21' title='bbox 1209 458 1272 514; x_wconf 93' lang='lat' dir='ltr'>de-</span> 
     </span>
     <span class='ocr_line' id='line_1_4' title="bbox 226 538 1272 625; baseline -0.013 -13"><span class='ocrx_word' id='word_1_22' title='bbox 226 556 362 624; x_wconf 83' lang='lat' dir='ltr'>formius,</span> <span class='ocrx_word' id='word_1_23' title='bbox 389 560 419 608; x_wconf 91' lang='lat' dir='ltr'>et</span> <span class='ocrx_word' id='word_1_24' title='bbox 431 549 508 625; x_wconf 83' lang='lat' dir='ltr'>quod</span> <span class='ocrx_word' id='word_1_25' title='bbox 521 549 618 604; x_wconf 86' lang='lat' dir='ltr'>minus</span> <span class='ocrx_word' id='word_1_26' title='bbox 631 545 710 602; x_wconf 76' lang='lat' dir='ltr'>ferre</span> <span class='ocrx_word' id='word_1_27' title='bbox 722 544 866 620; x_wconf 82' lang='lat' dir='ltr'>bonorum</span> <span class='ocrx_word' id='word_1_28' title='bbox 878 542 971 614; x_wconf 79' lang='lat' dir='ltr'>possit</span> <span class='ocrx_word' id='word_1_29' title='bbox 983 538 1152 615; x_wconf 88' lang='lat' dir='ltr'>adspectus:</span> <span class='ocrx_word' id='word_1_30' title='bbox 1167 549 1197 596; x_wconf 91' lang='lat' dir='ltr'>et</span> <span class='ocrx_word' id='word_1_31' title='bbox 1209 559 1272 598; x_wconf 82' lang='lat' dir='ltr'>ve-</span> 
     </span>
     <span class='ocr_line' id='line_1_5' title="bbox 227 623 1272 698; baseline -0.012 -4"><span class='ocrx_word' id='word_1_32' title='bbox 227 657 292 694; x_wconf 89' lang='lat' dir='ltr'>rum</span> <span class='ocrx_word' id='word_1_33' title='bbox 304 635 417 693; x_wconf 89' lang='lat' dir='ltr'>dicuat.</span> <span class='ocrx_word' id='word_1_34' title='bbox 442 631 502 690; x_wconf 88' lang='lat' dir='ltr'>Sed</span> <span class='ocrx_word' id='word_1_35' title='bbox 520 649 580 687; x_wconf 91' lang='lat' dir='ltr'>non</span> <span class='ocrx_word' id='word_1_36' title='bbox 599 629 736 686; x_wconf 84' lang='lat' dir='ltr'>existimo</span> <span class='ocrx_word' id='word_1_37' title='bbox 756 626 828 682; x_wconf 90' lang='lat' dir='ltr'>satis</span> <span class='ocrx_word' id='word_1_38' title='bbox 846 624 937 681; x_wconf 92' lang='lat' dir='ltr'>debiti</span> <span class='ocrx_word' id='word_1_39' title='bbox 956 623 1072 680; x_wconf 90' lang='lat' dir='ltr'>decoris</span> <span class='ocrx_word' id='word_1_40' title='bbox 1085 642 1151 679; x_wconf 89' lang='lat' dir='ltr'>esse</span> <span class='ocrx_word' id='word_1_41' title='bbox 1163 625 1272 698; x_wconf 88' lang='lat' dir='ltr'>pictu-</span> 
     </span>
     <span class='ocr_line' id='line_1_6' title="bbox 228 705 1273 790; baseline -0.013 -12"><span class='ocrx_word' id='word_1_42' title='bbox 228 739 300 789; x_wconf 88' lang='lat' dir='ltr'>ram,</span> <span class='ocrx_word' id='word_1_43' title='bbox 324 719 350 775; x_wconf 88' lang='lat' dir='ltr'>si</span> <span class='ocrx_word' id='word_1_44' title='bbox 363 719 450 773; x_wconf 87' lang='lat' dir='ltr'>etiam</span> <span class='ocrx_word' id='word_1_45' title='bbox 463 716 529 771; x_wconf 85' lang='lat' dir='ltr'>talis</span> <span class='ocrx_word' id='word_1_46' title='bbox 542 713 682 790; x_wconf 86' lang='lat' dir='ltr'>fingatur,</span> <span class='ocrx_word' id='word_1_47' title='bbox 710 711 760 767; x_wconf 92' lang='lat' dir='ltr'>ubi</span> <span class='ocrx_word' id='word_1_48' title='bbox 774 710 903 766; x_wconf 84' lang='lat' dir='ltr'>virtutes</span> <span class='ocrx_word' id='word_1_49' title='bbox 913 705 1057 764; x_wconf 88' lang='lat' dir='ltr'>humanae</span> <span class='ocrx_word' id='word_1_50' title='bbox 1070 709 1183 785; x_wconf 88' lang='lat' dir='ltr'>gloriae</span> <span class='ocrx_word' id='word_1_51' title='bbox 1197 725 1273 764; x_wconf 88' lang='lat' dir='ltr'>ser-</span> 
     </span>
     <span class='ocr_line' id='line_1_7' title="bbox 228 788 1273 874; baseline -0.012 -14"><span class='ocrx_word' id='word_1_52' title='bbox 228 806 318 861; x_wconf 82' lang='lat' dir='ltr'>viant.</span> <span class='ocrx_word' id='word_1_53' title='bbox 344 801 427 857; x_wconf 84' lang='lat' dir='ltr'>Licet</span> <span class='ocrx_word' id='word_1_54' title='bbox 440 799 518 854; x_wconf 90' lang='lat' dir='ltr'>enim</span> <span class='ocrx_word' id='word_1_55' title='bbox 531 797 589 853; x_wconf 87' lang='lat' dir='ltr'>ista</span> <span class='ocrx_word' id='word_1_56' title='bbox 601 795 695 874; x_wconf 85' lang='lat' dir='ltr'>gloria</span> <span class='ocrx_word' id='word_1_57' title='bbox 710 793 833 849; x_wconf 89' lang='lat' dir='ltr'>delicato</span> <span class='ocrx_word' id='word_1_58' title='bbox 846 792 951 848; x_wconf 90' lang='lat' dir='ltr'>mulier</span> <span class='ocrx_word' id='word_1_59' title='bbox 965 809 1025 848; x_wconf 91' lang='lat' dir='ltr'>non</span> <span class='ocrx_word' id='word_1_60' title='bbox 1039 792 1088 861; x_wconf 84' lang='lat' dir='ltr'>sit,</span> <span class='ocrx_word' id='word_1_61' title='bbox 1101 788 1203 846; x_wconf 87' lang='lat' dir='ltr'>inflata</span> <span class='ocrx_word' id='word_1_62' title='bbox 1219 800 1273 848; x_wconf 89' lang='lat' dir='ltr'>ta-</span> 
     </span>
     <span class='ocr_line' id='line_1_8' title="bbox 227 872 1276 954; baseline -0.01 -11"><span class='ocrx_word' id='word_1_63' title='bbox 227 904 294 943; x_wconf 89' lang='lat' dir='ltr'>men</span> <span class='ocrx_word' id='word_1_64' title='bbox 308 893 364 954; x_wconf 89' lang='lat' dir='ltr'>est,</span> <span class='ocrx_word' id='word_1_65' title='bbox 384 891 414 937; x_wconf 92' lang='lat' dir='ltr'>et</span> <span class='ocrx_word' id='word_1_66' title='bbox 426 883 550 938; x_wconf 87' lang='lat' dir='ltr'>multmn</span> <span class='ocrx_word' id='word_1_67' title='bbox 563 879 716 936; x_wconf 84' lang='lat' dir='ltr'>inanitatis</span> <span class='ocrx_word' id='word_1_68' title='bbox 729 875 824 932; x_wconf 90' lang='lat' dir='ltr'>habet.</span> <span class='ocrx_word' id='word_1_69' title='bbox 855 872 939 930; x_wconf 91' lang='lat' dir='ltr'>Vnde</span> <span class='ocrx_word' id='word_1_70' title='bbox 952 891 1011 930; x_wconf 91' lang='lat' dir='ltr'>non</span> <span class='ocrx_word' id='word_1_71' title='bbox 1026 875 1054 929; x_wconf 92' lang='lat' dir='ltr'>ei</span> <span class='ocrx_word' id='word_1_72' title='bbox 1067 873 1156 951; x_wconf 89' lang='lat' dir='ltr'>digne</span> <span class='ocrx_word' id='word_1_73' title='bbox 1170 877 1276 932; x_wconf 85' lang='lat' dir='ltr'>servit</span> 
     </span>
     <span class='ocr_line' id='line_1_9' title="bbox 228 955 1275 1039; baseline -0.009 -15"><span class='ocrx_word' id='word_1_74' title='bbox 228 965 360 1025; x_wconf 80' lang='lat' dir='ltr'>soliditas</span> <span class='ocrx_word' id='word_1_75' title='bbox 376 963 518 1039; x_wconf 87' lang='lat' dir='ltr'>quaedam</span> <span class='ocrx_word' id='word_1_76' title='bbox 531 962 712 1035; x_wconf 79' lang='lat' dir='ltr'>firmitasque</span> <span class='ocrx_word' id='word_1_77' title='bbox 725 960 880 1028; x_wconf 80' lang='lat' dir='ltr'>virtutum,</span> <span class='ocrx_word' id='word_1_78' title='bbox 896 966 930 1013; x_wconf 92' lang='lat' dir='ltr'>ut</span> <span class='ocrx_word' id='word_1_79' title='bbox 943 955 1015 1014; x_wconf 91' lang='lat' dir='ltr'>nihil</span> <span class='ocrx_word' id='word_1_80' title='bbox 1027 957 1180 1031; x_wconf 81' lang='lat' dir='ltr'>provideat</span> <span class='ocrx_word' id='word_1_81' title='bbox 1192 976 1275 1030; x_wconf 89' lang='lat' dir='ltr'>pru-</span> 
     </span>
     <span class='ocr_line' id='line_1_10' title="bbox 228 1038 1277 1120; baseline -0.01 -12"><span class='ocrx_word' id='word_1_82' title='bbox 228 1051 339 1120; x_wconf 89' lang='lat' dir='ltr'>dentia,</span> <span class='ocrx_word' id='word_1_83' title='bbox 364 1047 436 1104; x_wconf 90' lang='lat' dir='ltr'>nihil</span> <span class='ocrx_word' id='word_1_84' title='bbox 458 1045 615 1107; x_wconf 75' lang='lat' dir='ltr'>distribuat</span> <span class='ocrx_word' id='word_1_85' title='bbox 637 1044 765 1113; x_wconf 89' lang='lat' dir='ltr'>iustitia,</span> <span class='ocrx_word' id='word_1_86' title='bbox 789 1038 863 1096; x_wconf 89' lang='lat' dir='ltr'>nibil</span> <span class='ocrx_word' id='word_1_87' title='bbox 886 1042 992 1096; x_wconf 88' lang='lat' dir='ltr'>toleret</span> <span class='ocrx_word' id='word_1_88' title='bbox 1012 1039 1164 1111; x_wconf 88' lang='lat' dir='ltr'>fortitudo,</span> <span class='ocrx_word' id='word_1_89' title='bbox 1191 1040 1277 1098; x_wconf 90' lang='lat' dir='ltr'>nihil</span> 
     </span>
     <span class='ocr_line' id='line_1_11' title="bbox 229 1121 1276 1207; baseline -0.008 -18"><span class='ocrx_word' id='word_1_90' title='bbox 229 1131 423 1207; x_wconf 89' lang='lat' dir='ltr'>temperantia</span> <span class='ocrx_word' id='word_1_91' title='bbox 437 1129 622 1200; x_wconf 78' lang='lat' dir='ltr'>moderetur,</span> <span class='ocrx_word' id='word_1_92' title='bbox 643 1127 702 1182; x_wconf 90' lang='lat' dir='ltr'>nisi</span> <span class='ocrx_word' id='word_1_93' title='bbox 715 1124 793 1182; x_wconf 90' lang='lat' dir='ltr'>unde</span> <span class='ocrx_word' id='word_1_94' title='bbox 805 1125 957 1198; x_wconf 88' lang='lat' dir='ltr'>placeatur</span> <span class='ocrx_word' id='word_1_95' title='bbox 969 1121 1133 1179; x_wconf 89' lang='lat' dir='ltr'>bominibus</span> <span class='ocrx_word' id='word_1_96' title='bbox 1148 1132 1178 1178; x_wconf 92' lang='lat' dir='ltr'>et</span> <span class='ocrx_word' id='word_1_97' title='bbox 1191 1143 1276 1182; x_wconf 86' lang='lat' dir='ltr'>ven-</span> 
     </span>
     <span class='ocr_line' id='line_1_12' title="bbox 228 1205 1276 1292; baseline -0.008 -19"><span class='ocrx_word' id='word_1_98' title='bbox 228 1227 311 1273; x_wconf 86' lang='lat' dir='ltr'>tosae</span> <span class='ocrx_word' id='word_1_99' title='bbox 325 1215 439 1292; x_wconf 88' lang='lat' dir='ltr'>gloriae</span> <span class='ocrx_word' id='word_1_100' title='bbox 453 1213 608 1268; x_wconf 78' lang='lat' dir='ltr'>serviatur.</span> <span class='ocrx_word' id='word_1_101' title='bbox 623 1209 685 1266; x_wconf 91' lang='lat' dir='ltr'>Nec</span> <span class='ocrx_word' id='word_1_102' title='bbox 699 1211 743 1267; x_wconf 89' lang='lat' dir='ltr'>illi</span> <span class='ocrx_word' id='word_1_103' title='bbox 754 1226 786 1264; x_wconf 92' lang='lat' dir='ltr'>se</span> <span class='ocrx_word' id='word_1_104' title='bbox 795 1207 830 1263; x_wconf 89' lang='lat' dir='ltr'>ab</span> <span class='ocrx_word' id='word_1_105' title='bbox 842 1208 900 1263; x_wconf 85' lang='lat' dir='ltr'>ista</span> <span class='ocrx_word' id='word_1_106' title='bbox 913 1206 1054 1263; x_wconf 84' lang='lat' dir='ltr'>foeditate</span> <span class='ocrx_word' id='word_1_107' title='bbox 1068 1205 1276 1278; x_wconf 75' lang='lat' dir='ltr'>defenderint,</span> 
     </span>
     <span class='ocr_line' id='line_1_13' title="bbox 228 1290 1277 1374; baseline -0.007 -18"><span class='ocrx_word' id='word_1_108' title='bbox 228 1300 280 1374; x_wconf 86' lang='lat' dir='ltr'>qui</span> <span class='ocrx_word' id='word_1_109' title='bbox 293 1315 359 1354; x_wconf 79' lang='lat' dir='ltr'>oram</span> <span class='ocrx_word' id='word_1_110' title='bbox 372 1297 469 1352; x_wconf 87' lang='lat' dir='ltr'>aliena</span> <span class='ocrx_word' id='word_1_111' title='bbox 482 1302 624 1370; x_wconf 84' lang='lat' dir='ltr'>spernent</span> <span class='ocrx_word' id='word_1_112' title='bbox 636 1291 747 1349; x_wconf 89' lang='lat' dir='ltr'>iudicia</span> <span class='ocrx_word' id='word_1_113' title='bbox 759 1291 840 1348; x_wconf 87' lang='lat' dir='ltr'>velut</span> <span class='ocrx_word' id='word_1_114' title='bbox 852 1290 966 1368; x_wconf 87' lang='lat' dir='ltr'>gloriae</span> <span class='ocrx_word' id='word_1_115' title='bbox 983 1297 1194 1360; x_wconf 77' lang='lat' dir='ltr'>contemtores,</span> <span class='ocrx_word' id='word_1_116' title='bbox 1211 1293 1277 1349; x_wconf 90' lang='lat' dir='ltr'>sibi</span> 
     </span>
     <span class='ocr_line' id='line_1_14' title="bbox 228 1371 1276 1458; baseline -0.007 -20"><span class='ocrx_word' id='word_1_117' title='bbox 228 1383 375 1458; x_wconf 89' lang='lat' dir='ltr'>sapientes</span> <span class='ocrx_word' id='word_1_118' title='bbox 388 1378 526 1436; x_wconf 83' lang='lat' dir='ltr'>videntur</span> <span class='ocrx_word' id='word_1_119' title='bbox 539 1386 570 1434; x_wconf 91' lang='lat' dir='ltr'>et</span> <span class='ocrx_word' id='word_1_120' title='bbox 583 1377 639 1433; x_wconf 91' lang='lat' dir='ltr'>sibi</span> <span class='ocrx_word' id='word_1_121' title='bbox 650 1377 775 1452; x_wconf 89' lang='lat' dir='ltr'>placent.</span> <span class='ocrx_word' id='word_1_122' title='bbox 802 1371 877 1430; x_wconf 86' lang='lat' dir='ltr'>Nam</span> <span class='ocrx_word' id='word_1_123' title='bbox 890 1391 991 1430; x_wconf 87' lang='lat' dir='ltr'>eorum</span> <span class='ocrx_word' id='word_1_124' title='bbox 1004 1373 1111 1443; x_wconf 84' lang='lat' dir='ltr'>virtus,</span> <span class='ocrx_word' id='word_1_125' title='bbox 1125 1373 1151 1428; x_wconf 90' lang='lat' dir='ltr'>si</span> <span class='ocrx_word' id='word_1_126' title='bbox 1164 1381 1276 1431; x_wconf 88' lang='lat' dir='ltr'>tamen</span> 
     </span>
     <span class='ocr_line' id='line_1_15' title="bbox 228 1454 1278 1535; baseline -0.007 -14"><span class='ocrx_word' id='word_1_127' title='bbox 228 1467 288 1522; x_wconf 82' lang='lat' dir='ltr'>ulla</span> <span class='ocrx_word' id='word_1_128' title='bbox 311 1472 373 1534; x_wconf 89' lang='lat' dir='ltr'>est,</span> <span class='ocrx_word' id='word_1_129' title='bbox 399 1463 457 1517; x_wconf 86' lang='lat' dir='ltr'>alic</span> <span class='ocrx_word' id='word_1_130' title='bbox 470 1459 555 1517; x_wconf 87' lang='lat' dir='ltr'>modo</span> <span class='ocrx_word' id='word_1_131' title='bbox 575 1458 700 1535; x_wconf 90' lang='lat' dir='ltr'>quodam</span> <span class='ocrx_word' id='word_1_132' title='bbox 715 1457 861 1515; x_wconf 85' lang='lat' dir='ltr'>humanae</span> <span class='ocrx_word' id='word_1_133' title='bbox 883 1456 1017 1514; x_wconf 87' lang='lat' dir='ltr'>subditur</span> <span class='ocrx_word' id='word_1_134' title='bbox 1039 1454 1127 1512; x_wconf 88' lang='lat' dir='ltr'>laudi.</span> <span class='ocrx_word' id='word_1_135' title='bbox 1161 1454 1278 1532; x_wconf 87' lang='lat' dir='ltr'>Neque</span> 
     </span>
     <span class='ocr_line' id='line_1_16' title="bbox 228 1539 1278 1620; baseline -0.005 -17"><span class='ocrx_word' id='word_1_136' title='bbox 228 1547 308 1605; x_wconf 89' lang='lat' dir='ltr'>enirn</span> <span class='ocrx_word' id='word_1_137' title='bbox 320 1547 383 1620; x_wconf 87' lang='lat' dir='ltr'>ipse</span> <span class='ocrx_word' id='word_1_138' title='bbox 396 1545 448 1619; x_wconf 88' lang='lat' dir='ltr'>qui</span> <span class='ocrx_word' id='word_1_139' title='bbox 462 1544 519 1600; x_wconf 87' lang='lat' dir='ltr'>sibi</span> <span class='ocrx_word' id='word_1_140' title='bbox 530 1544 636 1616; x_wconf 84' lang='lat' dir='ltr'>placet,</span> <span class='ocrx_word' id='word_1_141' title='bbox 649 1540 735 1600; x_wconf 87' lang='lat' dir='ltr'>horno</span> <span class='ocrx_word' id='word_1_142' title='bbox 748 1559 810 1598; x_wconf 90' lang='lat' dir='ltr'>non</span> <span class='ocrx_word' id='word_1_143' title='bbox 824 1549 878 1596; x_wconf 86' lang='lat' dir='ltr'>est.</span> <span class='ocrx_word' id='word_1_144' title='bbox 893 1541 1060 1608; x_wconf 73' lang='lat' dir='ltr'>durantem</span> <span class='ocrx_word' id='word_1_145' title='bbox 1069 1555 1142 1596; x_wconf 82' lang='lat' dir='ltr'>vera</span> <span class='ocrx_word' id='word_1_146' title='bbox 1154 1539 1278 1614; x_wconf 86' lang='lat' dir='ltr'>pietate</span> 
     </span>
     <span class='ocr_line' id='line_1_17' title="bbox 229 1621 1278 1704; baseline -0.003 -20"><span class='ocrx_word' id='word_1_147' title='bbox 229 1632 260 1686; x_wconf 91' lang='lat' dir='ltr'>in</span> <span class='ocrx_word' id='word_1_148' title='bbox 274 1627 383 1697; x_wconf 87' lang='lat' dir='ltr'>Deum,</span> <span class='ocrx_word' id='word_1_149' title='bbox 396 1644 483 1701; x_wconf 82' lang='lat' dir='ltr'>quens</span> <span class='ocrx_word' id='word_1_150' title='bbox 496 1625 611 1704; x_wconf 79' lang='lat' dir='ltr'>diligit,</span> <span class='ocrx_word' id='word_1_151' title='bbox 634 1624 772 1681; x_wconf 82' lang='lat' dir='ltr'>credit&#39;et</span> <span class='ocrx_word' id='word_1_152' title='bbox 784 1633 892 1700; x_wconf 90' lang='lat' dir='ltr'>sperat,</span> <span class='ocrx_word' id='word_1_153' title='bbox 917 1625 981 1700; x_wconf 85' lang='lat' dir='ltr'>plus</span> <span class='ocrx_word' id='word_1_154' title='bbox 995 1621 1125 1680; x_wconf 87' lang='lat' dir='ltr'>intendit</span> <span class='ocrx_word' id='word_1_155' title='bbox 1137 1623 1171 1678; x_wconf 92' lang='lat' dir='ltr'>in</span> <span class='ocrx_word' id='word_1_156' title='bbox 1188 1641 1230 1680; x_wconf 87' lang='lat' dir='ltr'>ea</span> <span class='ocrx_word' id='word_1_157' title='bbox 1245 1627 1278 1681; x_wconf 93' lang='lat' dir='ltr'>in</span> 
     </span>
     <span class='ocr_line' id='line_1_18' title="bbox 229 1707 1278 1788; baseline -0.003 -20"><span class='ocrx_word' id='word_1_158' title='bbox 229 1712 333 1788; x_wconf 84' lang='lat' dir='ltr'>quibus</span> <span class='ocrx_word' id='word_1_159' title='bbox 348 1711 404 1767; x_wconf 88' lang='lat' dir='ltr'>sibi</span> <span class='ocrx_word' id='word_1_160' title='bbox 419 1709 563 1784; x_wconf 88' lang='lat' dir='ltr'>displicet,</span> <span class='ocrx_word' id='word_1_161' title='bbox 578 1727 665 1784; x_wconf 89' lang='lat' dir='ltr'>quam</span> <span class='ocrx_word' id='word_1_162' title='bbox 677 1709 709 1766; x_wconf 92' lang='lat' dir='ltr'>in</span> <span class='ocrx_word' id='word_1_163' title='bbox 724 1726 768 1780; x_wconf 89' lang='lat' dir='ltr'>ea,</span> <span class='ocrx_word' id='word_1_164' title='bbox 783 1710 809 1764; x_wconf 88' lang='lat' dir='ltr'>si</span> <span class='ocrx_word' id='word_1_165' title='bbox 823 1725 881 1782; x_wconf 89' lang='lat' dir='ltr'>qua</span> <span class='ocrx_word' id='word_1_166' title='bbox 893 1707 924 1763; x_wconf 92' lang='lat' dir='ltr'>in</span> <span class='ocrx_word' id='word_1_167' title='bbox 938 1707 988 1763; x_wconf 86' lang='lat' dir='ltr'>illo</span> <span class='ocrx_word' id='word_1_168' title='bbox 1003 1714 1090 1776; x_wconf 88' lang='lat' dir='ltr'>sunt,</span> <span class='ocrx_word' id='word_1_169' title='bbox 1114 1723 1192 1780; x_wconf 86' lang='lat' dir='ltr'>quae</span> <span class='ocrx_word' id='word_1_170' title='bbox 1208 1727 1278 1765; x_wconf 91' lang='lat' dir='ltr'>non</span> 
     </span>
    </p>
   </div>
   <div class='ocr_carea' id='block_1_4' title="bbox 120 1788 1278 1874">
    <p class='ocr_par' dir='ltr' id='par_1_4' title="bbox 120 1788 1278 1874">
     <span class='ocr_line' id='line_1_19' title="bbox 120 1788 1278 1874; baseline -0.003 -23"><span class='ocrx_word' id='word_1_171' title='bbox 120 1869 122 1874; x_wconf 14' lang='grc' dir='ltr'><strong><em>Α</em></strong></span> <span class='ocrx_word' id='word_1_172' title='bbox 229 1806 289 1851; x_wconf 89' lang='lat' dir='ltr'>tarn</span> <span class='ocrx_word' id='word_1_173' title='bbox 301 1795 359 1868; x_wconf 91' lang='lat' dir='ltr'>ipsi</span> <span class='ocrx_word' id='word_1_174' title='bbox 372 1811 457 1868; x_wconf 87' lang='lat' dir='ltr'>quam</span> <span class='ocrx_word' id='word_1_175' title='bbox 470 1793 589 1849; x_wconf 87' lang='lat' dir='ltr'>veritati</span> <span class='ocrx_word' id='word_1_176' title='bbox 601 1793 733 1866; x_wconf 89' lang='lat' dir='ltr'>placent:</span> <span class='ocrx_word' id='word_1_177' title='bbox 756 1808 852 1866; x_wconf 88' lang='lat' dir='ltr'>neque</span> <span class='ocrx_word' id='word_1_178' title='bbox 865 1789 896 1846; x_wconf 92' lang='lat' dir='ltr'>id</span> <span class='ocrx_word' id='word_1_179' title='bbox 909 1790 1022 1861; x_wconf 90' lang='lat' dir='ltr'>tribuit,</span> <span class='ocrx_word' id='word_1_180' title='bbox 1036 1788 1114 1845; x_wconf 90' lang='lat' dir='ltr'>unde</span> <span class='ocrx_word' id='word_1_181' title='bbox 1127 1790 1189 1845; x_wconf 90' lang='lat' dir='ltr'>iarn</span> <span class='ocrx_word' id='word_1_182' title='bbox 1203 1803 1278 1865; x_wconf 92' lang='lat' dir='ltr'>pot-</span> 
     </span>
    </p>
   </div>
   <div class='ocr_carea' id='block_1_5' title="bbox 228 1871 1279 2038">
    <p class='ocr_par' dir='ltr' id='par_1_5' title="bbox 228 1871 1279 2038">
     <span class='ocr_line' id='line_1_20' title="bbox 231 1871 1279 1952; baseline -0.001 -19"><span class='ocrx_word' id='word_1_183' title='bbox 231 1887 276 1933; x_wconf 86' lang='lat' dir='ltr'>est</span> <span class='ocrx_word' id='word_1_184' title='bbox 287 1878 414 1952; x_wconf 90' lang='lat' dir='ltr'>placcre,</span> <span class='ocrx_word' id='word_1_185' title='bbox 440 1875 498 1931; x_wconf 84' lang='lat' dir='ltr'>nisi</span> <span class='ocrx_word' id='word_1_186' title='bbox 511 1876 575 1931; x_wconf 90' lang='lat' dir='ltr'>eius</span> <span class='ocrx_word' id='word_1_187' title='bbox 588 1875 819 1945; x_wconf 73' lang='lat' dir='ltr'>misericordiae,</span> <span class='ocrx_word' id='word_1_188' title='bbox 846 1875 895 1930; x_wconf 91' lang='lat' dir='ltr'>cui</span> <span class='ocrx_word' id='word_1_189' title='bbox 907 1874 1014 1930; x_wconf 89' lang='lat' dir='ltr'>metuit</span> <span class='ocrx_word' id='word_1_190' title='bbox 1028 1871 1208 1946; x_wconf 75' lang='lat' dir='ltr'>displicere,</span> <span class='ocrx_word' id='word_1_191' title='bbox 1241 1876 1279 1932; x_wconf 92' lang='lat' dir='ltr'>de</span> 
     </span>
     <span class='ocr_line' id='line_1_21' title="bbox 228 1955 1187 2038; baseline -0.002 -23"><span class='ocrx_word' id='word_1_192' title='bbox 228 1959 274 2017; x_wconf 86' lang='lat' dir='ltr'>his</span> <span class='ocrx_word' id='word_1_193' title='bbox 289 1959 400 2017; x_wconf 87' lang='lat' dir='ltr'>sanatis</span> <span class='ocrx_word' id='word_1_194' title='bbox 414 1960 525 2036; x_wconf 87' lang='lat' dir='ltr'>gratias</span> <span class='ocrx_word' id='word_1_195' title='bbox 540 1975 643 2036; x_wconf 84' lang='lat' dir='ltr'>agens,</span> <span class='ocrx_word' id='word_1_196' title='bbox 657 1957 692 2014; x_wconf 89' lang='lat' dir='ltr'>dc</span> <span class='ocrx_word' id='word_1_197' title='bbox 706 1959 764 2013; x_wconf 86' lang='lat' dir='ltr'>illis</span> <span class='ocrx_word' id='word_1_198' title='bbox 779 1955 917 2014; x_wconf 81' lang='lat' dir='ltr'>raanandi</span> <span class='ocrx_word' id='word_1_199' title='bbox 930 1974 1032 2032; x_wconf 87' lang='lat' dir='ltr'>preces</span> <span class='ocrx_word' id='word_1_200' title='bbox 1046 1955 1187 2038; x_wconf 81' lang='lat' dir='ltr'>fundens.</span> 
     </span>
    </p>
   </div>
   <div class='ocr_carea' id='block_1_6' title="bbox 624 2117 871 2181">
    <p class='ocr_par' dir='ltr' id='par_1_6' title="bbox 624 2117 871 2181">
     <span class='ocr_line' id='line_1_22' title="bbox 624 2117 871 2181; baseline -0.012 0"><span class='ocrx_word' id='word_1_201' title='bbox 624 2121 726 2181; x_wconf 81' lang='lat' dir='ltr'><strong>CAP.</strong></span> <span class='ocrx_word' id='word_1_202' title='bbox 757 2117 871 2178; x_wconf 81' lang='lat' dir='ltr'><strong>XXI.</strong></span> 
     </span>
    </p>
   </div>
   <div class='ocr_carea' id='block_1_7' title="bbox 231 2217 1282 2356">
    <p class='ocr_par' dir='ltr' id='par_1_7' title="bbox 231 2217 1282 2356">
     <span class='ocr_line' id='line_1_23' title="bbox 231 2217 1282 2289; baseline 0.004 -17"><span class='ocrx_word' id='word_1_203' title='bbox 231 2221 380 2274; x_wconf 74' lang='lat' dir='ltr'>Rauranum</span> <span class='ocrx_word' id='word_1_204' title='bbox 394 2235 507 2288; x_wconf 80' lang='lat' dir='ltr'>reguum</span> <span class='ocrx_word' id='word_1_205' title='bbox 522 2236 539 2270; x_wconf 87' lang='lat' dir='ltr'>a</span> <span class='ocrx_word' id='word_1_206' title='bbox 554 2217 613 2270; x_wconf 88' lang='lat' dir='ltr'>Deo</span> <span class='ocrx_word' id='word_1_207' title='bbox 628 2233 690 2268; x_wconf 84' lang='lat' dir='ltr'>cero</span> <span class='ocrx_word' id='word_1_208' title='bbox 706 2231 760 2268; x_wconf 80' lang='lat' dir='ltr'>esse</span> <span class='ocrx_word' id='word_1_209' title='bbox 770 2217 937 2285; x_wconf 73' lang='lat' dir='ltr'>dispositum,</span> <span class='ocrx_word' id='word_1_210' title='bbox 957 2234 1036 2286; x_wconf 82' lang='lat' dir='ltr'>aquo</span> <span class='ocrx_word' id='word_1_211' title='bbox 1047 2225 1088 2270; x_wconf 79' lang='lat' dir='ltr'>est</span> <span class='ocrx_word' id='word_1_212' title='bbox 1098 2220 1186 2272; x_wconf 80' lang='lat' dir='ltr'>omnis</span> <span class='ocrx_word' id='word_1_213' title='bbox 1193 2233 1282 2289; x_wconf 81' lang='lat' dir='ltr'>pote-</span> 
     </span>
     <span class='ocr_line' id='line_1_24' title="bbox 374 2285 1082 2356; baseline 0 -18"><span class='ocrx_word' id='word_1_214' title='bbox 374 2339 379 2346; x_wconf 64' lang='grc'>,</span> <span class='ocrx_word' id='word_1_215' title='bbox 411 2297 481 2350; x_wconf 78' lang='lat' dir='ltr'>star,</span> <span class='ocrx_word' id='word_1_216' title='bbox 497 2287 610 2339; x_wconf 77' lang='lat' dir='ltr'>etenim</span> <span class='ocrx_word' id='word_1_217' title='bbox 617 2285 792 2354; x_wconf 72' lang='lat' dir='ltr'>procidentia</span> <span class='ocrx_word' id='word_1_218' title='bbox 802 2295 938 2356; x_wconf 79' lang='lat' dir='ltr'>reguntur</span> <span class='ocrx_word' id='word_1_219' title='bbox 948 2287 1082 2341; x_wconf 76' lang='lat' dir='ltr'>universa.</span> 
     </span>
    </p>
   </div>
   <div class='ocr_carea' id='block_1_8' title="bbox 179 2374 1290 3696">
    <p class='ocr_par' dir='ltr' id='par_1_8' title="bbox 179 2374 1290 3696">
     <span class='ocr_line' id='line_1_25' title="bbox 293 2374 1281 2457; baseline 0.007 -25"><span class='ocrx_word' id='word_1_220' title='bbox 293 2378 374 2444; x_wconf 79' lang='lat' dir='ltr'>Quae</span> <span class='ocrx_word' id='word_1_221' title='bbox 388 2395 453 2432; x_wconf 87' lang='lat' dir='ltr'>eum</span> <span class='ocrx_word' id='word_1_222' title='bbox 466 2377 508 2432; x_wconf 91' lang='lat' dir='ltr'>ita</span> <span class='ocrx_word' id='word_1_223' title='bbox 521 2376 597 2446; x_wconf 89' lang='lat' dir='ltr'>sint,</span> <span class='ocrx_word' id='word_1_224' title='bbox 620 2393 681 2432; x_wconf 88' lang='lat' dir='ltr'>non</span> <span class='ocrx_word' id='word_1_225' title='bbox 694 2375 857 2432; x_wconf 85' lang='lat' dir='ltr'>tribuamus</span> <span class='ocrx_word' id='word_1_226' title='bbox 871 2374 961 2432; x_wconf 89' lang='lat' dir='ltr'>dandi</span> <span class='ocrx_word' id='word_1_227' title='bbox 973 2378 1061 2454; x_wconf 88' lang='lat' dir='ltr'>regni</span> <span class='ocrx_word' id='word_1_228' title='bbox 1073 2386 1161 2452; x_wconf 88' lang='lat' dir='ltr'>atque</span> <span class='ocrx_word' id='word_1_229' title='bbox 1175 2380 1281 2457; x_wconf 88' lang='lat' dir='ltr'>impe·</span> 
     </span>
     <span class='ocr_line' id='line_1_26' title="bbox 230 2457 1282 2537; baseline 0.004 -18"><span class='ocrx_word' id='word_1_230' title='bbox 230 2463 268 2519; x_wconf 93' lang='lat' dir='ltr'>rii</span> <span class='ocrx_word' id='word_1_231' title='bbox 280 2469 465 2536; x_wconf 87' lang='lat' dir='ltr'>potestatem,</span> <span class='ocrx_word' id='word_1_232' title='bbox 480 2459 539 2516; x_wconf 89' lang='lat' dir='ltr'>nisi</span> <span class='ocrx_word' id='word_1_233' title='bbox 552 2457 617 2516; x_wconf 91' lang='lat' dir='ltr'>Dec</span> <span class='ocrx_word' id='word_1_234' title='bbox 631 2476 714 2530; x_wconf 84' lang='lat' dir='ltr'>vero,</span> <span class='ocrx_word' id='word_1_235' title='bbox 728 2460 780 2533; x_wconf 87' lang='lat' dir='ltr'>qui</span> <span class='ocrx_word' id='word_1_236' title='bbox 793 2458 843 2516; x_wconf 93' lang='lat' dir='ltr'>dat</span> <span class='ocrx_word' id='word_1_237' title='bbox 855 2459 1028 2516; x_wconf 73' lang='lat' dir='ltr'>felicitatem</span> <span class='ocrx_word' id='word_1_238' title='bbox 1041 2461 1073 2516; x_wconf 93' lang='lat' dir='ltr'>in</span> <span class='ocrx_word' id='word_1_239' title='bbox 1086 2478 1184 2537; x_wconf 86' lang='lat' dir='ltr'>regno</span> <span class='ocrx_word' id='word_1_240' title='bbox 1201 2484 1282 2524; x_wconf 89' lang='lat' dir='ltr'>coe-</span> 
     </span>
     <span class='ocr_line' id='line_1_27' title="bbox 229 2543 1284 2620; baseline 0.005 -18"><span class='ocrx_word' id='word_1_241' title='bbox 229 2549 326 2602; x_wconf 82' lang='lat' dir='ltr'>lorum</span> <span class='ocrx_word' id='word_1_242' title='bbox 338 2545 409 2600; x_wconf 89' lang='lat' dir='ltr'>solis</span> <span class='ocrx_word' id='word_1_243' title='bbox 422 2544 495 2617; x_wconf 83' lang='lat' dir='ltr'>piis3</span> <span class='ocrx_word' id='word_1_244' title='bbox 513 2561 638 2620; x_wconf 89' lang='lat' dir='ltr'>regnum</span> <span class='ocrx_word' id='word_1_245' title='bbox 650 2560 721 2599; x_wconf 82' lang='lat' dir='ltr'>vero</span> <span class='ocrx_word' id='word_1_246' title='bbox 734 2550 884 2598; x_wconf 83' lang='lat' dir='ltr'>terrenum</span> <span class='ocrx_word' id='word_1_247' title='bbox 898 2552 929 2599; x_wconf 93' lang='lat' dir='ltr'>et</span> <span class='ocrx_word' id='word_1_248' title='bbox 940 2544 997 2618; x_wconf 87' lang='lat' dir='ltr'>piis</span> <span class='ocrx_word' id='word_1_249' title='bbox 1012 2552 1042 2599; x_wconf 89' lang='lat' dir='ltr'>et</span> <span class='ocrx_word' id='word_1_250' title='bbox 1054 2543 1166 2617; x_wconf 82' lang='lat' dir='ltr'>impiis,</span> <span class='ocrx_word' id='word_1_251' title='bbox 1192 2550 1284 2607; x_wconf 90' lang='lat' dir='ltr'>sicut</span> 
     </span>
     <span class='ocr_line' id='line_1_28' title="bbox 230 2625 1284 2703; baseline 0.005 -19"><span class='ocrx_word' id='word_1_252' title='bbox 230 2632 258 2686; x_wconf 87' lang='lat' dir='ltr'>ei</span> <span class='ocrx_word' id='word_1_253' title='bbox 269 2631 376 2703; x_wconf 87' lang='lat' dir='ltr'>piacet,</span> <span class='ocrx_word' id='word_1_254' title='bbox 391 2628 441 2683; x_wconf 87' lang='lat' dir='ltr'>cni</span> <span class='ocrx_word' id='word_1_255' title='bbox 455 2625 528 2683; x_wconf 91' lang='lat' dir='ltr'>nihil</span> <span class='ocrx_word' id='word_1_256' title='bbox 542 2627 652 2682; x_wconf 90' lang='lat' dir='ltr'>iniuste</span> <span class='ocrx_word' id='word_1_257' title='bbox 664 2626 769 2699; x_wconf 90' lang='lat' dir='ltr'>placet.</span> <span class='ocrx_word' id='word_1_258' title='bbox 784 2625 923 2691; x_wconf 75' lang='lat' dir='ltr'>Quemvis</span> <span class='ocrx_word' id='word_1_259' title='bbox 937 2627 1016 2688; x_wconf 85' lang='lat' dir='ltr'>enirn</span> <span class='ocrx_word' id='word_1_260' title='bbox 1031 2626 1141 2701; x_wconf 89' lang='lat' dir='ltr'>aliquid</span> <span class='ocrx_word' id='word_1_261' title='bbox 1154 2627 1284 2689; x_wconf 85' lang='lat' dir='ltr'>dixeri-</span> 
     </span>
     <span class='ocr_line' id='line_1_29' title="bbox 231 2709 1285 2786; baseline 0.001 -18"><span class='ocrx_word' id='word_1_262' title='bbox 231 2731 305 2783; x_wconf 86' lang='lat' dir='ltr'>mus,</span> <span class='ocrx_word' id='word_1_263' title='bbox 321 2710 398 2786; x_wconf 89' lang='lat' dir='ltr'>quod</span> <span class='ocrx_word' id='word_1_264' title='bbox 411 2719 544 2784; x_wconf 89' lang='lat' dir='ltr'>apertum</span> <span class='ocrx_word' id='word_1_265' title='bbox 557 2710 640 2765; x_wconf 88' lang='lat' dir='ltr'>nobis</span> <span class='ocrx_word' id='word_1_266' title='bbox 656 2725 720 2763; x_wconf 83' lang='lat' dir='ltr'>esse</span> <span class='ocrx_word' id='word_1_267' title='bbox 730 2709 837 2780; x_wconf 83' lang='lat' dir='ltr'>voluit3</span> <span class='ocrx_word' id='word_1_268' title='bbox 851 2717 950 2766; x_wconf 90' lang='lat' dir='ltr'>tamen</span> <span class='ocrx_word' id='word_1_269' title='bbox 962 2711 1084 2766; x_wconf 88' lang='lat' dir='ltr'>multum</span> <span class='ocrx_word' id='word_1_270' title='bbox 1098 2719 1144 2766; x_wconf 89' lang='lat' dir='ltr'>est</span> <span class='ocrx_word' id='word_1_271' title='bbox 1154 2711 1193 2766; x_wconf 86' lang='lat' dir='ltr'>ad</span> <span class='ocrx_word' id='word_1_272' title='bbox 1207 2731 1285 2786; x_wconf 88' lang='lat' dir='ltr'>nos,</span> 
     </span>
     <span class='ocr_line' id='line_1_30' title="bbox 230 2788 1288 2868; baseline 0.003 -17"><span class='ocrx_word' id='word_1_273' title='bbox 230 2806 259 2851; x_wconf 93' lang='lat' dir='ltr'>et</span> <span class='ocrx_word' id='word_1_274' title='bbox 271 2793 357 2852; x_wconf 85' lang='lat' dir='ltr'>valde</span> <span class='ocrx_word' id='word_1_275' title='bbox 370 2801 491 2865; x_wconf 88' lang='lat' dir='ltr'>superat</span> <span class='ocrx_word' id='word_1_276' title='bbox 501 2793 580 2848; x_wconf 81' lang='lat' dir='ltr'>vires</span> <span class='ocrx_word' id='word_1_277' title='bbox 595 2799 728 2860; x_wconf 85' lang='lat' dir='ltr'>nostres,</span> <span class='ocrx_word' id='word_1_278' title='bbox 754 2788 904 2849; x_wconf 85' lang='lat' dir='ltr'>hominum</span> <span class='ocrx_word' id='word_1_279' title='bbox 917 2793 1030 2850; x_wconf 88' lang='lat' dir='ltr'>occulta</span> <span class='ocrx_word' id='word_1_280' title='bbox 1043 2791 1217 2868; x_wconf 89' lang='lat' dir='ltr'>discutere,</span> <span class='ocrx_word' id='word_1_281' title='bbox 1253 2809 1288 2855; x_wconf 85' lang='lat' dir='ltr'>et</span> 
     </span>
     <span class='ocr_line' id='line_1_31' title="bbox 230 2873 1286 2954; baseline 0.004 -19"><span class='ocrx_word' id='word_1_282' title='bbox 230 2876 339 2954; x_wconf 89' lang='lat' dir='ltr'>liquido</span> <span class='ocrx_word' id='word_1_283' title='bbox 352 2876 488 2930; x_wconf 82' lang='lat' dir='ltr'>examine</span> <span class='ocrx_word' id='word_1_284' title='bbox 501 2873 606 2929; x_wconf 89' lang='lat' dir='ltr'>merita</span> <span class='ocrx_word' id='word_1_285' title='bbox 619 2873 781 2929; x_wconf 89' lang='lat' dir='ltr'>diiudicare</span> <span class='ocrx_word' id='word_1_286' title='bbox 800 2892 969 2952; x_wconf 85' lang='lat' dir='ltr'>regnorum.</span> <span class='ocrx_word' id='word_1_287' title='bbox 996 2873 1048 2930; x_wconf 86' lang='lat' dir='ltr'>ifle</span> <span class='ocrx_word' id='word_1_288' title='bbox 1072 2877 1164 2952; x_wconf 89' lang='lat' dir='ltr'>igitur</span> <span class='ocrx_word' id='word_1_289' title='bbox 1188 2895 1286 2939; x_wconf 90' lang='lat' dir='ltr'>unus</span> 
     </span>
     <span class='ocr_line' id='line_1_32' title="bbox 229 2955 1285 3036; baseline 0.004 -18"><span class='ocrx_word' id='word_1_290' title='bbox 229 2978 318 3018; x_wconf 82' lang='lat' dir='ltr'>verus</span> <span class='ocrx_word' id='word_1_291' title='bbox 329 2957 424 3027; x_wconf 90' lang='lat' dir='ltr'>Deus,</span> <span class='ocrx_word' id='word_1_292' title='bbox 438 2957 488 3030; x_wconf 88' lang='lat' dir='ltr'>qui</span> <span class='ocrx_word' id='word_1_293' title='bbox 501 2973 556 3012; x_wconf 90' lang='lat' dir='ltr'>nec</span> <span class='ocrx_word' id='word_1_294' title='bbox 570 2955 690 3025; x_wconf 88' lang='lat' dir='ltr'>iudicio,</span> <span class='ocrx_word' id='word_1_295' title='bbox 704 2974 759 3012; x_wconf 88' lang='lat' dir='ltr'>nec</span> <span class='ocrx_word' id='word_1_296' title='bbox 773 2958 917 3015; x_wconf 83' lang='lat' dir='ltr'>adiutorio</span> <span class='ocrx_word' id='word_1_297' title='bbox 932 2958 1042 3014; x_wconf 89' lang='lat' dir='ltr'>deserit</span> <span class='ocrx_word' id='word_1_298' title='bbox 1053 2977 1148 3036; x_wconf 84' lang='lat' dir='ltr'>genus</span> <span class='ocrx_word' id='word_1_299' title='bbox 1162 2959 1285 3022; x_wconf 86' lang='lat' dir='ltr'>huma-</span> 
     </span>
     <span class='ocr_line' id='line_1_33' title="bbox 179 3037 1287 3119; baseline 0.005 -19"><span class='ocrx_word' id='word_1_300' title='bbox 179 3039 185 3050; x_wconf 86' lang='lat'>&#39;</span> <span class='ocrx_word' id='word_1_301' title='bbox 230 3061 311 3112; x_wconf 88' lang='lat' dir='ltr'>num,</span> <span class='ocrx_word' id='word_1_302' title='bbox 325 3037 442 3113; x_wconf 90' lang='lat' dir='ltr'>quande</span> <span class='ocrx_word' id='word_1_303' title='bbox 456 3039 560 3110; x_wconf 84' lang='lat' dir='ltr'>voluit,</span> <span class='ocrx_word' id='word_1_304' title='bbox 575 3048 604 3094; x_wconf 89' lang='lat' dir='ltr'>et</span> <span class='ocrx_word' id='word_1_305' title='bbox 617 3049 758 3114; x_wconf 88' lang='lat' dir='ltr'>quantum</span> <span class='ocrx_word' id='word_1_306' title='bbox 772 3043 867 3098; x_wconf 87' lang='lat' dir='ltr'>voluit</span> <span class='ocrx_word' id='word_1_307' title='bbox 876 3040 1017 3099; x_wconf 87' lang='lat' dir='ltr'>Romanis</span> <span class='ocrx_word' id='word_1_308' title='bbox 1031 3059 1157 3119; x_wconf 87' lang='lat' dir='ltr'>regnum</span> <span class='ocrx_word' id='word_1_309' title='bbox 1170 3043 1287 3106; x_wconf 88' lang='lat' dir='ltr'>dedit:</span> 
     </span>
     <span class='ocr_line' id='line_1_34' title="bbox 230 3120 1287 3200; baseline 0.009 -21"><span class='ocrx_word' id='word_1_310' title='bbox 230 3125 280 3200; x_wconf 84' lang='lat' dir='ltr'>qui</span> <span class='ocrx_word' id='word_1_311' title='bbox 294 3120 374 3177; x_wconf 89' lang='lat' dir='ltr'>dedit</span> <span class='ocrx_word' id='word_1_312' title='bbox 386 3121 533 3196; x_wconf 85' lang='lat' dir='ltr'>Assyriis,</span> <span class='ocrx_word' id='word_1_313' title='bbox 559 3124 607 3178; x_wconf 88' lang='lat' dir='ltr'>vel</span> <span class='ocrx_word' id='word_1_314' title='bbox 621 3123 709 3180; x_wconf 87' lang='lat' dir='ltr'>etiam</span> <span class='ocrx_word' id='word_1_315' title='bbox 722 3121 836 3196; x_wconf 82' lang='lat' dir='ltr'>Persis,</span> <span class='ocrx_word' id='word_1_316' title='bbox 864 3125 1006 3200; x_wconf 83' lang='lat' dir='ltr'>aquibus.</span> <span class='ocrx_word' id='word_1_317' title='bbox 1015 3127 1093 3181; x_wconf 84' lang='lat' dir='ltr'>solos</span> <span class='ocrx_word' id='word_1_318' title='bbox 1106 3125 1180 3182; x_wconf 82' lang='lat' dir='ltr'>duos</span> <span class='ocrx_word' id='word_1_319' title='bbox 1197 3128 1287 3188; x_wconf 86' lang='lat' dir='ltr'>deos</span> 
     </span>
     <span class='ocr_line' id='line_1_35' title="bbox 230 3203 1288 3280; baseline 0.007 -19"><span class='ocrx_word' id='word_1_320' title='bbox 230 3207 303 3276; x_wconf 90' lang='lat' dir='ltr'>coli,</span> <span class='ocrx_word' id='word_1_321' title='bbox 329 3221 421 3260; x_wconf 86' lang='lat' dir='ltr'>unum</span> <span class='ocrx_word' id='word_1_322' title='bbox 433 3203 557 3280; x_wconf 87' lang='lat' dir='ltr'>bonum,</span> <span class='ocrx_word' id='word_1_323' title='bbox 584 3208 708 3263; x_wconf 89' lang='lat' dir='ltr'>alterum</span> <span class='ocrx_word' id='word_1_324' title='bbox 720 3208 829 3263; x_wconf 84' lang='lat' dir='ltr'>malurn</span> <span class='ocrx_word' id='word_1_325' title='bbox 841 3210 996 3264; x_wconf 88' lang='lat' dir='ltr'>continent</span> <span class='ocrx_word' id='word_1_326' title='bbox 1009 3210 1111 3267; x_wconf 85' lang='lat' dir='ltr'>literae</span> <span class='ocrx_word' id='word_1_327' title='bbox 1124 3210 1288 3272; x_wconf 83' lang='lat' dir='ltr'>istorum:</span> 
     </span>
     <span class='ocr_line' id='line_1_36' title="bbox 229 3287 1289 3365; baseline 0.01 -22"><span class='ocrx_word' id='word_1_328' title='bbox 229 3297 262 3343; x_wconf 90' lang='lat' dir='ltr'>ut</span> <span class='ocrx_word' id='word_1_329' title='bbox 275 3297 388 3343; x_wconf 87' lang='lat' dir='ltr'>taceam</span> <span class='ocrx_word' id='word_1_330' title='bbox 401 3287 436 3342; x_wconf 92' lang='lat' dir='ltr'>de</span> <span class='ocrx_word' id='word_1_331' title='bbox 449 3289 557 3360; x_wconf 91' lang='lat' dir='ltr'>populo</span> <span class='ocrx_word' id='word_1_332' title='bbox 570 3288 724 3360; x_wconf 87' lang='lat' dir='ltr'>Hebraeo,</span> <span class='ocrx_word' id='word_1_333' title='bbox 747 3289 783 3344; x_wconf 90' lang='lat' dir='ltr'>de</span> <span class='ocrx_word' id='word_1_334' title='bbox 798 3291 925 3365; x_wconf 88' lang='lat' dir='ltr'>quoiam</span> <span class='ocrx_word' id='word_1_335' title='bbox 939 3289 1014 3361; x_wconf 85' lang='lat' dir='ltr'>dixi,</span> <span class='ocrx_word' id='word_1_336' title='bbox 1037 3299 1180 3364; x_wconf 87' lang='lat' dir='ltr'>quantum</span> <span class='ocrx_word' id='word_1_337' title='bbox 1195 3300 1289 3354; x_wconf 85' lang='lat' dir='ltr'>satis</span> 
     </span>
     <span class='ocr_line' id='line_1_37' title="bbox 231 3369 1290 3448; baseline 0 -22"><span class='ocrx_word' id='word_1_338' title='bbox 231 3371 326 3426; x_wconf 83' lang='lat' dir='ltr'>visum</span> <span class='ocrx_word' id='word_1_339' title='bbox 341 3378 401 3440; x_wconf 90' lang='lat' dir='ltr'>est,</span> <span class='ocrx_word' id='word_1_340' title='bbox 428 3371 711 3445; x_wconf 89' lang='lat' dir='ltr'>quipraeterunum</span> <span class='ocrx_word' id='word_1_341' title='bbox 724 3369 821 3428; x_wconf 88' lang='lat' dir='ltr'>Deum</span> <span class='ocrx_word' id='word_1_342' title='bbox 839 3389 900 3428; x_wconf 91' lang='lat' dir='ltr'>non</span> <span class='ocrx_word' id='word_1_343' title='bbox 919 3375 1011 3429; x_wconf 90' lang='lat' dir='ltr'>coluit</span> <span class='ocrx_word' id='word_1_344' title='bbox 1030 3382 1060 3428; x_wconf 91' lang='lat' dir='ltr'>et</span> <span class='ocrx_word' id='word_1_345' title='bbox 1079 3371 1200 3448; x_wconf 84' lang='lat' dir='ltr'>quando</span> <span class='ocrx_word' id='word_1_346' title='bbox 1229 3397 1290 3436; x_wconf 71' lang='lat' dir='ltr'>re.</span> 
     </span>
     <span class='ocr_line' id='line_1_38' title="bbox 229 3449 1290 3536; baseline 0.007 -28"><span class='ocrx_word' id='word_1_347' title='bbox 229 3454 340 3530; x_wconf 90' lang='lat' dir='ltr'>gnavit.</span> <span class='ocrx_word' id='word_1_348' title='bbox 361 3452 420 3518; x_wconf 77' lang='lat' dir='ltr'>Qui</span> <span class='ocrx_word' id='word_1_349' title='bbox 434 3471 505 3529; x_wconf 89' lang='lat' dir='ltr'>ergo</span> <span class='ocrx_word' id='word_1_350' title='bbox 519 3452 618 3510; x_wconf 89' lang='lat' dir='ltr'>Persis</span> <span class='ocrx_word' id='word_1_351' title='bbox 632 3449 712 3510; x_wconf 90' lang='lat' dir='ltr'>dedit</span> <span class='ocrx_word' id='word_1_352' title='bbox 724 3463 843 3530; x_wconf 82' lang='lat' dir='ltr'>segetes</span> <span class='ocrx_word' id='word_1_353' title='bbox 857 3457 922 3511; x_wconf 91' lang='lat' dir='ltr'>sine</span> <span class='ocrx_word' id='word_1_354' title='bbox 936 3457 1016 3512; x_wconf 87' lang='lat' dir='ltr'>cultu</span> <span class='ocrx_word' id='word_1_355' title='bbox 1031 3455 1101 3511; x_wconf 88' lang='lat' dir='ltr'>deae</span> <span class='ocrx_word' id='word_1_356' title='bbox 1114 3453 1290 3536; x_wconf 74' lang='lat' dir='ltr'>segetiae,</span> 
     </span>
     <span class='ocr_line' id='line_1_39' title="bbox 228 3534 1290 3613; baseline 0.008 -21"><span class='ocrx_word' id='word_1_357' title='bbox 228 3537 280 3610; x_wconf 82' lang='lat' dir='ltr'>qui</span> <span class='ocrx_word' id='word_1_358' title='bbox 294 3536 351 3591; x_wconf 84' lang='lat' dir='ltr'>alia</span> <span class='ocrx_word' id='word_1_359' title='bbox 365 3534 442 3590; x_wconf 91' lang='lat' dir='ltr'>dona</span> <span class='ocrx_word' id='word_1_360' title='bbox 455 3545 600 3592; x_wconf 85' lang='lat' dir='ltr'>terrarum</span> <span class='ocrx_word' id='word_1_361' title='bbox 614 3537 677 3592; x_wconf 88' lang='lat' dir='ltr'>sine</span> <span class='ocrx_word' id='word_1_362' title='bbox 692 3537 774 3592; x_wconf 90' lang='lat' dir='ltr'>cultu</span> <span class='ocrx_word' id='word_1_363' title='bbox 788 3546 833 3592; x_wconf 92' lang='lat' dir='ltr'>tot</span> <span class='ocrx_word' id='word_1_364' title='bbox 846 3537 983 3609; x_wconf 88' lang='lat' dir='ltr'>deorum,</span> <span class='ocrx_word' id='word_1_365' title='bbox 1011 3555 1084 3613; x_wconf 90' lang='lat' dir='ltr'>quos</span> <span class='ocrx_word' id='word_1_366' title='bbox 1102 3539 1157 3610; x_wconf 86' lang='lat' dir='ltr'>isti</span> <span class='ocrx_word' id='word_1_367' title='bbox 1178 3544 1290 3602; x_wconf 86' lang='lat' dir='ltr'>rebus</span> 
     </span>
     <span class='ocr_line' id='line_1_40' title="bbox 228 3618 1290 3696; baseline 0.001 -23"><span class='ocrx_word' id='word_1_368' title='bbox 228 3619 356 3695; x_wconf 86' lang='lat' dir='ltr'>singulis</span> <span class='ocrx_word' id='word_1_369' title='bbox 375 3618 526 3693; x_wconf 89' lang='lat' dir='ltr'>singulos,</span> <span class='ocrx_word' id='word_1_370' title='bbox 554 3620 602 3674; x_wconf 85' lang='lat' dir='ltr'>vel</span> <span class='ocrx_word' id='word_1_371' title='bbox 620 3619 707 3672; x_wconf 87' lang='lat' dir='ltr'>etiam</span> <span class='ocrx_word' id='word_1_372' title='bbox 728 3619 814 3674; x_wconf 92' lang='lat' dir='ltr'>rebus</span> <span class='ocrx_word' id='word_1_373' title='bbox 833 3621 960 3696; x_wconf 87' lang='lat' dir='ltr'>singulis</span> <span class='ocrx_word' id='word_1_374' title='bbox 974 3623 1073 3694; x_wconf 89' lang='lat' dir='ltr'>plnres</span> <span class='ocrx_word' id='word_1_375' title='bbox 1086 3637 1290 3696; x_wconf 67' lang='lat' dir='ltr'>praeposue.</span> 
     </span>
    </p>
   </div>
   <div class='ocr_carea' id='block_1_9' title="bbox 136 3699 1290 3778">
    <p class='ocr_par' dir='ltr' id='par_1_9' title="bbox 136 3699 1290 3778">
     <span class='ocr_line' id='line_1_41' title="bbox 136 3699 1290 3778; baseline 0.006 -22"><span class='ocrx_word' id='word_1_376' title='bbox 136 3704 138 3710; x_wconf 84' lang='lat'>&#39;</span> <span class='ocrx_word' id='word_1_377' title='bbox 227 3709 310 3772; x_wconf 78' lang='lat' dir='ltr'>runt,</span> <span class='ocrx_word' id='word_1_378' title='bbox 336 3701 400 3773; x_wconf 90' lang='lat' dir='ltr'>ipse</span> <span class='ocrx_word' id='word_1_379' title='bbox 413 3699 501 3754; x_wconf 91' lang='lat' dir='ltr'>etiam</span> <span class='ocrx_word' id='word_1_380' title='bbox 513 3717 637 3776; x_wconf 87' lang='lat' dir='ltr'>regnum</span> <span class='ocrx_word' id='word_1_381' title='bbox 654 3699 735 3754; x_wconf 91' lang='lat' dir='ltr'>dedit</span> <span class='ocrx_word' id='word_1_382' title='bbox 748 3701 813 3756; x_wconf 89' lang='lat' dir='ltr'>sinc</span> <span class='ocrx_word' id='word_1_383' title='bbox 832 3704 914 3757; x_wconf 87' lang='lat' dir='ltr'>cultu</span> <span class='ocrx_word' id='word_1_384' title='bbox 929 3720 1048 3773; x_wconf 87' lang='lat' dir='ltr'>eorum,</span> <span class='ocrx_word' id='word_1_385' title='bbox 1070 3721 1123 3777; x_wconf 89' lang='lat' dir='ltr'>per</span> <span class='ocrx_word' id='word_1_386' title='bbox 1141 3721 1290 3778; x_wconf 86' lang='lat' dir='ltr'>quorum</span> 
     </span>
    </p>
   </div>
   <div class='ocr_carea' id='block_1_10' title="bbox 227 3780 1290 3944">
    <p class='ocr_par' dir='ltr' id='par_1_10' title="bbox 227 3780 1290 3944">
     <span class='ocr_line' id='line_1_42' title="bbox 227 3780 1290 3870; baseline 0 -31"><span class='ocrx_word' id='word_1_387' title='bbox 227 3785 340 3839; x_wconf 86' lang='lat' dir='ltr'>cultum</span> <span class='ocrx_word' id='word_1_388' title='bbox 353 3800 384 3836; x_wconf 90' lang='lat' dir='ltr'>se</span> <span class='ocrx_word' id='word_1_389' title='bbox 398 3782 449 3834; x_wconf 91' lang='lat' dir='ltr'>isti</span> <span class='ocrx_word' id='word_1_390' title='bbox 462 3798 603 3855; x_wconf 86' lang='lat' dir='ltr'>regnasse</span> <span class='ocrx_word' id='word_1_391' title='bbox 618 3780 814 3838; x_wconf 89' lang='lat' dir='ltr'>crediderunt.</span> <span class='ocrx_word' id='word_1_392' title='bbox 851 3781 902 3840; x_wconf 85' lang='lat' dir='ltr'>Sic</span> <span class='ocrx_word' id='word_1_393' title='bbox 915 3787 1003 3841; x_wconf 85' lang='lat' dir='ltr'>etiam</span> <span class='ocrx_word' id='word_1_394' title='bbox 1016 3783 1208 3860; x_wconf 71' lang='lat' dir='ltr'>heminton-3</span> <span class='ocrx_word' id='word_1_395' title='bbox 1228 3799 1290 3870; x_wconf 69' lang='lat' dir='ltr'>qui</span> 
     </span>
     <span class='ocr_line' id='line_1_43' title="bbox 230 3860 1290 3944; baseline 0 -23"><span class='ocrx_word' id='word_1_396' title='bbox 230 3864 337 3935; x_wconf 86' lang='lat' dir='ltr'>Mario,</span> <span class='ocrx_word' id='word_1_397' title='bbox 352 3865 414 3934; x_wconf 90' lang='lat' dir='ltr'>ipse</span> <span class='ocrx_word' id='word_1_398' title='bbox 428 3860 498 3916; x_wconf 85' lang='lat' dir='ltr'>Caio</span> <span class='ocrx_word' id='word_1_399' title='bbox 512 3860 642 3934; x_wconf 88' lang='lat' dir='ltr'>Caesari,</span> <span class='ocrx_word' id='word_1_400' title='bbox 657 3865 708 3938; x_wconf 85' lang='lat' dir='ltr'>qui</span> <span class='ocrx_word' id='word_1_401' title='bbox 722 3864 866 3941; x_wconf 79' lang='lat' dir='ltr'>Augusto,</span> <span class='ocrx_word' id='word_1_402' title='bbox 881 3867 943 3942; x_wconf 89' lang='lat' dir='ltr'>ipse</span> <span class='ocrx_word' id='word_1_403' title='bbox 958 3878 988 3923; x_wconf 89' lang='lat' dir='ltr'>et</span> <span class='ocrx_word' id='word_1_404' title='bbox 1000 3867 1127 3941; x_wconf 91' lang='lat' dir='ltr'>Neroni;</span> <span class='ocrx_word' id='word_1_405' title='bbox 1140 3871 1197 3944; x_wconf 88' lang='lat' dir='ltr'>qni</span> <span class='ocrx_word' id='word_1_406' title='bbox 1218 3874 1290 3934; x_wconf 62' lang='lat' dir='ltr'>ve.</span> 
     </span>
    </p>
   </div>
   <div class='ocr_carea' id='block_1_11' title="bbox 0 0 1302 4396">
    <p class='ocr_par' dir='ltr' id='par_1_11' title="bbox 0 0 1302 4396">
     <span class='ocr_line' id='line_1_44' title="bbox 0 0 1302 4396; baseline 0 0"><span class='ocrx_word' id='word_1_407' title='bbox 0 0 1302 4396; x_wconf 95' lang='lat' dir='ltr'> </span> 
     </span>
    </p>
   </div>
  </div>
 </body>
</html>
