2602 4416
232 189 312 250 DE
352 187 577 248 ClVlTATE
607 185 687 245 DEI
714 185 795 244 LlB.
818 185 858 244 ll.
1040 193 1078 247 47

30 351 66 420 ait,
87 346 161 417 ludi,
192 345 368 416 convivis,
395 341 590 398 lectisternia.
635 338 723 406 Quod
736 348 831 395 totum
845 342 930 414 quale
945 344 998 414 sit,
1026 357 1079 416 po-

30 443 90 504 stea,
115 433 144 488 si
157 429 257 488 Deus
281 427 419 496 iuverit,
446 423 620 502 diligentius
634 422 824 480 disseremus.
863 422 949 480 Nune
963 425 998 480 ad
1018 443 1079 480 rem

31 524 204 590 praesentem
225 511 320 588 quod
333 511 457 581 attinet,
487 507 550 564 sive
569 507 704 564 omnibus
723 507 823 562 omnia
840 515 981 580 tanquam
993 508 1078 564 bonis

32 601 159 673 permixte
173 597 385 665 tribuantur,
412 587 613 670 (nequeenim
628 608 694 646 esse
707 588 793 646 decet
804 587 876 645 deos
890 591 994 663 malos,
1014 607 1079 646 cum

32 687 112 756 petius
126 683 183 738 isti
197 683 280 756 quia
302 675 452 734 immundi
467 683 539 730 sunt
551 675 689 748 spiritus,
716 691 817 730 omnes
837 674 900 729 sint
916 669 1004 750 mali)
1019 674 1080 728 sive
1169 743 1176 752 ο

34 777 97 824 certa
109 766 325 834 discretione,
357 763 438 818 sicut
451 758 583 816 Labeoni
595 759 693 816 visum
707 765 762 828 est,
789 758 848 812 illis
863 759 926 828 illa,
944 757 1010 812 istis
1024 757 1080 810 ista

35 851 245 908 distribuantur
260 846 429 920 obsequis:
455 842 725 917 competentissime
747 839 855 897 Graeci
869 848 1014 914 utrosque
1026 837 1080 896 lao-

36 953 91 992 nore
104 935 219 1012 dignos
242 932 386 1000 ducunt,
415 937 446 984 et
459 926 644 997 sacerdotes,
670 943 723 999 per
741 941 815 1000 quos
833 924 973 980 victimae
989 922 1079 979 mini-

38 1029 164 1090 strantur,
185 1025 219 1073 et
239 1015 401 1084 scenicos,
421 1029 476 1086 per
489 1027 562 1086 quos
576 1009 639 1066 ludi
652 1005 845 1065 exhibentur:
871 1007 969 1064 nevel
983 1007 1079 1062 omni-

37 1103 78 1158 lus
89 1103 144 1160 diis
161 1103 243 1172 suis,
274 1101 355 1155 siet
380 1095 445 1152 ludi
471 1095 606 1152 omnibus
631 1093 711 1171 grati
737 1101 819 1162 sunt,
846 1093 904 1161 vel,
931 1089 1010 1164 quod
1036 1097 1081 1143 est

40 1187 193 1266 indignius,
222 1183 277 1240 his
302 1197 382 1257 quos
400 1180 498 1236 bonos
517 1185 638 1251 putant,
668 1177 695 1232 si
711 1175 774 1231 ludi
787 1176 823 1230 ab
838 1176 881 1229 eis
895 1176 966 1229 solis
979 1189 1080 1227 amen-

41 1281 86 1342 tur,
99 1273 196 1328 lacere
210 1267 451 1326 convincantur
464 1262 613 1317 iniuriam.
748 1255 784 1336 (e
799 1257 839 1311 ul.
856 1253 991 1311 GAPVT
1002 1246 1081 1330 xl.)

427 1412 558 1470 CAP.
602 1409 698 1466 ΧΗ.

49 1519 113 1581 Quoi
122 1519 229 1572 Romani
239 1513 407 1588 auferendo
418 1509 574 1564 libertatem
581 1506 671 1576 poetis
681 1505 712 1557 s'u
722 1501 848 1566 domines,
864 1515 946 1570 quom
954 1500 1085 1552 dederam

175 1590 202 1643 s'u
213 1591 295 1648 deos,
318 1583 510 1642 melicertem,
530 1594 611 1647 puans
622 1577 653 1630 de
664 1574 717 1628 diis
726 1573 783 1626 suis
793 1570 935 1626 senserint.

98 1683 132 1738 At
142 1679 292 1748 Romani,
322 1675 404 1730 sicut
418 1674 451 1726 in
471 1670 522 1724 illa
536 1665 572 1722 de
592 1666 746 1740 republica
765 1663 965 1736 disputatione
983 1656 1084 1732 Scipio

48 1767 190 1845 gloriatur,
219 1759 352 1838 probris
373 1764 404 1811 et
431 1753 551 1809 iniuriis
579 1758 736 1824 poetarum
754 1745 917 1804 subiectam
933 1741 1083 1800 vitamst-

47 1869 161 1926 nampue
173 1847 297 1904 babere
311 1841 495 1906 noluerunt,
523 1836 618 1908 capite
633 1833 723 1888 etiam
743 1828 933 1905 plectendum
945 1827 1083 1883 sancien-

46 1945 89 2006 tes,
111 1937 168 2004 tale
182 1943 318 1990 carmen
333 1921 465 1980 condere
477 1921 504 1974 si
517 1920 583 1993 quis
597 1915 728 1973 auderet.
780 1912 867 1980 Quod
886 1929 958 1992 erga
971 1927 1003 1965 se
1018 1909 1084 1983 qui-

47 2020 96 2076 dem
115 2021 188 2075 satis
209 2014 350 2071 honesto
370 2004 610 2072 constituerunt,
639 1997 691 2055 sed
704 2015 776 2076 erga
790 1996 861 2052 deos
875 2011 946 2050 suos
961 1992 1086 2065 superbe

48 2115 69 2160 et
80 2103 274 2181 irreligiose:
307 2108 383 2168 quos
406 2105 474 2145 cum
488 2087 599 2142 seirent
612 2101 673 2140 non
688 2084 785 2138 solum
797 2080 956 2152 patienter,
982 2091 1086 2130 verum

48 2191 119 2244 etiam
130 2188 272 2244 libenter
287 2184 445 2253 poetarum
457 2170 572 2246 probris
585 2165 810 2236 maledictisque
823 2160 960 2232 lacerari,
988 2175 1019 2212 se
1032 2173 1086 2231 po-

48 2275 93 2329 tius
106 2289 197 2348 quam
222 2266 298 2322 illos
322 2252 528 2316 huiuscemodi
551 2251 673 2308 iniuriis
691 2246 832 2324 indignos
846 2261 912 2301 esse
925 2241 1086 2310 duxerunt,

49 2375 123 2431 seque
134 2357 172 2412 ab
195 2352 244 2408 eis
270 2346 363 2402 etiam
381 2343 449 2417 lege
468 2337 657 2405 munierunt,
684 2334 802 2387 illorum
816 2337 915 2384 autem
928 2328 986 2383 ista
999 2325 1087 2380 etiam

49 2443 125 2497 saeris
152 2428 399 2495 solennitatibus
426 2423 621 2479 miscuerunt,
666 2415 748 2473 ltane
767 2412 885 2469 tendens
903 2409 1005 2484 Scipio
1023 2407 1087 2462 lau·

48 2524 88 2580 das
110 2523 193 2580 banc
222 2514 326 2592 poetis
340 2507 485 2566 Romanis
499 2512 637 2581 negatam
651 2517 716 2555 esse
729 2498 891 2566 licentiam,
905 2503 939 2549 ut
952 2492 1089 2563 cuiquam

48 2608 235 2682 opprobrium
258 2595 437 2672 infligerent
463 2587 677 2654 Romanorum,
705 2601 772 2638 eum
789 2579 908 2646 videas,
933 2577 988 2628 'eos
1015 2571 1090 2626 nulli

48 2692 166 2747 deorum
187 2682 366 2762 pepercisse
387 2665 576 2732 rostroruml
604 2666 689 2722 ltane
712 2665 806 2736 pluris
825 2660 880 2716 tibi
898 2652 1032 2712 babendo
1045 2660 1091 2706 est

47 2771 228 2831 existimatio
244 2765 351 2823 curiae
364 2766 482 2816 vestrae
497 2771 584 2829 quam
597 2748 747 2823 Capitolii,
773 2747 861 2800 immo
874 2739 987 2798 Romae
1000 2735 1090 2793 unius

48 2875 133 2934 quam
147 2854 224 2912 coeli
236 2849 354 2916 totius,
383 2851 417 2898 ut
435 2841 569 2916 linguam
586 2831 759 2890 maledicam
777 2831 809 2883 in
823 2829 904 2884 cives
921 2833 989 2879 tuos
1004 2835 1091 2876 exer-

49 2962 110 2998 cere
128 2947 240 3016 poetae
260 2933 353 2988 etiam
365 2929 433 3002 lege
457 2920 698 2996 prohiberentur,
725 2921 755 2968 ct
772 2915 804 2967 in
819 2910 889 2966 deos
909 2917 977 2964 tuos
992 2901 1092 2960 securi

48 3037 124 3084 tanta
138 3019 296 3087 convicia,
324 3013 409 3068 nullo
423 3015 572 3075 senatore,
600 3003 683 3058 nullo
698 3013 833 3065 censore,
848 2994 930 3049 nullo
945 2987 1092 3063 principe,

49 3113 124 3166 nullo
145 3102 295 3184 pontifice
322 3093 499 3170 prohibente
523 3076 749 3144 iacularcntur‘l
775 3075 935 3154 Indignum
954 3071 1094 3129 videlieet

49 3195 116 3264 luit,
142 3199 180 3247 ut
198 3187 347 3249 Plautus,
370 3185 424 3232 aut
440 3172 572 3229 Naevius
592 3167 698 3225 Publio
714 3173 743 3220 et
757 3161 839 3218 Gneo
858 3155 1010 3231 Scipioni,
1040 3157 1092 3206 aut
1123 3225 1125 3232 γ

50 3276 193 3334 Caecilius
207 3268 252 3328 Μ.
267 3263 377 3323 Catoni
391 3255 594 3321 melediceret;
621 3259 651 3306 et
664 3249 788 3326 dignum
801 3243 870 3314 fuit,
885 3250 919 3298 ut
931 3235 1092 3297 Terentius

51 3370 144 3417 vester
162 3352 287 3432 flagitio
311 3333 392 3403 lovis
416 3339 521 3416 optimi
538 3335 659 3392 uroximi
678 3327 911 3388 adolescentium
932 3319 1095 3398 nequitiam

53 3433 236 3501 concitaretl

430 3505 453 3565 C
476 3507 501 3564 A
520 3504 553 3562 Ρ.
597 3499 629 3558 X
643 3499 655 3556 l
669 3499 682 3555 l
696 3497 717 3554 l.

54 3607 174 3660 Debuisse
189 3596 356 3666 intelligere
366 3589 519 3650 Romanos,
538 3582 609 3652 quod
617 3581 656 3632 dii
666 3591 765 3632 eorum.
786 3575 833 3644 pui
844 3591 871 3626 se
885 3563 1012 3634 turpibus
1027 3559 1097 3612 ludis

223 3665 281 3724 culi
291 3659 469 3732 expetebant,
488 3652 694 3724 indignitatem
709 3647 808 3699 bonore
825 3642 923 3710 diuino.

110 3765 170 3826 Sed
184 3752 392 3833 responderet
408 3745 481 3804 mihi
500 3745 648 3812 fortasse,
675 3739 701 3794 si
713 3738 842 3794 viveret:
869 3721 1023 3794 eromodo
1043 3739 1098 3778 nos

56 3844 272 3924 istaimpunita
297 3855 364 3893 esse
388 3832 545 3899 nollemus,
574 3842 649 3898 quae
664 3821 721 3894 ipsi
745 3818 786 3873 dii
809 3829 894 3870 saera
908 3825 973 3864 esse
996 3807 1099 3862 volue-
