2576 4396
277 165 336 223 DE
360 165 579 228 crvllrrss
607 167 684 228 DEi
706 171 782 229 ΗΒ.
805 173 845 231 Χ.
1013 180 1070 237 311

39 319 194 398 pientiam
207 313 296 374 buius
308 316 427 376 mundi?
450 316 524 376 Nom
538 323 672 398 quonism
685 324 715 378 in
727 321 788 380 Dei
799 327 947 400 sapientia
959 347 1015 384 oon
1029 347 1076 386 co-

44 403 151 480 gnovit
164 401 290 458 manduc
297 420 357 479 per
370 404 547 480 sapientiam
561 402 671 476 Deum,
690 406 811 484 placuit
823 405 887 464 Deo
902 426 961 485 per
976 412 1076 469 stulti-

45 487 120 542 tiam
128 484 374 563 praedicationis
386 486 484 544 calcos
494 487 608 559 facere
620 489 781 547 credentes.
806 487 951 559 Quoniam
964 495 1076 570 quidem

44 565 156 626 Iudaei
167 569 390 645 signapetast,
404 580 434 627 et
451 567 564 626 Graeci
575 571 753 648 sapientiam
768 584 931 650 quaerunt:
957 593 1009 632 uos
1023 595 1075 632 au-

44 661 103 710 tem
109 651 342 729 praedicamus,
367 653 479 728 inqnit,
505 649 653 711 Christum
667 655 855 731 conciliatum
878 653 999 716 Iudaeis
1013 660 1076 736 qui-

45 736 109 792 dem
122 734 313 804 ocandalaoe,
334 732 476 792 Gentibus
490 735 588 794 autem
600 737 762 796 stultitiam
767 759 778 814 ,·
790 741 866 817 iposio
878 759 948 798 uero
961 744 1075 800 vocatia

45 815 169 876 ludaeis
183 827 215 875 et
231 815 356 875 Graecis
375 817 523 876 Cito-istum
536 817 597 884 Dei
613 822 752 879 virtatem
766 834 795 880 et
808 821 869 880 Dei
881 827 1076 902 sapientiam:

45 903 184 979 quoniam
204 899 328 958 stultum
342 899 402 958 Dei
419 903 584 980 sapientius
608 915 654 963 est
672 903 848 978 bantinibas,
874 918 903 965 et
929 908 1077 980 infirmum

46 983 106 1042 Dei
115 985 242 1056 fortias
260 995 307 1041 est
323 983 492 1042 bominibuo.
534 985 600 1044 Hoe
623 990 706 1063 quasi
733 991 852 1046 auritum
878 999 909 1046 et
930 991 1076 1050 infirmum

45 1078 186 1144 tanquam
210 1085 263 1124 ena
288 1068 396 1124 virtute
423 1070 567 1144 sapientes
599 1071 746 1147 fomesque
775 1082 974 1131 contemnunt.
1017 1074 1076 1133 Sed

45 1151 117 1209 baec
137 1159 184 1207 cet
200 1152 315 1229 gratia,
338 1169 412 1226 qnae
432 1161 516 1210 cenat
532 1153 681 1227 infirmos,
706 1173 766 1212 non
787 1157 909 1230 superba
935 1159 1076 1216 iactantes

46 1235 147 1292 falsam
174 1234 384 1292 beatitudinem
402 1253 500 1308 suam,
525 1237 575 1293 sed
600 1236 748 1295 humiliter
773 1239 871 1312 potius
898 1257 997 1298 veram
1022 1245 1076 1297 mi-

47 1321 153 1376 seriam
172 1317 356 1375 confitentes.
451 1357 455 1364 .

407 1400 429 1459 C
451 1403 475 1459 A
497 1402 528 1458 P.
571 1401 728 1460 XXIX.

47 1496 90 1552 De
104 1497 293 1552 incarnatione
302 1495 415 1552 Domini
425 1497 512 1552 nostri
524 1497 586 1551 iesu
599 1497 713 1564 Obrirti,
732 1517 811 1570 qaam
822 1499 945 1572 confiteri
955 1501 1077 1555 Platoni·

375 1585 467 1622 corum
477 1568 609 1622 erubescit
618 1568 752 1640 impietas.

107 1653 265 1714 Piaedieas
278 1655 395 1715 Patrem
407 1668 437 1715 et
450 1661 511 1715 eius
524 1657 645 1733 Filium,
665 1680 750 1738 quem
763 1679 849 1720 vocas
863 1671 1017 1736 paternum
1032 1662 1077 1716 in-

46 1744 196 1798 tellectum
210 1757 262 1798 eeu
275 1751 418 1815 mcntem;
438 1751 467 1800 et
479 1741 581 1800 horum
594 1745 735 1816 medium,
749 1765 834 1821 quem
846 1755 978 1820 putamus
990 1753 1020 1800 te
1034 1744 1077 1800 ll-

47 1845 112 1882 cere
126 1826 271 1899 Spiritum
284 1835 433 1898 uenenum,
453 1835 483 1883 et
494 1845 575 1884 more
588 1837 687 1886 vestro
700 1831 826 1905 appellas
839 1837 899 1886 tres
912 1828 989 1884 deos.
1011 1827 1077 1897 Vbi,

46 1912 101 1966 etei
125 1910 224 1965 verbis
245 1909 470 1984 indisciplinatio
488 1911 621 1983 utimini,
647 1911 752 1969 videtis
766 1921 863 1970 tamen
878 1913 1076 1987 qualitercun-

45 2013 111 2070 que,
126 2002 158 2048 et
169 1994 253 2068 quasi
266 2011 319 2068 per
331 1991 471 2070 quaedam
483 1996 582 2050 tenuis
592 1997 812 2073 imaginationis
826 1995 1008 2064 umbracula,
1021 2011 1076 2068 quo

44 2076 201 2134 nitendum
215 2077 267 2134 sit:
286 2077 338 2133 sed
351 2078 584 2135 incarnationem
596 2079 840 2135 incommutabilis
853 2075 922 2132 Filii
932 2075 1006 2146 Dei,
1021 2093 1076 2150 que

44 2163 209 2230 salvamur,
235 2169 268 2216 ut
291 2159 328 2216 ad
348 2161 399 2217 illa
419 2177 492 2236 quse
514 2160 674 2231 credimus,
700 2161 748 2216 vel
768 2177 806 2216 ex
819 2160 1076 2234 quantulacunque

43 2253 128 2319 parte
144 2244 352 2321 intelligimus,
365 2247 467 2300 venire
478 2246 640 2319 possimus,
653 2261 713 2302 non
726 2245 814 2301 vultis
827 2259 997 2321 agnoscere.
1016 2239 1075 2298 lta-

44 2348 101 2404 que
115 2325 224 2383 videtis
236 2337 402 2403 utcunque,
430 2330 485 2392 atui
498 2327 534 2383 de
546 2329 724 2407 longinquo,
751 2329 806 2384 etei
832 2327 894 2383 acie
919 2328 1075 2405 caligante,

42 2413 172 2487 patriam
184 2409 217 2466 in
230 2429 287 2486 qna
299 2410 475 2468 manendum
488 2421 550 2482 est,
581 2410 631 2466 sed
648 2413 727 2468 viam
744 2427 800 2486 qua
814 2409 940 2467 eundum
954 2419 999 2467 est
1016 2427 1076 2467 non

43 2495 162 2552 tenetis.
191 2491 347 2550 Confiteria
360 2504 458 2551 tamen
471 2495 605 2572 gratiam,
620 2493 853 2568 quandoquidem
865 2493 902 2548 ad
914 2492 1011 2550 Deum
1023 2509 1075 2565 per

44 2581 185 2634 virtutem
197 2576 412 2656 intelligentiae
425 2576 596 2651 pervenire,
618 2577 718 2647 paucis
731 2575 803 2630 dicia
817 2592 882 2630 esee
896 2591 1075 2630 eoncessum.

44 2662 112 2718 Non
126 2661 208 2716 enim
221 2659 311 2732 dicia,
324 2663 424 2736 paucis
437 2659 562 2732 placuit,
586 2658 634 2714 vel
645 2659 733 2730 pauci
744 2659 917 2715 voluerunt:
945 2655 996 2713 sei
1011 2675 1076 2715 cum

45 2746 118 2802 dicis
134 2763 200 2800 esse
214 2761 401 2815 concessum,
427 2736 628 2816 proculdubio
641 2740 852 2820 Deigratiam,
876 2757 938 2798 non
950 2739 1076 2798 hominio

45 2828 250 2885 sufficientiam
272 2827 430 2884 confiteris.
474 2823 573 2882 Vteris
585 2825 673 2881 ctiam
685 2824 740 2882 boc
753 2825 842 2882 verbo
857 2827 1001 2900 apertius,
1027 2826 1075 2882 ubi

46 2912 178 2968 Platonis
192 2913 368 2967 senteutiam
380 2927 519 2987 sequens,
546 2925 603 2965 nec
616 2910 678 2984 ipae
692 2909 824 2982 dubitas,
837 2911 869 2967 in
882 2909 936 2968 bac
948 2911 1009 2968 vita
1021 2908 1074 2967 bo-

46 2998 156 3052 minem
171 2997 254 3052 nullo
271 2993 356 3051 modo
375 2995 411 3050 ad
430 2993 641 3068 perfectionem
660 2995 820 3068 sapientiae
832 2995 1002 3070 pervenire,
1027 3013 1074 3050 se-

47 3079 174 3137 eundum
188 3080 370 3134 intellectum
382 3088 480 3134 temen
491 3077 658 3135 viventibus
672 3093 758 3134 omne
771 3078 847 3154 quod
860 3079 957 3151 deest,
975 3079 1074 3154 provi-

47 3164 146 3220 dentia
160 3161 218 3219 Dei
232 3171 262 3225 et
274 3161 385 3239 gratis,
411 3159 573 3236 posthanc
598 3161 688 3218 vitem
711 3179 797 3236 posse
821 3164 966 3238 compleri.
1010 3161 1075 3220 on

47 3249 239 3326 cognovisses
262 3245 320 3302 Dei
343 3245 469 3323 gratiam
489 3263 541 3320 per
563 3239 659 3301 lesum
672 3243 817 3302 Cbriatnm
840 3245 999 3302 Dominum
1020 3263 1074 3302 no·

47 3341 149 3404 etrum,
164 3331 316 3406 ipsamque
329 3331 390 3385 aius
404 3329 646 3398 incarnationem,
660 3347 718 3405 qua
729 3326 856 3386 bominis
870 3331 996 3385 sninram
1009 3347 1075 3386 cor-

45 3433 156 3490 putqne
169 3413 310 3488 succepit,
324 3429 465 3477 summum
477 3429 541 3468 este
555 3413 717 3486 exemplum
728 3413 842 3490 gratiae
852 3411 952 3468 videre
962 3413 1075 3486 potuis·

47 3518 101 3554 aes.
123 3497 184 3556 Sed
198 3496 268 3573 quid
281 3491 403 3552 faciami
422 3493 491 3552 Scio
503 3515 550 3551 me
562 3494 671 3552 frustra
684 3497 764 3570 loqui
775 3503 905 3551 mortuo:
919 3493 971 3549 sed
984 3509 1075 3567 quan·

46 3591 105 3638 tum
119 3582 156 3640 ed
170 3591 201 3638 te
215 3582 339 3652 attinet,
366 3587 503 3654 quantum
521 3588 618 3636 autem
637 3577 673 3634 ad
691 3595 756 3649 coe,
782 3578 832 3653 qui
848 3585 877 3634 te
890 3577 990 3653 magni
1002 3593 1075 3650 pen·

47 3664 132 3739 dunt,
160 3676 192 3722 et
210 3674 241 3720 tc
260 3663 309 3720 vel
322 3663 513 3739 qualicunque
526 3679 624 3720 amore
638 3662 814 3738 sapientiae,
840 3661 887 3717 vel
903 3660 1075 3716 curiositate

46 3752 167 3821 artium,
182 3766 255 3824 quaa
269 3765 329 3803 non
343 3745 469 3802 debuisti
482 3745 609 3818 discere,
623 3745 764 3824 diligunt,
784 3763 855 3820 quos
868 3744 966 3819 potius
980 3744 1010 3800 in
1024 3752 1074 3800 tua

48 3833 273 3910 compellatione
286 3831 432 3905 alloquor,
458 3829 655 3886 sanctaenon
674 3829 792 3886 bunna.
829 3828 931 3886 Gratia
945 3823 1001 3884 Dei
1015 3847 1073 3885 non
1150 3883 1152 3888 .
