2590 4396
265 180 328 240 DE
350 178 566 238 ClVl'l'ATE
590 181 669 240 DEI
700 184 783 242 LlB.
809 186 866 244 lll.
1055 192 1094 249 95

61 334 183 404 enesim,
214 330 297 407 quod
308 329 500 389 Mithradates
513 349 567 388 rex
579 333 667 390 Asiae
683 334 791 410 ubique
814 339 845 392 in
868 339 937 394 Asia
963 342 1094 418 peregri-

62 427 161 472 nantes
177 415 262 472 eives
276 413 443 485 Romanos,
469 423 557 489 atque
572 416 780 474 innumerabili
794 422 878 494 eopia
890 422 952 478 suis
967 425 1094 499 negotiis

59 501 187 555 intentos
202 516 268 554 uno
282 496 329 552 die
344 495 440 552 occidi
452 498 555 554 iussit:
583 508 613 554 et
625 499 737 557 lactum
750 511 804 557 cst.
836 504 931 572 Quam
944 505 993 560 illa
1007 507 1093 562 mise·

58 582 152 638 rabilis
171 599 277 637 rerum
291 580 384 636 facies
399 589 478 652 erat,
505 579 602 639 subito
626 600 770 660 quemque
797 585 967 662 ubicunque
990 587 1095 644 fuisset

56 668 211 736 inventus,
239 666 376 741 inagro,
404 663 517 738 invia,
546 665 578 720 in
591 665 713 740 oppido,
739 668 770 723 in
784 667 887 741 domo,
914 669 1037 742 invice,
1064 673 1094 726 in

54 749 126 819 loro,
153 748 332 822 intemplo,
360 747 392 802 in
405 747 501 817 lecto,
525 748 556 803 in
571 749 723 821 convivio,
750 751 903 826 inopinate
927 761 1017 830 atque
1039 755 1094 809 im-

52 833 96 906 pie
108 831 206 887 fuisse
220 825 428 888 trucidatum?
464 829 536 896 Quis
549 832 677 908 gemitus
691 835 894 908 morientium,
909 854 984 912 quae
998 839 1093 912 lacry-

54 933 112 970 mae
126 915 347 988 spectantium,
374 912 502 968 fortasse
516 915 603 969 etiarn
625 913 795 972 ferientium
809 914 956 976 fueruntl
999 920 1092 986 Quam

55 997 122 1054 dura
136 998 306 1054 necessitas
320 995 486 1072 hospitum,
499 1015 560 1052 non
573 997 669 1053 solum
677 999 798 1056 videndi
809 1001 937 1058 nefarias
948 1003 1013 1058 illas
1025 1021 1092 1058 cae·

54 1081 99 1136 des
114 1079 195 1135 domi
209 1097 299 1151 suae,
323 1098 428 1136 rernm
441 1079 529 1134 etiam
540 1081 744 1155 perpetrandi3
770 1083 805 1139 ab
819 1085 869 1141 illa
882 1084 987 1141 blenda
1002 1087 1093 1142 comi-

54 1173 109 1220 tate
121 1162 321 1219 humanitatis
336 1171 460 1238 repento
479 1163 601 1218 mutatis
614 1164 745 1222 vultibus
759 1165 796 1222 ad
812 1165 921 1223 hostile
939 1171 1091 1246 negotium

54 1249 82 1303 in
94 1265 166 1321 paee
185 1244 412 1324 peragendum,
437 1247 548 1301 mutuis
563 1246 658 1318 dicam
672 1249 792 1304 omnino
806 1249 998 1321 vulneribus,
1026 1269 1092 1306 eum

54 1347 210 1404 percussus
225 1331 257 1385 in
273 1345 414 1406 corpore,
441 1336 471 1383 et
482 1346 644 1402 percussor
657 1331 688 1386 in
703 1331 802 1386 animo
816 1328 979 1388 ferireturl
1014 1333 1092 1390 Num

55 1423 82 1468 et
93 1415 144 1469 isti
158 1430 263 1468 omnes
278 1413 407 1490 auguria
422 1407 664 1468 contemserantl
695 1411 775 1468 Num
786 1412 856 1470 deos
871 1423 901 1470 et
915 1413 1091 1472 domesticos

56 1506 85 1553 et
108 1496 256 1569 publicos,
286 1514 354 1551 cum
368 1493 404 1550 de
418 1495 535 1551 sedibus
549 1495 612 1551 suis
626 1494 662 1551 ad
677 1496 756 1552 illam
769 1498 984 1554 irremeabilem
1008 1515 1092 1572 pere-

54 1580 251 1656 grinationem
264 1578 394 1654 profecti
406 1587 492 1650 sunt,
519 1597 593 1654 quos
608 1581 816 1654 consulerent,
842 1599 903 1638 uon
922 1577 1091 1640 habebantl

54 1660 116 1718 Hoc
128 1664 155 1718 si
166 1663 211 1718 ita
225 1671 290 1734 est,
305 1679 368 1718 non
381 1659 490 1717 babent
502 1680 556 1718 cur
569 1663 620 1717 isti
633 1663 664 1717 in
677 1661 732 1718 bac
744 1683 833 1721 eausa
845 1664 880 1720 de
892 1666 1003 1722 nostris
1016 1675 1091 1722 tem-

53 1746 168 1820 poribus
197 1753 435 1820 conquerantur.
480 1743 558 1801 Olim
571 1743 698 1803 Romani
710 1743 783 1803 haee
797 1767 873 1804 vana
887 1757 1091 1805 contemnunt.

52 1827 80 1885 Si
98 1829 460 1899 autem-consuluerunt,
486 1827 700 1904 respondeatur
725 1830 796 1906 quid
821 1833 878 1888 ista
903 1831 1091 1908 profuerunt,

52 1913 163 1987 quando
177 1929 236 1988 per
249 1909 395 1968 humanas
409 1910 554 1968 duntaxat
567 1915 664 1990 leges,
693 1917 811 1972 nemine
835 1913 1026 1992 probibente,
1052 1915 1090 1971 li-

51 2005 181 2052 suerunt.

405 2093 526 2152 CAP.
570 2093 735 2154 XXlll.

50 2173 86 2228 De
94 2174 280 2228 interioribus
289 2173 383 2237 malis,
393 2173 489 2242 quibus
499 2175 622 2230 Romana
633 2178 785 2246 respublica
796 2178 940 2249 exufflatur
951 2187 1003 2244 eet,
1012 2195 1091 2248 prae·

49 2247 151 2299 cedente
160 2243 307 2314 prodigio,
328 2244 437 2313 quodie
447 2243 523 2296 rabie
534 2247 650 2299 οιιιιιίιιιιι
661 2247 832 2312 animalium,
852 2265 921 2318 quae
940 2246 1091 2302 bominibus

469 2315 599 2379 ιενυιῗιιιιι,
608 2317 681 2388 fuit.

105 2403 168 2462 Sed
181 2407 244 2461 iam
257 2405 310 2460 illa
323 2404 401 2459 mala
413 2402 558 2476 breviter,
573 2415 715 2480 quantum
727 2426 899 2481 possumus,
914 2427 1090 2464 commemo·

48 2508 160 2560 remus,
190 2507 270 2566 quae
284 2495 397 2563 quanto
416 2488 578 2560 interiora,
601 2497 686 2544 tanto
711 2492 867 2548 miseriora
893 2493 1090 2547 exstiterunt:

49 2572 214 2630 discordiae
228 2573 350 2642 civiles,
364 2572 412 2628 vel
424 2572 524 2646 potins
538 2572 691 2644 inciviles,
712 2590 768 2628 nec
781 2573 839 2628 iam
854 2572 1026 2642 seditiones,
1040 2572 1092 2626 sed

48 2659 136 2712 ctiam
161 2659 227 2732 ipsa
252 2656 332 2712 bella
358 2654 486 2726 urbana,
514 2653 566 2708 nbi
579 2661 681 2708 tentus
694 2651 939 2731 sanguiseffusus
954 2661 1015 2725 est,
1041 2653 1091 2710 ubi

45 2741 179 2814 partium
192 2739 309 2810 studia,
330 2755 391 2794 non
405 2738 582 2794 concionum
596 2734 831 2794 dissensionibus
844 2737 994 2812 variisque
1006 2738 1090 2793 voci-

44 2823 102 2878 bus
129 2823 162 2878 in
187 2824 385 2894 alterutrum,
411 2819 463 2876 sed
474 2821 561 2896 plane
574 2819 634 2876 iam
644 2817 725 2876 ferro
740 2821 888 2896 armisque
902 2820 1088 2878 saeviebant:

45 2907 121 2963 bella
144 2908 288 2977 socialia,
313 2905 390 2961 bella
404 2904 539 2976 servilia,
564 2903 641 2961 bella
655 2904 754 2960 civilia
767 2913 910 2980 quantum
922 2901 1087 2962 Romanum

44 3008 183 3046 eruorem
204 2989 365 3060 fuderunt,
392 2995 533 3064 quantam
545 2984 648 3044 ltaliae
663 2989 861 3044 vastationem
874 2986 1086 3046 desertionem-

43 3092 99 3148 qne
113 3069 275 3131 fecerantl
298 3071 431 3146 Namque
445 3078 532 3126 antea
545 3088 633 3147 quam
646 3089 678 3128 se
691 3071 832 3130 adversus
840 3069 963 3130 Romam
977 3074 1086 3129 sociale

43 3156 162 3214 Latium
176 3165 397 3224 commoveret,
420 3162 528 3210 cuneta
541 3155 679 3210 animalia
692 3153 828 3212 humanis
842 3155 944 3212 usibus
959 3155 1086 3224 subdita,

44 3259 149 3314 canes,
179 3242 267 3316 equi,
292 3239 388 3308 asini,
413 3236 521 3307 bores,
540 3245 570 3293 et
582 3255 716 3314 quaeque
729 3241 787 3296 alia
804 3257 912 3313 pecora
925 3240 978 3296 sub
991 3238 1085 3294 bomi-

43 3343 111 3381 num
140 3324 275 3382 dominio
302 3321 443 3394 fuerunt,
470 3320 567 3377 subito
582 3317 701 3380 efferata
715 3331 745 3379 et
764 3321 941 3378 domesticae
954 3321 1085 3380 lenitatis

44 3409 150 3482 oblita,
176 3408 296 3464 relictis
312 3405 400 3462 tectis
413 3403 506 3460 libera
519 3405 721 3483 vagabantur,
742 3415 772 3460 et
786 3424 902 3464 omnem
915 3424 977 3462 non
991 3405 1087 3460 solum

43 3492 186 3566 aliorum,
201 3509 310 3548 verum
321 3490 411 3546 etiam
421 3485 608 3546 dominorum
621 3490 833 3546 aversabantur
846 3506 1009 3556 aceessum,
1024 3501 1087 3538 non

43 3574 106 3630 sine
121 3576 217 3632 exitio
233 3575 284 3630 vel
297 3573 430 3649 perieulo
444 3570 597 3644 audentis,
625 3573 730 3650 siquis
745 3571 781 3630 de
799 3573 935 3646 proximo
955 3575 1085 3644 urgeret.

44 3657 154 3722 Quanti
166 3659 240 3716 mali
255 3658 379 3736 signum
392 3654 461 3726 fuit,
475 3655 502 3710 si
515 3651 572 3710 hoc
584 3657 703 3734 signum
716 3654 792 3727 fnit,
806 3651 884 3728 quod
897 3659 1012 3706 tantum
1025 3667 1087 3706 ma-

42 3738 100 3796 lum
112 3741 189 3813 fnit,
204 3743 232 3798 si
248 3742 341 3798 etiam
354 3739 474 3816 signum
488 3755 548 3796 non
562 3734 642 3794 fuitl
668 3735 734 3794 Hoc
746 3739 773 3794 si
783 3736 895 3792 nostris
905 3733 1087 3808 temporibus

44 3823 216 3898 accidisset,
244 3821 412 3882 rabidiores
427 3823 499 3878 istos
514 3838 601 3896 quam
613 3822 658 3876 illi
672 3837 725 3878 sna
749 3819 886 3874 animalia
911 3826 1086 3890 pateremur.
