2590 4396
256 216 319 277 DE
343 215 562 276 ClVlTATE
591 217 668 277 DEl
702 219 781 279 nin
804 221 864 281 lll.
1046 231 1082 290 sl

47 467 87 523 lle
103 464 261 534 efflictim
282 462 346 517 betti
353 463 457 518 Punici
475 465 596 529 musti,
616 483 684 534 quoe
695 468 765 522 eires
776 470 917 540 utrimque
926 474 1085 540 parsisses·

476 544 661 589 eumtsewnt.

102 623 246 683 Secundo
260 631 360 679 eutem
374 623 449 680 bello
461 623 574 682 Punico
588 626 675 683 nimis
701 629 821 706 longum
843 639 888 686 est
914 649 1086 690 oounuemo-

45 729 109 766 rare
124 707 227 766 clades
253 706 379 762 duonun
402 709 593 783 populorum,
618 720 679 767 tenu
690 712 779 790 longe
793 731 892 770 seeum
905 717 1021 790 lateque
1033 733 1086 788 pu-

44 793 219 871 gnantium3
246 791 290 846 ita
303 788 394 846 uthis
408 809 523 866 quoque
536 791 713 867 fatentibus,
740 797 790 870 qui
804 815 864 853 non
879 806 940 854 tam
965 816 1087 854 namne

44 879 116 932 bolla
129 874 289 945 Romana,
309 892 396 950 quarn
406 873 572 932 Romanum
584 877 737 952 imperium
749 880 869 936 laudare
882 882 1087 952 instiuiorunt,

45 961 170 1016 similior
190 959 272 1015 vieto
297 955 389 1014 firerit
410 959 460 1014 ille
485 960 536 1033 qui
560 961 642 1018 rieit.
684 959 852 1019 llauniliale
863 967 969 1039 quippe
980 963 1016 1018 ab
1030 963 1085 1019 Hi-

45 1045 144 1118 spanis
159 1049 324 1118 surgente,
338 1049 368 1098 et
376 1039 539 1118 Pyrenaeis
551 1043 698 1102 montibus
713 1049 867 1120 superatis,
883 1046 978 1103 Gallia
987 1054 1086 1102 nans-

45 1144 145 1198 cursa,
172 1125 357 1199 Alpibusque
379 1124 536 1200 disruptis,
562 1129 724 1206 tamlongo
742 1129 867 1186 eirouitu
893 1130 987 1186 auctis
1012 1131 1085 1186 riri-
1149 1193 1153 1200 ,

45 1212 110 1281 bus,
138 1217 251 1265 cuneta
275 1207 422 1265 restantio
448 1219 499 1266 aut
523 1210 704 1288 subigendo,
730 1213 873 1268 torrentis
886 1212 972 1269 modo
985 1210 1086 1268 {telino

47 1292 176 1349 faucibus
189 1293 344 1364 irruente,
360 1310 447 1367 quom
461 1303 585 1350 eruente
598 1295 674 1350 bello
687 1304 772 1372 gesta
785 1304 873 1366 sunt,
897 1313 983 1369 quam
995 1296 1087 1352 multe

46 1371 173 1451 proelinl
200 1376 319 1450 quoties
334 1373 463 1432 Romani
475 1372 623 1452 superatii
651 1377 746 1444 Quen
758 1379 848 1434 multa
862 1378 897 1435 ed
908 1376 1022 1433 hostem
1035 1396 1086 1452 op-

47 1459 114 1534 pilo
125 1459 317 1530 deiecerunt,
344 1477 432 1534 quarn
443 1461 535 1516 inulta
547 1470 633 1535 ospta
645 1469 677 1517 et
694 1457 854 1535 oppressai
897 1461 991 1528 Quam
1004 1459 1086 1516 (lirae

46 1560 179 1619 pugnae,
203 1551 234 1598 et
258 1543 350 1598 toties
376 1540 537 1600 Hannibali
559 1541 693 1600 lismona
719 1543 800 1600 clade
825 1538 996 1623 gloriossei
1040 1542 1086 1600 De

47 1624 194 1682 Cannensi
220 1635 321 1682 autern
345 1626 522 1684 mirabiliter
546 1625 692 1684 horrendo
718 1629 793 1684 melo
807 1625 877 1704 quid
901 1626 1010 1699 dicam,
1036 1627 1087 1685 ubi

47 1708 193 1766 Hannibal
220 1727 288 1766 eum
314 1718 395 1765 esset
423 1709 656 1782 crudelissimus,
682 1719 781 1768 tamon
804 1718 887 1768 tanta
900 1711 1086 1766 inimieorum

46 1794 299 1851 atrocissimorum
313 1791 404 1850 eaelo
416 1793 556 1865 ιιιὶιιιιι,
571 1795 653 1869 porei
665 1795 788 1852 iussisse
800 1789 992 1870 perhibent
1023 1784 1086 1849 Vn-

46 1875 76 1931 de
91 1886 155 1932 tres
168 1875 284 1932 modios
313 1877 491 1934 annulorum
505 1893 660 1934 aureorum
674 1875 883 1956 Carthaginem
906 1877 1002 1933 misit:
1028 1894 1086 1950 quo

46 1961 268 2038 intelligerent,
296 1968 412 2016 ιιιιιιιι
434 1960 466 2016 ia
489 1961 540 2016 illo
553 1961 663 2035 proelio
678 1960 854 2040 (lignitatem
868 1959 1011 2016 oeeiclisse
1024 1957 1086 2016 lto-

46 2061 177 2115 uenam,
202 2051 237 2097 ut
250 2041 370 2099 facilius
383 2061 448 2098 earo
462 2053 729 2118 eaperetmensurs
748 2061 835 2120 quen
861 2057 1014 2113 nrmerus3
1040 2052 1085 2098 at·

47 2146 94 2201 que
107 2125 184 2182 bino
199 2126 436 2203 stragesturbae
450 2136 600 2198 caeterae,
627 2136 710 2185 tanto
736 2129 838 2202 utique
864 2125 1086 2196 numerosioris,

46 2220 150 2284 quanto
164 2208 342 2281 infimioris,
369 2227 445 2285 quae
463 2210 527 2266 sine
541 2212 660 2268 onusslis
677 2210 807 2282 iacebat,
834 2207 1020 2266 eoniieienda
1032 2227 1085 2284 po-

47 2295 97 2350 tius
111 2311 207 2368 quarn
219 2291 385 2350 ιιιιιιιίιιιιὼι
396 2301 558 2368 putaretur.
602 2293 739 2370 Denique
752 2301 836 2352 ιιιιιι
847 2294 973 2350 militnm
986 2292 1086 2366 inopis

47 2386 143 2434 secuta
157 2384 220 2447 est,
232 2383 267 2431 ut
277 2371 405 2434 Romani
418 2393 484 2434 reos
497 2376 661 2435 sueinorurn
673 2379 824 2454 proposita
836 2378 1011 2451 inpunitate
1025 2377 1085 2432 eol-

47 2461 188 2536 ligerent,
217 2459 341 2516 servitia
353 2459 491 2518 libertate
507 2459 670 2533 donarent,
697 2470 785 2535 atque
799 2478 837 2516 ex
849 2461 908 2516 illis
921 2457 1084 2533 pudendus,

46 2563 99 2600 ron
112 2553 177 2600 tons
190 2543 378 2616 suppleretur
391 2560 477 2619 quam
497 2545 705 2600 institueretur
718 2545 876 2598 exereitus.
913 2539 1015 2596 Servis
1029 2541 1086 2595 ita-

46 2645 115 2701 que,
142 2627 203 2684 imo
218 2625 412 2683 neronianus
426 2626 580 2696 iniuriam,
606 2628 665 2682 iarn
676 2626 809 2694 libertis,
826 2641 879 2696 pro
892 2620 1024 2677 Romana
1037 2639 1085 2676 re-

44 2711 162 2783 publiea
184 2710 363 2786 pugnaturis
388 2725 470 2766 orme
495 2707 662 2766 defuerunt
705 2705 848 2764 Detracta
873 2712 942 2760 sunt
958 2704 1086 2777 templis,

44 2803 186 2866 tanquam
198 2789 325 2850 Romani
339 2791 395 2848 diis
410 2792 471 2848 suis
485 2792 633 2850 elicerent:
646 2789 753 2848 Ponite
764 2806 840 2864 quae
851 2796 913 2844 tam
925 2787 975 2844 sliu
988 2787 1085 2842 ἰιιιιιιί-

45 2887 88 2930 ter
113 2872 275 2946 habuistis,
304 2893 344 2932 ue
357 2874 437 2932 forte
450 2875 560 2952 aliquid
573 2876 647 2932 utile
660 2873 729 2930 inde
743 2873 842 2929 iecere
854 2873 971 2947 possint
984 2880 1087 2928 nostre

45 2960 206 3034 mancipia,
222 2958 302 3016 unde
316 2976 370 3016 ves
384 2966 487 3016 nosue
500 2959 621 3016 numine
634 2956 709 3016 nibil
721 2957 820 3014 inoere
830 2957 977 3031 potuistis.
1001 2952 1087 3010 Tune

46 3045 130 3098 etiam
144 3042 303 3116 stipendiis
316 3039 499 3100 suffieieudis
513 3059 579 3098 oum
602 3041 760 3099 deieeisset
785 3040 945 3110 aerarium,
970 3039 1002 3094 in
1015 3056 1086 3094 usus

45 3126 174 3199 publicos
189 3143 260 3200 opes
273 3143 388 3184 venere
400 3125 549 3198 privatae,
578 3125 652 3183 adeo
663 3141 840 3200 unoquoque
853 3122 884 3179 id
897 3121 974 3198 quod
986 3119 1087 3176 babuit

46 3208 232 3280 conferente,
259 3217 294 3266 ut
318 3215 440 3284 praeter
464 3209 597 3286 singulos
622 3210 747 3268 annulos
771 3223 876 3264 eureos
896 3206 1087 3282 singulasque

46 3291 132 3350 bullas
145 3292 332 3350 miserabilia
344 3274 502 3452 &itatis
523 3292 670 3369 insigniis,
697 3289 770 3348 nun
793 3288 850 3344 sibi
875 3289 940 3345 nuri
966 3295 1086 3342 senatus

45 3375 115 3449 ipse,
151 3385 267 3452 quanto
294 3393 343 3432 ιιι
421 3377 529 3432 coeteri
555 3373 673 3432 ordines
698 3373 851 3445 tribusque
874 3371 1086 3442 relinquerent.

46 3457 112 3526 Quis
124 3459 221 3516 ferret
234 3461 334 3530 istos,
363 3457 390 3513 si
403 3459 513 3514 nostris
527 3457 705 3532 temporibus
718 3455 755 3512 od
767 3451 843 3510 bauo
855 3453 984 3526 inopiam
998 3465 1086 3524 eoge-

45 3551 158 3616 rontnr,
185 3561 255 3602 eum
270 3559 323 3598 eos
337 3539 425 3596 modo
438 3543 489 3598 vix
504 3541 649 3611 feramus,
677 3537 792 3614 quaudo
804 3555 858 3611 pro
871 3529 1019 3606 siiperilua
1033 3547 1086 3585 vo·

45 3625 149 3700 luptate
160 3629 250 3704 plura
264 3623 420 3682 donantur
432 3622 643 3695 histrionibus,
667 3639 755 3698 quom
768 3629 840 3678 tuno
854 3613 1020 3692 legionibus
1031 3629 1086 3687 pro

47 3717 171 3768 extremo
186 3711 287 3766 solute
302 3707 409 3763 collatu
423 3703 513 3764 eunti
