2590 4396
254 229 319 289 DF·
343 227 560 288 civium
585 227 663 288 DEI
684 229 764 287 tls.
787 229 840 287 lV.
1012 235 1069 290 123

34 390 140 467 dignior
164 387 328 459 aptiorque
346 379 514 455 ridebatur,
540 397 557 437 ι
570 379 626 436 diis
640 381 745 436 alicnis
759 391 894 437 cerneret
907 401 1067 457 praeoccu-

33 483 135 547 patum,
166 485 232 523 nou
246 465 361 521 audens
376 463 485 539 aliquid
498 473 601 521 contra
615 481 716 519 corum
731 464 829 519 facere
843 465 1012 537 arbitrium,
1027 479 1069 523 ·et

34 554 146 610 credens
162 568 218 606 eos
232 557 320 604 tanto
334 548 451 603 numini
464 565 576 623 suoque
588 547 716 622 principi
737 549 890 602 voluntate
917 560 1067 620 cessuros,

34 641 89 713 quia
103 635 194 691 multi
212 639 299 688 erant
313 632 375 686 illic
390 630 441 685 ubi
454 629 629 705 Capitolium
643 631 837 686 constitutum
851 637 912 702 est,
938 649 991 706 per
1016 649 1067 686 au-

33 723 139 799 gurium
159 715 330 792 quaesivit,
357 721 458 770 utrum
472 713 632 769 concedere
645 713 741 768 locum
754 711 954 770 vellentlovi:
981 723 1069 788 atque

33 807 78 879 ipsi
91 802 161 858 inde
177 797 288 855 cedere
303 815 406 853 omncs
418 798 591 868 voluerunt,
616 804 734 869 praeter
758 797 824 851 illos
848 813 922 871 quos
942 815 1068 852 commc-

33 887 150 956 noravi,
181 881 329 952 Martem,
357 879 544 952 Terminum,
572 879 769 936 Iuventatem:
796 881 883 954 atque
901 879 967 936 ideo
981 877 1067 952 Capi-

34 973 124 1026 tolium
138 970 185 1024 ita
201 972 410 1021 constructum
425 971 484 1034 est,
510 972 544 1018 ut
557 965 644 1018 ctiam
658 963 710 1017 isti
722 971 783 1017 trcs
797 963 880 1018 intus
895 970 996 1018 essent
1008 971 1068 1017 tam

34 1053 156 1110 obscuris
172 1051 292 1127 signia,
319 1056 355 1103 ut
366 1045 423 1102 hoc
436 1047 487 1102 vix
500 1044 633 1102 homines
647 1043 809 1101 doctissimi
822 1046 942 1100 scirent.
978 1043 1067 1100 Nullo

34 1137 106 1193 nodo
119 1136 219 1212 igitur
232 1131 421 1187 Felicitatem
433 1129 545 1202 lupiter
557 1131 620 1204 ipse
634 1136 851 1199 contemneret,
872 1130 949 1183 sicut
962 1145 979 1183 a
992 1125 1067 1182 'l'er-

35 1223 117 1290 mino,
143 1216 263 1285 Martc,
290 1212 446 1269 Iuventate
472 1221 637 1268 contemtus
665 1220 719 1265 est.
763 1209 822 1266 Sed
835 1212 893 1283 ipsi
907 1212 996 1265 etiam
1018 1211 1069 1281 qui

36 1322 83 1358 non
97 1307 259 1357 cesserant
274 1295 357 1367 lovi,
380 1295 513 1368 profecto
528 1294 670 1350 cederent
682 1292 846 1362 Felicitati,
861 1309 936 1366 quae
949 1293 1008 1346 illis
1022 1309 1069 1344 re-

35 1405 90 1462 gem
103 1385 223 1439 fecerat
236 1379 349 1434 lovem.
391 1379 451 1434 Aut
476 1379 502 1433 si
529 1395 589 1433 non
616 1375 772 1444 cederent,
799 1392 860 1428 non
873 1373 904 1427 id
922 1382 1069 1428 contemtu

35 1470 86 1523 eius
111 1467 270 1532 facerent,
299 1459 351 1516 sed
366 1459 442 1534 quod
454 1463 486 1514 in
500 1460 586 1514 domo
599 1458 762 1513 Felicitatis
787 1455 904 1512 obscuri
920 1473 985 1510 csse
998 1457 1070 1510 mal·

36 1553 102 1622 lent,
128 1567 223 1623 quam
237 1546 306 1600 sine
318 1545 369 1600 illa
382 1544 413 1596 in
427 1543 499 1597 locis
512 1541 640 1616 propriis
659 1541 797 1594 eminere.
920 1601 940 1610 ,Δ
1105 1523 1107 1527 ’

68 1632 108 1688 lta
121 1633 177 1688 dea
191 1628 354 1685 Felicitate
367 1625 399 1679 in
412 1626 476 1680 loco
490 1624 668 1699 amplissimo
682 1632 712 1678 et
722 1623 884 1677 celsissimo
897 1623 1070 1692 constituta,

38 1717 175 1772 discerent
190 1713 293 1780 cives,
319 1707 398 1764 unde
411 1708 480 1763 boni
493 1709 556 1764 voti
567 1705 727 1781 petendum
740 1714 819 1761 esset
832 1706 984 1761 auxilium.
1029 1705 1070 1759 Ac

39 1803 70 1854 sic
82 1803 142 1873 ipsa
156 1794 311 1852 suadente
321 1799 443 1863 natura,
457 1791 583 1846 aliorum
592 1789 714 1845 deorum
725 1786 873 1863 superflua
882 1786 1071 1844 multitudine

40 1883 182 1951 derelicta,
214 1879 366 1933 coleretur
383 1891 444 1930 una
463 1873 618 1944 Felicitas,
646 1873 698 1928 uni
727 1873 956 1946 supplicaretur,
982 1872 1071 1926 unius

40 1967 162 2041 templum
176 1962 426 2034 frequentaretur
439 1974 456 2012 a
471 1957 584 2014 civibus
599 1957 651 2030 qui
664 1955 767 2011 felices
781 1973 846 2010 csse
858 1956 984 2023 vellent,
999 1970 1071 2028 quo-

41 2067 90 2105 rum
103 2054 187 2103 esset
201 2061 293 2100 nemo
313 2043 365 2116 qui
391 2042 497 2096 nollet:
524 2049 612 2113 atque
626 2040 667 2094 ita
681 2039 744 2114 ipsa
758 2056 775 2092 a
789 2055 820 2091 se
834 2039 898 2109 ipsa
910 2043 1072 2109 peteretur,

42 2150 98 2207 quae
111 2131 148 2186 ab
163 2126 308 2185 omnibus
329 2124 492 2198 petebatur.
537 2123 611 2190 Quis
626 2124 705 2178 enim
719 2118 830 2193 aliquid
843 2120 878 2174 ab
893 2119 991 2192 aliquo
1005 2116 1072 2186 deo,

42 2217 85 2270 uisi
97 2214 281 2270 felicitatem
293 2209 366 2263 velit
379 2208 523 2280 accipere,
537 2207 584 2263 vel
598 2203 674 2280 quod
688 2202 723 2260 ad
737 2203 909 2258 felicitatem
923 2200 1073 2255 existimat

41 2290 200 2372 pertinere?
228 2289 360 2348 Proinde
384 2291 410 2346 si
424 2290 549 2347 felicitas
563 2287 651 2346 habet
663 2289 695 2345 in
709 2293 855 2361 potestate
869 2301 934 2339 cum
948 2301 1006 2358 quo
1019 2281 1070 2338 ho·

42 2384 103 2437 niue
117 2382 157 2436 sit
186 2375 422 2447 (hebetantem,
449 2375 475 2428 si
489 2372 544 2428 dea
558 2368 631 2450 est),
658 2387 732 2446 quae
746 2367 863 2424 taudem
877 2367 1003 2423 stultitia
1017 2374 1072 2435 est,

42 2465 187 2538 abaliquo
216 2477 284 2516 eam
310 2455 365 2514 deo
391 2467 508 2532 petere,
535 2473 622 2531 quam
634 2455 730 2529 possis
744 2471 762 2506 a
775 2470 807 2506 se
820 2444 1073 2525 ipsaimpetrarel

42 2546 113 2603 lianc
127 2564 203 2622 ergo
218 2544 304 2598 deam
319 2559 408 2616 super
421 2541 490 2596 deos
505 2548 639 2596 caeteros
648 2536 795 2592 honorare
807 2535 897 2587 etiam
906 2533 964 2585 loci
975 2529 1073 2604 digni-

42 2641 91 2686 tate
104 2630 282 2685 debuerunt.
327 2621 414 2681 Sicut
427 2625 506 2680 enim
519 2620 596 2696 apud
608 2623 689 2694 ipsos
701 2617 826 2692 legitur:
852 2611 979 2668 Romani
993 2619 1074 2665 vete-

42 2731 82 2769 res
95 2713 197 2769 nescio
210 2727 301 2784 quem
315 2706 520 2776 Summanum,
537 2704 586 2759 cui
600 2710 745 2758 nocturna
758 2695 882 2752 fulmina
895 2692 1074 2762 tribuebant,

42 2798 192 2852 coluerunt
203 2794 301 2870 magis
316 2810 404 2867 quam
417 2789 531 2860 lovcm,
558 2785 595 2842 ad
608 2803 694 2861 quem
707 2781 814 2838 diurna
836 2777 961 2835 fulmina
983 2776 1074 2851 perti·

43 2889 149 2936 nerent.
194 2875 256 2934 Sed
269 2885 426 2951 postquam
438 2872 500 2930 lovi
519 2871 661 2945 templum
675 2867 796 2942 insigne
815 2881 850 2920 ac
866 2861 989 2918 sublime
1004 2877 1075 2915 con-

43 2971 177 3020 structum
205 2969 268 3031 est,
295 2967 417 3032 propter
429 2957 510 3012 aedis
525 2954 700 3034 dignitatem
713 2952 757 3006 sic
770 2947 807 3004 ad
828 2965 895 3002 eum
918 2942 1075 3000 multitudo

43 3047 195 3116 confluxit,
209 3045 309 3102 utrix
322 3042 494 3098 inveniatur
507 3041 557 3112 qui
571 3035 725 3092 Summani
738 3050 862 3099 nomen,
882 3027 960 3104 quod
974 3027 1076 3083 audire

42 3132 92 3185 iam
104 3148 165 3186 non
178 3135 296 3201 potest,
317 3143 350 3179 se
364 3124 467 3178 saltem
479 3121 588 3198 legisse
601 3117 776 3174 meminerit.
820 3113 855 3172 si
868 3121 967 3168 autem
980 3111 1074 3168 felici-

43 3225 80 3268 tas
92 3215 145 3270 dea
157 3230 221 3268 non
235 3218 297 3280 est3
324 3207 477 3282 quoniam,
505 3203 583 3278 quod
605 3219 709 3258 verum
735 3209 798 3270 est,
825 3212 932 3252 munus
947 3193 1076 3261 estDei3

42 3297 84 3352 ille
96 3296 177 3354 Deus
192 3300 373 3370 quaeratur,
398 3291 448 3364 qui
462 3305 526 3343 eam
539 3287 609 3342 dare
622 3283 731 3360 possit,
759 3291 789 3337 et
801 3280 923 3337 deorum
936 3278 1077 3333 falsorum

43 3378 190 3436 multitudo
207 3376 301 3433 noxia
315 3374 518 3448 relinquatur,
544 3387 630 3444 quam
644 3369 800 3423 stultorum
812 3363 963 3420 hominum
976 3358 1076 3414 multi-

43 3464 103 3520 tudo
115 3481 195 3521 rana
210 3469 363 3528 sectatur,
392 3455 468 3511 dona
482 3453 541 3510 Dei
555 3452 624 3508 deos
640 3451 695 3508 sibi
716 3446 845 3518 faciens,
874 3454 904 3500 et
917 3446 1013 3517 ipsum
1027 3456 1077 3493 cu-

43 3548 81 3603 ius
94 3567 127 3604 ea
145 3547 227 3603 dona
255 3551 342 3612 sunt,
369 3539 569 3596 obstinatione
583 3533 726 3611 superbae
739 3529 901 3588 voluntatis
916 3521 1078 3580 offendens,

43 3627 85 3687 Sic
100 3633 179 3688 euim
192 3645 298 3686 carere
314 3641 376 3680 non
390 3631 488 3698 potest
500 3620 692 3688 infelicitate,
707 3615 757 3690 qui
771 3623 911 3686 tanquam
926 3605 1010 3662 dcam
1022 3603 1078 3662 Fe-

42 3714 171 3772 licitatum
187 3713 276 3784 colit,
298 3717 330 3764 et
347 3706 445 3764 Deum
457 3705 589 3762 datorem
604 3699 756 3758 felicitatis
769 3692 925 3768 relinquit:
941 3690 1017 3745 sicut
1031 3704 1079 3743 aa·

43 3815 95 3856 rere
122 3817 186 3856 non
212 3803 318 3872 potest
345 3790 438 3861 fame,
464 3791 515 3864 qui
527 3805 632 3862 panem
645 3784 759 3858 pictum
778 3775 907 3854 linguit,
935 3783 965 3828 et
978 3772 1013 3830 ab
1027 3769 1080 3828 ho-

43 3885 106 3941 mino
120 3886 297 3962 quiveram
310 3875 419 3943 habet,
446 3891 505 3928 non
520 3871 602 3944 petit.
