2590 4396
246 209 307 266 DE
335 207 548 267 ClVlTATE
573 207 651 265 DEI
683 209 764 267 LlB.
784 211 835 270 lV.
1003 217 1059 274 loo

46 366 82 418 ins
94 360 151 417 Dei
166 364 232 418 reri
242 369 307 417 erat
318 361 459 418 auxilium
469 363 672 432 necessarium,
682 379 699 416 e
710 379 766 436 quo
776 365 958 422 mitterentur
967 371 1060 423 sancti

45 447 91 501 riri
103 456 132 502 et
143 446 295 502 veraciter
305 445 362 518 pii,
379 446 429 519 qui
440 461 570 519 provere
582 445 726 520 religione
734 457 931 520 nuorerentur,
946 460 979 506 ut
989 451 1061 506 leisc

44 531 233 586 evitantibus
248 528 431 584 tollerentur.

413 676 435 736 C
448 677 473 734 Α
486 677 519 735 Ρ.
561 679 593 739 X
604 679 636 738 X
647 679 687 738 X.

69 773 162 836 Qualia
176 775 210 826 de
221 773 402 842 tangentium
412 774 492 828 etiam
502 776 615 828 cultores
630 791 720 828 earum
729 792 757 827 ιι
770 775 1025 847 smtiresateaatur.

77 860 173 920 Cicero
187 880 288 939 augur
300 860 405 917 irridet
417 865 555 940 auguria,
573 874 603 920 et
615 863 799 940 reprehendit
813 860 960 937 homines,
980 867 1061 923 corvi

43 955 68 999 ct
77 946 243 1002 corniculae
256 946 377 1002 vocibus
390 947 468 1002 vitae
478 949 600 1004 consilia
612 948 803 1005 moderantes.
846 947 905 1007 sen
920 951 976 1006 istc
989 949 1059 1006 Aca·

44 1026 161 1086 demicus
176 1031 231 1105 qui
246 1029 345 1084 omnia
358 1047 421 1084 esse
433 1030 582 1087 contendit
593 1033 719 1105 incerta,
734 1030 873 1108 indignas
888 1035 993 1108 estqui
1008 1031 1058 1089 ba-

42 1114 102 1168 beat
108 1115 199 1168 ullam
208 1113 243 1168 in
254 1108 301 1166 his
310 1111 396 1167 rebus
403 1115 611 1171 auctoritatem.
652 1113 789 1190 Disputat
798 1116 871 1190 apud
884 1135 947 1173 sum
959 1117 994 1182 Q.
1004 1115 1059 1172 ltu-

43 1198 116 1251 cilins
127 1195 241 1252 Balbus
264 1196 297 1250 in
317 1195 443 1252 seeundo
461 1196 496 1252 de
514 1196 631 1254 deornm
648 1197 857 1269 natura'libro,
874 1208 903 1253 et
921 1200 1060 1272 cumipse

44 1281 255 1353 superstitiones
270 1295 309 1333 ex
321 1289 425 1334 natura
437 1297 533 1336 rerum
549 1282 631 1337 velnt
649 1278 785 1356 physicas
804 1290 833 1335 et
851 1279 1060 1354 philosophicas

46 1364 154 1433 inserat,
177 1360 358 1438 indignatur
370 1371 464 1418 tamen
477 1363 657 1418 institutioni
674 1363 892 1419 simulacrorum
906 1372 936 1418 et
948 1364 1060 1436 opinio·

47 1444 122 1499 nibus
136 1445 294 1515 labulcsis,
313 1444 357 1498 ita
374 1444 506 1519 loquens:
528 1443 702 1516 „Videtisne
719 1447 824 1522 igitur,
850 1453 884 1504 ut
901 1465 918 1502 a
934 1444 1061 1521 physicis

49 1526 145 1598 „rebus
156 1529 223 1583 bene
238 1537 333 1602 atque
346 1527 456 1583 utiliter
469 1528 608 1599 inventis,
618 1531 694 1586 ratio
713 1530 751 1584 sit
763 1537 856 1586 tracta
868 1529 904 1586 ad
917 1547 1062 1586 commcn-

52 1611 144 1682 „titios
159 1611 287 1666 stlictoe
305 1606 392 1665 deosi
414 1611 494 1678 Quae
507 1629 555 1667 res
568 1597 672 1689 'genuit
683 1613 772 1669 falsas
791 1614 960 1686 opiniones,
982 1631 1061 1669 erro-

50 1711 158 1768 „rcsque
170 1694 377 1763 turbulentos,
396 1703 425 1748 et
437 1697 656 1768 superstitiones
668 1714 742 1771 pane
755 1697 854 1752 aniles.
896 1695 935 1752 Et
952 1697 1061 1752 formae

47 1779 134 1849 „enim
150 1777 241 1833 nobis
261 1776 399 1846 deorum,
425 1786 595 1848 cesenates,
620 1788 651 1834 et
665 1781 789 1837 vestitus
804 1789 979 1855 orneturque
997 1780 1059 1836 noti

47 1871 132 1931 ,‚snnt:
145 1877 261 1937 genera
273 1868 435 1934 praetcrea,
449 1862 594 1938 coniugia,
609 1865 810 1941 cognationes,
831 1864 985 1938 omniaque
998 1872 1059 1918 tra·

47 1943 188 2014 „dnctaed
200 1942 427 2000 similitudinem
443 1943 647 2000 imbecillitatis
660 1939 810 2002 humanae.
854 1945 928 2002 Nam
946 1955 976 2001 et
993 1963 1059 2018 pcr-

46 2027 175 2098 „turbatis
189 2027 299 2083 animis
312 2024 503 2103 inducuntur:
521 2029 683 2102 accepimns
697 2031 775 2084 enim
787 2028 905 2086 deorum
919 2028 1059 2102 cupidita-

45 2121 108 2182 „tes,
120 2108 338 2189 aegritudines,
352 2108 525 2165 iracundias.
555 2109 616 2166 Nec
629 2131 699 2168 vero
712 2106 759 2189 (ut
770 2111 883 2167 fabulae
893 2106 1004 2188 ierunt)
1019 2109 1058 2165 dii

45 2194 133 2263 „bellis
145 2193 328 2270 praeliisque
347 2202 510 2249 caruerunt.
551 2191 612 2250 Nec
625 2196 735 2265 solum,
753 2203 787 2250 ut
803 2193 878 2270 apud
891 2192 1059 2264 Homerum,

45 2297 116 2346 „cum
129 2278 207 2334 duos
224 2277 368 2332 exercitus
383 2277 543 2332 ιοιιιιιιὶοι
557 2277 608 2334 alii
628 2277 669 2334 dii
687 2279 745 2333 alie
767 2297 805 2334 ex
821 2287 903 2352 parte
923 2276 1059 2334 deiende-

45 2371 128 2432 „rent,
143 2360 200 2417 sed
214 2359 303 2414 etiem
314 2366 348 2415 ut
361 2377 427 2415 cum
440 2357 568 2430 Titania,
587 2371 638 2418 aut
656 2381 721 2418 cum
736 2360 911 2439 (ligantibus
924 2379 975 2417 sna
992 2378 1059 2433 pro-

45 2447 118 2517 „prie
128 2445 211 2500 bella
231 2450 397 2518 gesserunt.
440 2441 521 2498 Haec
534 2452 563 2498 et
575 2442 746 2500 dicunturet
760 2444 1059 2501 credunturatultisai-

44 2524 112 2598 „me,
120 2538 149 2584 ct
158 2529 320 2601 plenasunt
327 2526 465 2582 vanitatis
478 2544 659 2600 summaeque
672 2528 830 2582 levitatis.“
852 2525 930 2581 Ecce
944 2528 1060 2580 interim

45 2629 111 2684 quae
127 2611 308 2668 confitentur
332 2610 382 2684 qai
406 2607 566 2666 defendunt
591 2608 657 2662 deos
675 2609 814 2684 gentium.
855 2605 970 2662 Deinde
996 2624 1060 2662 cum

45 2691 114 2748 baec
128 2693 168 2747 ad
186 2693 421 2766 superstitionem
438 2692 585 2765 pertinere
609 2689 700 2760 dicat,
726 2688 762 2745 ed
779 2689 952 2766 religionem
977 2705 1060 2756 vero,

46 2793 119 2848 quae
131 2776 194 2848 ipse
212 2775 367 2832 secundum
381 2773 495 2832 Stoicos
508 2773 625 2832 videtur
639 2772 756 2830 docere:
782 2767 861 2849 (Non
874 2774 951 2828 enim
966 2770 1060 2847 pbilo-

44 2856 123 2932 sopbi
136 2858 237 2929 solum,
250 2859 363 2932 inquit,
376 2860 577 2928 verumetiam
588 2858 711 2912 maiorer
725 2858 816 2913 nostri
828 2857 1060 2931 superstitionem

41 2960 57 2996 e
68 2943 210 3021 religione
224 2951 440 3016 separaverunt.
481 2939 555 2998 Nem
569 2941 618 3016 qui
631 2949 707 2996 totos
720 2940 781 2996 dies
793 2939 999 3014 precabantur,
1012 2942 1058 2995 in-

38 3027 105 3099 quit,
122 3036 153 3082 et
165 3024 366 3097 immolabant,
380 3034 412 3080 ut
423 3024 478 3080 sibi
492 3028 537 3082 sui
552 3024 636 3080 liberi
649 3025 817 3098 superstites
830 3034 941 3096 essent,
958 3042 1058 3099 super·

38 3111 142 3165 atitimi
160 3119 233 3164 sunt
252 3103 414 3183 appellati):
438 3109 502 3182 quis
521 3127 580 3164 non
596 3108 744 3183 intelligat
766 3125 830 3166 eam
854 3111 969 3179 conari,
991 3107 1058 3163 dum

37 3191 280 3249 consuetudinem
304 3192 432 3248 civitatis
454 3192 551 3262 timet,
574 3191 745 3267 religionem
768 3190 886 3248 laudare
910 3193 1058 3259 maiorum,

37 3294 154 3351 eamque
166 3293 185 3330 a
198 3276 407 3348 superstitione
424 3275 499 3330 uelle
517 3276 684 3350 seiungere,
702 3273 752 3330 sed
769 3273 907 3349 quomodo
925 3275 954 3330 id
967 3275 1060 3350 possit

35 3377 91 3415 non
102 3353 265 3416 invenirel
305 3355 338 3413 Si
351 3358 427 3414 enim
441 3375 458 3413 a
469 3357 624 3414 maioribus
637 3357 681 3412 illi
695 3366 762 3412 sunt
775 3357 911 3431 appellati
923 3357 1060 3432 supersti-

33 3446 115 3516 tiosi,
137 3444 191 3518 qni
204 3450 285 3496 totos
298 3440 359 3496 dies
373 3440 562 3514 precabantur
576 3450 605 3495 ct
616 3439 816 3510 inunolabant,
829 3439 968 3515 numquid
976 3449 1005 3494 et
1018 3437 1061 3492 illi

35 3530 81 3600 qui
95 3527 302 3584 instituerunt
322 3518 410 3598 (quod
427 3525 482 3582 iste
492 3519 689 3601 reprehendit)
708 3509 828 3578 deorum
847 3523 1001 3578 simulacre
1019 3519 1061 3574 di-

34 3629 120 3666 versa
133 3617 252 3678 aetate,
274 3615 396 3664 streete
408 3607 558 3676 distincta,
578 3605 694 3662 deornm
707 3623 830 3682 genera,
844 3605 993 3679 coniugia,
1013 3621 1060 3658 co·

33 3687 215 3768 gnationesi
247 3688 335 3746 Haec
347 3692 446 3764 utique
459 3708 523 3746 cum
537 3699 672 3763 tanquam
684 3689 885 3762 superstitiosa
898 3687 1061 3760 culpantur,

36 3776 170 3850 implicat
189 3777 254 3830 ista
268 3772 354 3844 culpa
376 3774 496 3828 maiores
518 3774 617 3828 talium
640 3772 857 3826 simulacrorum
881 3770 1061 3826 inretitutore

38 3868 124 3934 atque
138 3860 287 3916 cultores:
313 3855 440 3927 implicat
451 3866 480 3912 et
492 3857 601 3930 ipsum,
615 3855 664 3927 qui
676 3854 854 3928 quantolibet
865 3853 977 3927 eloquio
988 3870 1019 3907 se
1031 3852 1062 3906 in
