2510 4404
150 249 151 253 ¹
195 224 256 280 4⁰6
424 211 519 271 olvl
540 211 725 288 AVRELll
745 209 1002 268 AVGVSTlNl

193 375 236 430 lit.
273 365 382 428 Contra
401 366 587 424 milleformes
601 364 771 422 daemonum
791 365 943 435 incursus,
968 367 1038 438 quia
1059 367 1233 420 innocentis

193 471 247 513 sua
259 449 341 510 fiditl
361 448 482 519 Quando
495 449 611 525 quidem
624 465 661 504 ne
675 450 739 523 quia
751 447 864 519 fideret,
878 449 965 503 otiam
977 451 1134 522 parvulos
1153 449 1232 524 bapti

195 548 288 610 satos,
301 537 407 613 quibua
420 541 498 591 eerte
511 531 583 589 nihil
597 543 643 589 ert
655 533 852 603 innocentius,
875 532 1036 607 aliquando
1051 535 1101 588 rie
1117 551 1233 589 vexari.

194 633 229 680 ut
241 625 273 678 in
286 623 327 677 eia
340 621 466 675 maxime
480 617 543 674 Deo
557 619 684 686 sinente,
698 618 755 672 ista
768 625 946 672 monstretur
958 614 1050 672 huius
1065 619 1157 673 vitae
1171 616 1234 672 ileo

195 708 231 764 sla
245 706 403 774 calamitas,
420 712 449 758 et
461 698 581 758 alterins
594 699 784 756 desideranda
797 701 929 756 felieitas.
952 698 1014 755 lam
1029 717 1110 756 vero
1126 701 1166 756 oe
1181 693 1242 776 ipro

196 803 316 864 eorpore
329 797 374 844 tot
387 788 534 842 exsistunt
544 784 712 840 morborum
725 785 815 854 mala,
839 793 871 840 ut
884 801 938 840 nae
950 783 1036 840 libris
1050 783 1242 840 medicorum

196 883 302 930 eunota
315 869 523 944 eomprehensa
535 871 604 924 sint.
626 866 660 922 ln
675 885 799 941 quorum
811 867 940 942 pluribus
954 885 989 924 ao
1003 885 1083 941 pene
1100 869 1234 924 omnihus

196 959 284 1013 etiam
296 958 359 1028 ipsa
371 953 537 1008 adiumenta
551 961 579 1007 et
592 951 801 1006 medicamenta
814 960 957 1008 tormenta
976 961 1067 1023 aunt,
1092 962 1133 1008 ut
1147 951 1234 1008 horru-

197 1057 250 1096 ner
265 1053 282 1094 a
295 1051 456 1114 poenarum
470 1035 562 1092 exitio
576 1035 691 1109 poenali
706 1043 847 1090 eruantur
859 1037 978 1090 auxilio.
1001 1035 1120 1092 Nonne
1135 1036 1175 1092 ael
1188 1035 1232 1091 hae

197 1121 335 1198 perduxit
353 1123 488 1176 sitientes
507 1119 640 1175 homines
659 1117 746 1174 ardor
762 1120 912 1188 immanis,
935 1128 969 1174 ut
982 1121 1109 1175 urinam
1122 1139 1231 1196 quoque

197 1207 352 1262 humanam
364 1207 412 1261 vel
425 1206 513 1260 etiem
527 1221 608 1260 auaro
619 1199 771 1258 biberenti
794 1201 898 1259 Nonne
911 1201 949 1258 ad
965 1200 1021 1258 hoe
1036 1202 1155 1275 fames,
1178 1215 1229 1259 uta

198 1291 334 1348 oarnlbus
348 1288 497 1346 hominum
510 1283 657 1344 abstinere
670 1301 702 1342 ae
714 1303 774 1342 non
789 1296 924 1361 possent,
949 1288 1168 1344 necinventus
1187 1287 1229 1342 lm

197 1377 292 1430 nilnes
304 1382 446 1444 mortuos,
461 1371 512 1427 aad
524 1380 642 1446 propter
654 1368 708 1426 hoe
718 1389 736 1426 a
748 1385 781 1426 ae
795 1371 915 1442 occisos,
929 1389 985 1427 nee
1001 1373 1157 1446 quoslihet
1169 1374 1228 1427 alie

198 1473 263 1528 nor,
278 1473 381 1514 verum
395 1457 483 1512 etlam
496 1455 572 1512 filios
585 1463 692 1510 matres
706 1453 870 1512 iaorerlibili
883 1453 1073 1524 erudelitate,
1089 1475 1179 1531 quam
1191 1475 1228 1511 ra·

197 1541 264 1598 bida
278 1544 388 1598 esuries
402 1540 537 1608 faoiehaa
562 1535 767 1595 absumerent?
788 1537 852 1613 lpse
865 1545 1013 1614 postremo
1028 1557 1169 1610 suminus,
1189 1541 1227 1614 qui

197 1627 313 1700 proprie
321 1627 426 1700 quietio
438 1639 544 1680 nomen
553 1623 677 1697 aooepit‚
691 1624 756 1696 quia
764 1621 860 1679 vorbis
868 1625 996 1697 explicet
1009 1641 1102 1698 saepe
1113 1626 1225 1679 semaia

197 1723 263 1764 rum
275 1711 347 1764 virle
361 1723 447 1782 quam
461 1705 500 1762 rit
512 1707 674 1781 inquietam
701 1709 730 1762 ot
743 1723 830 1783 quam
848 1707 978 1784 maguis,
1003 1707 1077 1762 lieet
1099 1707 1224 1763 falsarum

197 1805 306 1860 remim,
319 1789 493 1860 terroribus,
507 1803 580 1864 quas
593 1790 636 1845 ita
650 1787 784 1862 exhibet,
804 1800 832 1848 et
845 1791 968 1866 quodam
980 1790 1074 1847 modo
1090 1793 1220 1867 exprimit,

200 1875 352 1932 utereris
367 1887 415 1930 eas
427 1871 594 1929 discernere
608 1889 799 1947 nequeamus,
819 1876 945 1930 animam
957 1875 1106 1930 miseram
1120 1892 1216 1931 sensur-

200 1973 257 2035 que
270 1953 436 2034 perturbati
472 1958 537 2024 (lna
552 1957 680 2013 falsitate
693 1959 824 2018 virorum
843 1960 930 2014 etiem
942 1959 1114 2036 vigilantes
1129 1962 1157 2015 iu
1166 1957 1216 2033 qui·

200 2041 319 2100 burdam
331 2038 439 2098 moritis
453 2050 483 2096 et
492 2043 613 2098 venenis
623 2041 819 2098 miserabilius
830 2045 994 2120 agitentur:
1010 2045 1150 2117 quamvis
1163 2043 1218 2098 mu·

200 2126 310 2183 timoda
322 2128 465 2183 varietate
482 2122 614 2181 iallaeiae
626 2123 759 2181 homines
773 2127 863 2182 etiam
876 2143 963 2182 sanor
976 2128 1108 2204 maligni
1121 2127 1221 2182 daemo

200 2229 253 2268 nes
277 2225 486 2284 nonnunquam
508 2207 655 2283 ‹leoipiont
676 2209 783 2265 talibus
805 2211 889 2282 viris,
912 2220 945 2266 ut
960 2211 1053 2266 etiam
1075 2214 1103 2267 ai
1120 2229 1168 2266 eos
1179 2225 1220 2285 per

199 2295 270 2351 haee
282 2293 320 2350 ad
332 2301 386 2350 ina
398 2289 551 2348 traduoero
565 2309 625 2348 non
639 2293 801 2370 potuerint,
820 2311 924 2350 seusus
938 2303 1039 2350 tamen
1054 2315 1155 2352 eorum
1169 2295 1219 2348 sole

200 2379 327 2454 appetitu
342 2378 582 2451 qualitercunque
594 2374 811 2450 persuadendae
824 2377 960 2434 falsitatis
973 2377 1113 2436 illudant.

262 2461 305 2520 Ab
317 2461 404 2517 huius
422 2470 481 2517 tam
498 2461 623 2516 miserae
642 2463 726 2535 quasi
744 2460 914 2536 quibusdam
930 2460 1036 2520 inferis
1058 2466 1145 2533 vitae,
1164 2481 1215 2517 non
1241 2465 1242 2490 ³

200 2549 304 2605 liberat
317 2546 377 2602 nisi
387 2547 482 2623 gratia
493 2541 654 2601 salvatoris
664 2543 784 2616 Christi,
798 2543 855 2601 Dei
866 2562 900 2602 ao
911 2545 1035 2602 Domini
1049 2549 1151 2603 nostri
1163 2544 1214 2602 Hae

199 2634 279 2690 anim
291 2644 399 2687 nomen
413 2639 458 2684 est
470 2629 532 2702 ipse
545 2626 642 2699 lesua3
658 2629 868 2702 interpretatur
881 2631 983 2706 quippe
996 2628 1148 2688 Salvator:
1164 2649 1213 2686 ma·
1241 2629 1242 2690 1

199 2719 278 2772 xime
291 2729 330 2771 ne
342 2723 409 2789 post
420 2711 495 2768 hano
507 2713 642 2768 miserior
655 2729 689 2768 ae
709 2714 885 2788 sempiterna
901 2715 1062 2787 suscipiat,
1087 2733 1145 2772 nou
1155 2716 1211 2782 vita,

199 2800 250 2856 aad
262 2813 348 2856 mors.
372 2796 446 2853 Nam
459 2799 491 2852 in
503 2797 561 2852 iota
572 2794 704 2871 quamvis
718 2798 778 2852 sint
790 2815 841 2870 per
854 2807 955 2854 senata
967 2815 1002 2854 ae
1015 2809 1133 2856 sanetas
1145 2817 1210 2855 eura·

198 2886 314 2940 tionum
326 2895 432 2956 magna
444 2881 564 2950 aelatia3
578 2889 676 2936 tamen
686 2880 751 2936 ideo
763 2897 822 2936 non
837 2899 949 2956 semper
961 2884 1051 2938 etiam
1066 2885 1128 2958 ipsa
1140 2884 1208 2939 hene
1241 2935 1242 2944 ,

198 2967 265 3022 fioia
279 2964 448 3020 tribuuntur
461 2960 643 3036 petentibus,
670 2983 708 3020 na
726 2974 843 3038 propter
860 2963 916 3021 hoe
935 2967 1042 3044 religio
1062 2977 1205 3042 quaeratur,

199 3065 272 3125 quae
284 3054 402 3120 propter
413 3046 500 3100 aliam
519 3045 613 3122 magis
631 3049 738 3120 vitam,
764 3049 813 3103 uhi
831 3051 907 3104 mala
924 3067 985 3104 non
1004 3062 1094 3108 erunt
1112 3052 1202 3109 omino
1241 3059 1242 3088 l

198 3133 268 3203 ulla,
282 3127 446 3206 quaerentia
461 3137 518 3184 eat:
532 3138 562 3184 et
575 3128 611 3185 ad
624 3128 678 3187 hoe
692 3133 826 3188 meliores
837 3149 965 3208 quosque
979 3135 1010 3188 ia
1023 3131 1071 3189 his
1084 3131 1204 3192 meliari-

197 3219 278 3273 iuvat
291 3215 396 3293 gratia,
410 3223 443 3270 ut
454 3223 562 3290 quanto
573 3213 714 3286 fideliore,
728 3225 811 3272 tanto
825 3217 946 3273 fortiore
955 3216 1042 3272 eorde
1057 3221 1205 3276 tolerentur.

197 3301 241 3358 ml
259 3315 344 3376 quam
362 3298 531 3354 rem'etiam
549 3297 762 3372 philosophiam
779 3300 914 3376 prodesse
933 3300 1036 3358 dieunt
1051 3301 1129 3359 doeti
1140 3303 1205 3358 huius

198 3385 308 3442 saeouli
315 3421 324 3454 ‚
349 3397 436 3458 quam
449 3381 490 3438 tlii
503 3383 673 3457 quibusdam
685 3387 796 3458 paucis,
810 3394 843 3440 ut
855 3387 897 3441 ait
910 3383 1040 3456 Tullius,
1064 3405 1157 3444 veram
1168 3386 1205 3441 de

198 3469 310 3525 derunt.
325 3466 387 3523 Neo
400 3463 573 3535 hominibus,
587 3467 693 3542 inquit,
708 3468 742 3523 ab
753 3466 798 3524 his
810 3478 862 3524 aut
875 3469 975 3524 danim
987 3478 1032 3524 est
1044 3469 1148 3529 donum
1157 3489 1205 3525 ma·

198 3555 255 3622 ius,
270 3561 320 3608 aut
332 3547 426 3625 potuit
438 3551 529 3605 ullum
542 3549 619 3606 olari:
642 3569 736 3626 utque
749 3553 821 3609 adeo
837 3553 946 3627 etipai‚
960 3562 1064 3609 eontra
1076 3573 1143 3630 quoa
1154 3556 1203 3632 agi·

198 3649 278 3702 mur,
293 3633 503 3708 quoquomodo
517 3635 656 3708 eompulri
674 3640 742 3692 runt
755 3637 788 3692 in
800 3633 946 3706 hahendo,
970 3655 1030 3692 uon
1044 3656 1202 3713 quoeunque,
1241 3653 1242 3658 ¹

199 3716 249 3772 aed
261 3731 332 3770 vera
342 3715 525 3790 philosophia
538 3716 666 3775 divinam
678 3721 805 3796 gratiam
818 3720 960 3776 confiteri.
979 3718 1072 3777 Porro
1085 3724 1110 3777 si
1121 3723 1200 3796 paucis

113 3795 123 3818 '
197 3792 339 3854 diiinitus
360 3798 459 3854 datum
477 3808 522 3854 ero
538 3815 625 3856 verae
642 3800 840 3877 philosophiae
858 3813 961 3860 eorrtm
982 3805 1112 3860 naiserias
1134 3805 1200 3860 huius

196 3881 274 3935 vitae
289 3881 406 3936 unitum
418 3883 574 3955 auxilium,
601 3884 672 3940 satir
686 3895 716 3942 et
727 3883 796 3944 hine
810 3896 940 3964 apparet,
962 3886 1114 3946 humanum
1125 3905 1199 3967 germ
