2602 4416
254 216 322 278 DE
344 211 562 274 ClVlTATE
586 213 665 272 DEI
694 214 774 274 LlB.
801 216 841 274 ll.
1034 225 1070 278 41

34 379 61 434 dc
70 375 291 432 adolescentes
307 368 346 425 ad
359 367 530 441 spectacula
542 364 728 442 ludibriaque
748 367 986 446 sacrilegiorum:
1009 387 1061 443 spe

34 461 174 519 ctebamus
196 453 401 528 arreptitios,
433 449 623 506 audiebamus
644 449 888 524 symphoniacos3
912 451 989 508 ludis
1010 461 1074 508 tur·

33 543 174 619 pissimis,
212 539 272 614 qui
300 535 360 591 diis
387 531 556 606 deabusque
581 529 817 605 exhibebantur,
849 534 1076 606 oblectabamur,
1160 571 1166 582 ·

33 625 153 685 Coclesti
180 620 327 699 virgini,
356 624 388 673 et
399 613 615 690 berecynthiae
628 617 717 670 matri
730 617 878 673 omnium:
905 625 975 672 ante
992 618 1077 674 cuius

33 711 160 767 lecticam
173 705 230 761 die
247 701 375 759 solenni
386 699 546 757 lavationis
560 699 642 770 eius,
667 699 739 754 tolia
751 717 804 774 per
813 700 965 772 publicum
979 701 1075 756 canti.

32 795 165 849 tsbantur
187 807 209 844 a
235 783 437 861 nequissimis
465 782 607 853 scenicis,
634 783 748 856 quolia,
773 799 835 838 non
862 781 930 838 dico
954 789 1078 838 manem

34 877 158 945 deorum,
188 869 249 927 sed
261 876 394 926 matrem
407 865 656 940 qualiumcunque
670 874 856 937 senatorum,
874 867 923 923 rel
936 881 1077 940 quorum-

34 962 94 1016 libet
105 956 322 1012 bonestorum
334 951 480 1020 virorum,
494 949 583 1004 immo
595 965 667 1004 vero
681 949 780 1023 qualia
791 967 847 1004 nec
860 957 984 1004 matrem
996 949 1078 1020 ipso-

34 1062 90 1099 rum
112 1039 321 1096 scenicorum
348 1031 468 1088 deceret
492 1030 604 1088 andire.
647 1029 745 1088 Habet
758 1033 837 1088 enim
849 1029 990 1106 quiddam
1006 1047 1077 1108 erge

35 1132 163 1198 parentes
178 1120 325 1176 humans
347 1114 545 1186 verecundia,
573 1112 651 1190 quod
670 1133 725 1171 nec
748 1117 811 1190 ipsa
832 1115 966 1188 nequitia
984 1113 1079 1186 possit

36 1209 154 1264 auferre.
200 1203 297 1259 ssiam
315 1198 446 1275 proinde
468 1196 684 1272 turpitudinem
701 1198 919 1256 obscoenorum
931 1195 1078 1252 dictorum

37 1301 114 1365 atque
134 1289 316 1355 factorum,
345 1283 481 1340 scenicos
504 1283 584 1356 ipsos
607 1280 687 1338 domi
705 1299 777 1336 suae
797 1277 973 1353 proludendi
991 1293 1080 1332 causa

39 1392 128 1429 coram
138 1369 298 1428 matribus
312 1367 379 1422 suis
398 1383 489 1444 agere
505 1363 646 1440 puderet,
673 1380 761 1436 quam
774 1381 827 1436 per
845 1361 995 1434 publicum
1008 1375 1079 1434 uge-

38 1457 119 1528 bant,
143 1473 250 1511 eoram
271 1449 367 1506 dedm
385 1457 495 1518 matre,
523 1453 677 1518 spectante
703 1455 733 1499 et
759 1444 898 1499 audiente
923 1441 1080 1514 utriusque

44 1557 127 1594 sexus
138 1534 393 1610 frequentissima
404 1527 604 1584 multitudine.
648 1527 732 1592 Quae
753 1527 779 1581 si
792 1527 892 1581 illecto
906 1523 1079 1580 curiositate

43 1620 138 1678 adesse
148 1619 252 1692 potuit
271 1612 471 1682 circumfusa,
490 1612 595 1667 saltem
607 1605 720 1664 offensa
734 1611 870 1665 castitate
883 1605 985 1664 debuit
997 1606 1080 1662 abire

41 1705 164 1760 confusa.
210 1701 306 1767 Quae
321 1703 396 1752 sunt
408 1694 577 1772 sacrilegia,
605 1693 632 1748 si
643 1694 695 1751 illa
717 1701 788 1750 sunt
807 1686 913 1748 sacrat
939 1697 992 1745 aut
1004 1707 1080 1763 quae

41 1788 218 1863 inquinatio,
247 1783 279 1837 si
303 1781 358 1836 illa
381 1773 513 1834 lavatio'i
544 1775 585 1832 Et
608 1773 681 1832 baec
706 1775 820 1832 fercula
846 1773 1079 1848 appellabantur,

40 1873 116 1945 qnasi
129 1869 347 1926 celebraretur
361 1861 548 1932 convivium,
575 1877 634 1934 quo
647 1860 730 1916 velut
745 1859 808 1914 suis
822 1858 917 1931 epulis
930 1852 1081 1912 ίιιιιιιιιιιᾶι

39 1955 187 2010 daemonia
202 1954 421 2024 pascerentur.
466 1944 539 2010 Quis
553 1944 633 2000 enim
644 1959 705 2000 non
720 1943 829 1998 sentiat
842 1936 1008 1996 cuiusmodi
1020 1937 1080 2010 spi-

39 2039 105 2094 ritus
130 2035 249 2092 talibus
280 2027 537 2086 obscoenitatibus
562 2024 761 2096 delectentur,
788 2025 848 2080 nisi
871 2023 920 2078 vel
945 2020 1082 2076 nesciens

40 2131 132 2176 utrum
146 2117 280 2174 omnino
297 2113 361 2168 sint
373 2111 429 2167 ulli
441 2107 583 2168 immundi
597 2110 718 2184 spiritus
733 2107 856 2162 deorum
868 2103 988 2160 nomine
1003 2099 1082 2156 deci·

41 2206 161 2277 pientes,
188 2200 243 2256 vcl
268 2197 364 2252 talem
388 2211 482 2272 agens
505 2194 612 2262 vitam,
638 2193 671 2247 in
694 2209 753 2265 qua
773 2191 847 2245 istos
872 2186 972 2260 potius
997 2199 1082 2261 quam

41 2287 130 2343 Deum
140 2301 257 2342 verum
272 2287 306 2336 ct
319 2285 403 2354 optet
414 2277 577 2353 propitios,
604 2283 634 2332 et
646 2272 787 2332 formidet
805 2265 917 2328 iratosl

471 2424 539 2484 CA
563 2425 595 2482 P.
639 2422 673 2481 V.

41 2534 78 2586 De
87 2527 342 2586 obscoenitatibus,
353 2520 450 2590 quoue
458 2528 546 2574 mater
556 2521 633 2573 deum
643 2536 660 2572 a
670 2519 818 2573 cultoribus
828 2516 884 2568 sois
894 2513 1086 2567 bonorodatur.

97 2622 306 2697 Nequaquam
317 2615 409 2684 istos,
436 2611 489 2687 qui
501 2607 753 2687 flagitiosissimae
767 2602 992 2662 consuetudinis
1006 2600 1087 2654 vitiis

42 2706 186 2762 oblectari
198 2700 301 2778 magis
318 2713 406 2771 quam
419 2693 568 2750 obluctari
594 2688 731 2760 student,
758 2685 810 2741 sed
823 2687 906 2740 iilum
919 2685 1014 2758 ipsum
1028 2679 1088 2736 Na·

43 2791 139 2843 sicam
151 2785 344 2858 Scipionem,
371 2779 423 2852 qui
436 2777 483 2834 vir
497 2775 624 2850 optimus
637 2789 655 2828 a
669 2779 773 2828 senatu
790 2771 901 2825 electus
915 2773 975 2836 est,
1002 2763 1087 2820 cuius

42 2870 179 2926 manibus
194 2864 334 2923 eiusdem
347 2860 499 2916 daemonis
512 2859 703 2913 simulacrum
717 2861 886 2928 susceptum
906 2858 967 2922 est,
986 2849 1018 2904 in
1032 2843 1087 2901 Vr-

44 2955 166 3027 bemque
191 2955 389 3024 pervectum,
416 2941 525 2999 habero
539 2939 575 2996 de
586 2939 641 2996 hac
654 2957 688 2995 re
700 2935 829 2994 iudicem
842 2935 954 2992 vellem.
998 2929 1087 2989 Dice-

42 3047 85 3091 ret
98 3037 209 3103 nobis,
238 3038 343 3086 utrum
360 3035 486 3082 matrem
498 3043 582 3081 suam
595 3032 655 3079 tam
669 3022 776 3096 optime
790 3019 826 3075 de
838 3017 988 3094 republica
999 3014 1089 3070 vellet

41 3120 167 3188 mereri,
197 3123 234 3170 ut
254 3114 283 3168 ei
301 3110 397 3168 divini
410 3107 538 3164 bonores
553 3106 799 3162 decernerentur:
827 3103 905 3158 sicut
917 3107 947 3156 et
958 3097 1089 3154 Graecos

42 3201 239 3258 etRomanos
254 3197 388 3269 aliasque
401 3199 507 3268 gentes
521 3197 638 3246 constat
648 3186 822 3262 quibusdam
833 3183 1088 3241 decrevissemor-

42 3286 171 3354 talibus,
200 3297 331 3355 quorum
348 3293 422 3352 erga
435 3291 467 3328 se
480 3272 623 3329 beneficia
647 3271 749 3348 magni
773 3266 952 3344 penderant,
979 3279 1089 3336 eosque

43 3366 232 3423 inmortales
258 3361 371 3430 factos,
396 3365 485 3432 atque
511 3354 680 3410 iudeorum
693 3352 850 3408 numerum
865 3357 999 3424 receptos
1026 3359 1090 3398 esse

45 3449 250 3506 crediderant.
293 3442 435 3500 Profecto
448 3440 499 3494 iile
512 3445 626 3494 tantam
650 3435 823 3492 felicitatem
848 3451 919 3490 suae
938 3427 1042 3496 matri,
1066 3424 1092 3477 si

45 3531 112 3587 fieri
131 3539 259 3608 posset,
286 3532 412 3602 optaret.
455 3519 549 3577 Porro
569 3522 596 3576 si
619 3519 654 3576 ab
679 3520 730 3575 illo
745 3516 851 3574 deinde
871 3523 1092 3590 quaereremus,

46 3626 149 3672 utrum
176 3617 261 3670 inter
289 3611 354 3666 eius
382 3605 499 3662 divinos
512 3601 641 3660 honores
654 3603 745 3660 vellet
757 3603 808 3656 illa
820 3598 919 3672 turpia
933 3589 1092 3660 celebrari3

47 3717 149 3755 nonne
163 3715 199 3754 se
211 3696 301 3752 malle
314 3693 473 3758 clamaret,
499 3695 533 3743 ut
542 3703 597 3744 sua
610 3685 705 3742 mate'r
718 3684 784 3740 sine
796 3683 858 3738 ullo
872 3691 962 3732 sensu
977 3681 1093 3730 mortua

47 3782 180 3851 iaceret,
210 3795 302 3854 quam
315 3770 429 3830 adhoc
448 3769 646 3840 dearireret,
672 3776 706 3823 ut
732 3768 782 3824 illa
807 3763 933 3819 libenter
958 3751 1092 3814 sudireti

48 3865 151 3934 Absit,
167 3871 201 3919 ut
215 3867 341 3918 senator
353 3854 456 3932 populi
470 3851 596 3912 llomoni
610 3870 644 3908 ea
657 3857 756 3907 mente
767 3842 929 3922 praeditus,
944 3858 1002 3916 qua
1013 3838 1091 3895 thea-
