2592 4396
276 165 329 224 DE
358 161 578 224 ClVlTATE
603 165 682 226 DEl
704 168 789 228 ΗΒ.
812 170 902 230 XIV.
1069 182 1105 236 13

53 335 112 378 nes
126 333 207 376 meos
221 325 252 375 ct
265 335 317 376 cor
330 335 431 376 meaos.
458 315 498 374 Vt
511 316 628 376 doleant
639 321 671 376 in
684 324 912 397 tentationibus,
932 327 1034 386 vident
1046 329 1102 388 Pe-

53 413 139 458 trum
152 398 288 458 flentem:
314 409 347 456 ut
363 397 513 478 gaudeant
531 403 808 476 intentationibus,
833 409 954 466 audiunt
966 409 1103 472 Iacobum

52 486 222 542 dicentem:
246 479 337 542 Omne
348 485 491 560 gaudiam
504 485 684 558 existimate,
695 487 824 558 fratres
838 493 904 562 mcs',
918 511 982 550 eam
995 497 1025 552 io
1039 507 1102 554 teo-

51 569 192 625 tationes
205 567 310 624 aurias
323 567 501 624 incideritis.

116 649 189 708 Non
209 650 305 706 solum
323 657 421 705 autern
438 659 558 725 propter
575 669 607 708 se
618 629 756 728 ipsos-his
770 667 926 714 moventur
939 656 1100 734 affectibus,

50 751 163 791 verum
176 733 265 788 ctiam
275 741 397 807 propter
412 751 478 803 eos,
502 753 574 809 quos
588 737 708 808 liberari
721 740 860 812 cupiunt,
885 751 916 797 et
928 761 966 800 ne
979 755 1102 818 percant

48 824 207 886 metuunt,
226 825 256 871 et
271 815 372 872 dolent
384 817 411 872 si
422 827 559 890 pereunt,
578 828 607 874 et
619 821 750 897 gaudent
763 823 789 878 si
801 823 972 882 liberantur.
1016 826 1101 883 lllum

48 902 163 976 quippe
176 900 317 972 optimum
330 908 361 954 et
372 899 580 973 fortissimum,
598 904 711 976 virum,
735 907 831 980 quiin
846 908 906 963 suis
920 907 1101 966 infirmitati-

48 985 107 1044 bus
121 983 285 1060 gloriatur,
309 992 344 1038 ut
357 1000 423 1038 eum
433 985 619 1056 potissimum
633 1005 905 1061 commemoremus,
932 993 982 1066 qui
995 993 1028 1048 in
1041 991 1101 1048 Ec-

48 1068 178 1123 clesiam
184 1063 295 1120 Christi
305 1082 343 1120 ex
356 1064 500 1122 Gentibus
514 1069 659 1139 venimus,
669 1068 830 1127 Doctorem
844 1069 985 1130 Gentium
997 1077 1030 1131 in
1044 1074 1101 1131 fide

48 1161 81 1207 et
95 1150 244 1219 veritate,
270 1151 320 1223 qui
339 1157 369 1204 et
384 1149 451 1223 plus
470 1149 605 1207 omnibus
621 1152 683 1208 suis
697 1153 872 1226 coapostolis
886 1155 1045 1228 laborarit,
1071 1168 1102 1215 et

45 1233 189 1310 pluribus
204 1233 336 1306 epistolis
347 1233 470 1306 populos
484 1231 556 1304 Dei,
582 1253 643 1290 non
662 1253 712 1290 eos
730 1245 844 1292 tantum
857 1239 908 1310 qui
928 1249 1100 1311 praesentes

46 1319 84 1373 ab
100 1318 157 1372 illo
171 1314 357 1386 videbantur,
372 1333 476 1370 verum
490 1317 579 1371 etiam
592 1318 658 1372 illos
672 1319 723 1391 qui
735 1319 828 1374 futuri
840 1320 1099 1394 praevidebantur,

45 1399 215 1470 instruxit3
228 1399 322 1466 illum,
335 1399 465 1472 inquam,
481 1416 581 1454 rerum
597 1397 745 1475 [virum],
759 1399 898 1458 athletam
911 1400 1033 1474 Christi,
1048 1405 1100 1461 do·

44 1493 130 1540 otum
143 1481 182 1537 ah
199 1482 268 1552 illo,
295 1490 417 1537 unctum
430 1479 466 1535 dc
478 1481 545 1553 illo,
572 1475 748 1541 orucifirsum
766 1501 832 1540 cum
848 1485 916 1556 illo,
937 1487 1101 1564 gloriosum

43 1569 78 1623 in
94 1567 170 1636 illo,
194 1566 227 1620 in
240 1561 357 1620 theatro
371 1562 460 1619 huius
474 1565 590 1637 mundi,
619 1568 666 1622 cui
685 1569 883 1641 spectaculum
903 1568 998 1624 lactus
1011 1578 1100 1625 estet

43 1649 169 1727 angelis
182 1657 213 1703 et
226 1646 410 1718 hominibus,
426 1648 560 1726 legitime
572 1666 714 1726 magnum
727 1669 852 1729 agonem
866 1660 1046 1723 certantem,
1070 1660 1101 1708 et

42 1736 179 1808 palmam
192 1748 338 1806 supernae
350 1732 515 1788 vocationis
527 1733 559 1788 in
569 1734 720 1790 anteriora
732 1743 908 1806 sectantem,
922 1737 1016 1792 oculis
1030 1734 1100 1794 fidei

42 1816 248 1873 libentissime
274 1823 423 1888 spectant,
453 1815 584 1892 gaudere
609 1835 677 1873 cum
700 1817 916 1896 gaudentibus,
942 1817 1015 1874 llere
1034 1835 1099 1877 oum

41 1899 203 1969 flentibus,
217 1897 290 1954 foris
303 1895 458 1954 habentem
470 1917 596 1976 pugnes,
611 1901 694 1957 intus
709 1903 843 1974 timores;
859 1903 1025 1976 cupientem
1037 1899 1098 1957 dis·

42 1983 142 2054 solvi,
171 1990 201 2036 et
213 1997 277 2036 csse
296 1998 362 2036 oum
375 1978 507 2052 Christ03
534 1981 746 2040 desiderantem
761 1984 861 2040 videre
873 1981 1039 2054 Romanos,
1066 1992 1098 2042 ut

41 2069 182 2142 aliquem
195 2063 324 2119 fructum
336 2061 442 2118 haheat
455 2073 485 2118 et
498 2065 530 2120 in
543 2066 615 2136 illis,
627 2067 705 2122 siout
718 2076 749 2122 et
761 2069 793 2122 in
806 2067 930 2122 caeteris
943 2067 1098 2142 gentibus;

41 2151 251 2207 aemulantem
264 2143 448 2216 Corinthios,
462 2155 493 2202 et
505 2148 568 2220 ipsa
581 2149 778 2205 aemulatione
790 2157 983 2219 metuentem,
997 2166 1035 2203 ne
1049 2166 1097 2204 se-

41 2235 198 2290 ducantur
213 2246 314 2285 eorum
326 2237 439 2284 mentes
451 2247 469 2284 a
479 2231 616 2286 castitate
628 2249 703 2305 quae
716 2232 748 2286 in
759 2229 877 2287 Christo
889 2239 947 2301 est3
960 2248 1098 2308 maguam

39 2317 206 2374 tristitiam
219 2323 249 2368 et
262 2312 435 2367 continuum
453 2310 586 2368 dolorem
605 2313 702 2370 cordis
722 2313 758 2370 de
770 2313 912 2370 lsraiilitis
931 2311 1095 2384 habentem,

40 2399 126 2476 quod
144 2399 321 2474 ignorantes
339 2393 398 2451 Dei
415 2395 575 2467 iustitiam,
603 2405 633 2452 et
650 2415 735 2454 sunm
751 2399 884 2454 volentes
903 2397 1095 2465 constituere,

39 2483 183 2540 iustitiae
196 2479 256 2536 Dei
268 2495 329 2534 nou
344 2487 443 2532 esseut
464 2479 602 2547 subiecti;
630 2497 685 2534 nec
704 2481 800 2534 solum
819 2479 965 2546 dolorem,
991 2496 1097 2534 serum

40 2570 140 2625 etiam
168 2565 281 2619 luottsm
311 2579 395 2616 suum
421 2559 644 2614 denuntiantem
669 2559 842 2632 quibusdam
865 2560 915 2631 qui
940 2568 1007 2612 ante
1028 2577 1096 2630 pec-

40 2655 205 2717 caverunt,
219 2657 249 2701 et
259 2662 320 2700 non
331 2651 459 2720 egerunt
467 2643 681 2714 poenitentiam
695 2660 783 2714 super
796 2639 982 2696 inmrunditia
996 2649 1025 2694 ct
1034 2639 1094 2694 lor-

38 2729 251 2790 nicationibus
265 2729 337 2784 suis.

112 2813 157 2870 Hi
174 2819 286 2881 motus,
309 2810 340 2866 hi
360 2807 480 2865 affectus
502 2808 538 2864 do
559 2825 658 2864 amore
675 2807 747 2865 boni
765 2815 794 2863 et
808 2807 844 2863 de
856 2815 958 2863 sancta
971 2807 1094 2862 caritate

37 2899 217 2966 venientes,
238 2897 265 2950 si
277 2895 349 2950 vitia
361 2891 494 2949 vocanda
507 2900 594 2962 sunt,
611 2894 742 2948 sinamus
754 2900 788 2947 ut
800 2909 835 2948 ea
848 2907 1006 2966 quaerere
1020 2890 1095 2945 vitia

37 2991 126 3051 sunt,
146 2980 274 3036 virtutos
287 2986 439 3033 vocentur.
478 2974 538 3032 Sed
552 2993 639 3050 quum
652 2984 763 3030 rectam
774 2976 919 3031 rationem
931 2981 1095 3048 sequantur

36 3072 123 3124 istae
138 3059 325 3129 affectiones,
340 3057 455 3132 quando
468 3058 519 3114 ubi
533 3067 650 3131 oportet
663 3057 855 3129 adhibentur,
880 3058 945 3131 quis
959 3074 1008 3111 eas
1022 3064 1094 3112 tunc

36 3148 168 3207 nrorbos
183 3163 234 3200 scu
246 3143 369 3199 vitiosas
383 3141 535 3214 passiones
549 3140 657 3197 audeat
669 3137 787 3197 dicerei
801 3140 995 3206 Quamobrem
1006 3141 1094 3194 etiam

37 3238 107 3307 ipse
123 3229 274 3287 Dominus
294 3225 328 3279 in
346 3222 440 3280 forma
458 3223 537 3278 servi
554 3241 644 3300 agere
661 3225 754 3281 vitam
774 3222 913 3297 dignatus
926 3220 1094 3291 humanam,

36 3316 94 3372 sed
110 3312 230 3370 nullum
243 3305 354 3362 habens
368 3307 488 3361 omnino
500 3313 667 3378 peceatum,
680 3304 812 3361 adhibuit
825 3320 874 3358 eas
887 3303 939 3358 ubi
952 3301 1094 3358 adhiben-

35 3400 94 3455 das
112 3411 182 3451 esse
195 3391 349 3448 iudicavit.
371 3388 475 3462 Neque
488 3390 567 3443 enim
580 3389 612 3444 in
626 3407 682 3462 quo
696 3404 799 3443 verum
813 3393 877 3440 erat
889 3383 1016 3440 hominis
1029 3403 1094 3438 eor·

32 3501 96 3559 pus
125 3487 159 3534 et
182 3491 270 3532 verus
292 3471 418 3528 hominis
443 3471 573 3538 animus,
596 3471 688 3526 falsus
713 3477 776 3524 erat
798 3465 942 3522 humanus
962 3462 1094 3518 affectus.

35 3569 145 3632 Quum
160 3575 235 3634 ergo
250 3557 314 3610 eius
327 3557 359 3610 in
372 3553 539 3629 Evangelio
552 3555 611 3608 ista
624 3551 809 3620 reseruntur,
824 3545 901 3622 quod
915 3563 1001 3618 super
1014 3544 1094 3600 duri-

33 3653 117 3704 tiam
138 3639 240 3698 cordis
258 3635 431 3692 ludaeorum
446 3652 512 3690 cum
524 3637 569 3690 ira
587 3636 776 3691 contristatus
797 3631 850 3701 sit3
876 3626 953 3703 quod
976 3626 1095 3697 dixerit,

37 3727 176 3787 Gaudeo
191 3730 324 3799 propter
340 3736 406 3787 vos,
425 3727 459 3773 at
480 3717 629 3789 credatis3
655 3715 731 3790 quod
744 3712 887 3770 Lazarum
900 3711 1095 3766 suscitaturus

34 3816 137 3869 etiarn
156 3807 295 3863 lacrimas
314 3801 439 3871 fuderit,
464 3799 542 3873 quod
560 3799 763 3872 concupiverit
784 3815 849 3852 cum
869 3794 1021 3867 discipulis
1036 3793 1095 3848 suis
