2586 4396
242 191 302 252 DE
327 191 869 259 CIVITATEDEILIB.V111.
1016 205 1077 263 23⁷

44 351 106 406 tiam
118 344 278 418 Platonis,
292 343 435 418 dicentis,
453 363 555 414 onmes
569 345 639 406 deos
651 345 745 407 bonos
759 365 843 423 esse,
869 343 923 408 neb
936 371 1000 412 esre
1014 373 1077 414 om·

42 434 107 489 nino
119 431 222 488 ullum
234 427 356 487 deorum
366 429 485 487 molum.
527 428 718 510 Consequens
741 433 913 514 tetigitur,
939 447 974 494 ut
990 437 1076 496 bonis

41 513 106 572 boec
119 511 293 572 exbibenda
306 513 525 592 intelligantur:
539 521 610 572 tunc
624 517 702 572 enim
715 515 772 572 diis
786 515 979 594 exhibentium
1003 536 1074 596 quo-

41 601 115 656 niam
126 615 188 656 uec
202 596 246 654 dii
259 603 364 668 erunt,
389 598 417 654 si
433 595 503 654 boni
517 615 576 655 non
591 608 689 656 erunt.
730 597 797 657 Hoc
810 601 837 658 si
849 602 892 658 ite
904 613 966 676 est,
991 600 1075 682 (nom

41 681 73 738 de
82 679 139 740 diis
153 679 229 760 quid
242 676 324 737 eliud
335 675 419 738 dccet
431 675 585 756 crederel)
598 682 648 739 ille
660 680 791 759 prolecto
806 693 951 744 vacuatur
964 689 1075 762 opinio,

40 784 93 841 qus
104 765 248 824 nonnulli
261 773 381 840 putent,
404 762 474 822 deos
485 765 577 824 malos
592 767 683 824 sceris
695 767 852 844 placandos
866 787 948 844 ιιιι,
962 791 1002 828 ιιι
1014 773 1075 828 Ιιι-

40 849 121 922 dent3
148 847 248 906 bonos
262 855 376 920 autem,
387 855 422 906 ιιι
433 847 591 923 adiuvent,
609 849 800 910 lnrocendcs.
827 850 897 910 Muli
910 855 989 912 enim
1001 855 1075 912 nulli

40 943 105 991 ιιιιιι
116 931 175 990 dii:
201 931 291 989 bonis
304 947 391 1007 porro
405 930 538 1005 debitus,
563 941 597 990 ιιι
613 931 732 1007 dieunt,
758 933 852 994 bonor
864 953 1015 996 sacrorum
1029 948 1075 996 est

41 1011 226 1073 deferendus.
271 1015 328 1084 Qui
341 1024 411 1073 sunt
422 1033 495 1095 ergo
507 1015 551 1073 illi
563 1017 614 1094 qui
626 1015 711 1075 ludos
725 1019 857 1077 scenicos
871 1031 987 1094 emunt,
1005 1039 1072 1079 eos-

41 1118 91 1178 quc
102 1097 219 1158 divinis
232 1097 323 1156 rebus
337 1097 459 1178 adiungi
473 1107 504 1158 et
516 1103 579 1158 suis
592 1099 752 1158 bonoribus
766 1099 904 1182 flagitent
923 1101 1072 1162 exhiberil

40 1201 163 1260 quornm
173 1183 225 1240 ris
243 1200 306 1241 uon
324 1200 374 1240 eos
393 1183 506 1241 indicet
523 1185 639 1256 nullos,
666 1183 718 1241 sed
731 1187 787 1242 iste
800 1183 921 1244 affectu·
934 1189 1073 1244 nimirum

39 1267 148 1326 indicut
160 1267 265 1324 mulos.
304 1264 381 1332 Quid
395 1268 474 1322 enim
487 1265 612 1323 deludis
626 1269 751 1324 scenicis
765 1267 848 1324 Plato
863 1271 1005 1341 senserit,
1018 1289 1072 1326 no·

40 1359 101 1407 tum
112 1359 172 1422 est3
198 1367 268 1408 cum
283 1356 384 1425 poetes
402 1351 499 1423 ipsos,
526 1348 603 1425 qnod
621 1359 682 1406 tam
699 1349 822 1428 indigne
840 1349 962 1408 deornm
982 1354 1072 1410 maic-

40 1443 118 1490 stcte
129 1442 214 1510 atque
226 1432 363 1491 bonitate
373 1434 503 1490 carmina
517 1434 749 1507 composuerint,
763 1441 865 1490 censet
878 1435 997 1492 civitate
1009 1437 1072 1512 pel-

37 1516 148 1574 leudos.
191 1518 251 1586 Qui
263 1524 334 1583 sunt
345 1517 438 1594 igitur
449 1517 502 1574 isti
515 1515 572 1588 dii,
586 1516 638 1592 qui
650 1515 686 1573 dc
696 1517 823 1574 scenicis
837 1517 914 1574 ludis
928 1537 995 1576 cum
1008 1521 1072 1593 ipso

36 1601 159 1658 Plutone
171 1595 373 1658 contendunt?
386 1597 439 1656 llle
451 1601 559 1676 quippo
572 1619 632 1658 non
644 1601 756 1676 patitur
768 1600 837 1656 deos
848 1599 929 1658 falsis
940 1603 1071 1659 crimini-

37 1685 87 1742 bus
100 1683 254 1742 insaniori:
277 1683 328 1740 isti
343 1681 452 1740 eisdem
465 1682 635 1741 criminibus
647 1701 715 1741 suos
728 1682 857 1742 bonores
870 1685 1012 1742 celebrari
1024 1688 1071 1744 iu-

38 1769 111 1827 bent.
138 1771 139 1774 ’
156 1766 297 1844 Denique
308 1767 360 1824 isti
373 1785 437 1824 cusu
453 1765 571 1824 eosdem
583 1767 667 1825 ludos
679 1769 841 1826 instaurari
857 1771 1070 1845 praeciperent,

37 1859 193 1926 poscentes·
203 1851 318 1926 turpia,
344 1851 434 1907 etium
446 1852 577 1928 maligne
589 1860 760 1929 gesserunt,
774 1849 843 1908 Tito
857 1851 973 1910 Latinio
986 1853 1070 1910 eule-

37 1945 131 1994 rentes
144 1935 259 2005 filium,
285 1943 316 1991 et
328 1935 519 1990 inmittentes
532 1936 678 2007 morbum,
705 1935 783 2012 quod
799 1951 902 1992 eorum
920 1937 1071 1993 abnuisset

37 2020 205 2096 imperium,
219 2035 343 2094 eumque
354 2017 487 2074 morbum
499 2016 695 2090 retrahentes,
709 2035 776 2076 oum
788 2019 869 2074 iussa
882 2021 1070 2094 complesset:

36 2103 87 2160 iste
99 2111 203 2160 autem
219 2102 287 2158 ilios
300 2120 357 2159 nee
371 2110 432 2158 tom
449 2103 541 2158 malos
559 2101 703 2158 timendos
721 2109 820 2177 putat,
844 2100 896 2157 sed
915 2119 985 2158 suae
1002 2119 1070 2159 sen·

37 2189 146 2244 tentiae
160 2186 254 2244 robur
267 2185 506 2242 constantissime
518 2185 669 2258 retinens,
695 2201 798 2242 omues
810 2193 965 2260 poetarum
978 2187 1070 2242 sacri-

36 2272 113 2349 legos
129 2287 247 2348 nugas,
272 2270 377 2345 quibua
390 2269 434 2324 illi
446 2269 649 2326 immunditiae
667 2270 809 2326 socictate
827 2269 1026 2342 oblectantur,
1052 2288 1071 2326 a

36 2357 136 2431 populo
150 2353 229 2410 bene
240 2353 379 2410 instituto
394 2370 547 2410 removere
559 2371 621 2410 non
634 2352 754 2410 dubitet.
793 2350 880 2410 Hunc
894 2361 990 2409 autern
1002 2352 1069 2410 Pla-

37 2447 148 2511 tonem,
174 2437 322 2514 quodiam
334 2435 510 2494 insecundo
529 2437 604 2493 libro
624 2436 864 2506 commemorari,
889 2437 969 2494 inter
982 2437 1069 2492 semi-

38 2519 100 2578 deos
123 2521 225 2580 Labeo
246 2522 340 2595 ponit.
383 2520 440 2587 Qui
452 2519 550 2577 Labeo
568 2520 689 2575 numina
705 2519 781 2574 muln
800 2518 926 2574 victimis
940 2520 1070 2574 cruentis

36 2614 118 2680 atque
129 2603 305 2662 huiusmodi
317 2602 580 2678 supplicationibus
592 2603 701 2677 placari
714 2601 881 2670 existimat,
906 2600 985 2656 bona
996 2619 1069 2658 vero

35 2688 122 2762 ludis,
150 2697 181 2746 et
193 2688 302 2744 talibus
316 2689 398 2764 quasi
411 2685 448 2743 ad
465 2686 608 2742 laetitiam
621 2683 836 2760 pcrtinentibus
849 2683 948 2740 rebus.
992 2683 1070 2750 Quid

35 2781 76 2828 est
88 2791 160 2852 crgo
174 2770 254 2848 quod
267 2769 412 2830 semideus
425 2769 511 2826 Plato
530 2787 592 2826 non
611 2767 763 2840 semideis,
790 2765 843 2824 sed
857 2765 937 2840 deis,
964 2776 995 2824 et
1012 2765 1069 2825 boo

35 2855 135 2928 bonis,
159 2857 212 2912 illa
224 2855 453 2926 oblectamenta,
480 2855 548 2930 qnia
561 2851 673 2910 iudicet
685 2853 799 2926 turpia,
825 2861 884 2910 tom
898 2861 1069 2910 constanter

36 2937 119 2996 audet
130 2933 266 3005 inferni
281 2939 340 3008 Qui
349 2956 421 2994 sane
434 2937 477 2994 dii
488 2937 628 2994 refellunt
640 2939 816 2994 sententiam
827 2935 986 2994 Labeonis:
999 2955 1068 2994 nam

36 3040 64 3077 se
75 3025 106 3080 in
118 3022 227 3082 Latino
240 3039 303 3079 non
315 3023 442 3079 lascivos
456 3030 571 3078 tentum
590 3030 677 3097 etque
695 3019 887 3092 ludibundos,
912 3019 965 3076 sed
979 3022 1068 3078 etiam

36 3123 134 3164 saevos
160 3106 368 3182 terribilesque
393 3115 604 3162 monstrarunt.
646 3103 806 3180 Exponnnt
825 3123 896 3184 ergo
910 3105 969 3162 ista
982 3104 1067 3162 nobis

36 3187 194 3262 Platonici,
221 3191 274 3266 qui
291 3207 391 3247 omnes
411 3187 661 3264 deos·secundum
679 3191 808 3246 auctoris
829 3189 875 3244 sui
890 3189 1068 3245 sententiam

35 3272 122 3331 bonos
136 3284 167 3332 et
179 3273 324 3330 honestos
336 3281 366 3330 et
375 3273 535 3330 virtutibus
546 3273 722 3349 sapientium
732 3290 799 3328 csse
811 3273 908 3327 socios
921 3271 1067 3328 arbitron-

35 3365 92 3428 tnr,
114 3361 268 3441 ‘aliterque
282 3356 318 3412 de
332 3357 392 3413 ullo
407 3357 529 3413 deorum
541 3358 649 3413 sentiri
667 3355 751 3412 nesus
770 3353 888 3410 hubent.
932 3352 1067 3427 Exponi-
1164 3363 1165 3367 ’

34 3457 107 3514 mus,
136 3443 287 3517 inquiunt.
330 3439 451 3498 Attente
470 3441 562 3518 igitur
576 3440 736 3496 audiamus.

416 3555 536 3614 cni’.
579 3553 685 3614 XIV.

35 3634 71 3688 De
87 3639 212 3706 opinione
229 3652 335 3699 cerunt,
353 3637 400 3704 qui
414 3638 563 3690 rationales
578 3635 682 3688 animas
694 3635 777 3686 trium
790 3647 921 3702 generum
931 3647 986 3684 este
997 3631 1064 3685 dine

63 3717 142 3771 runt,
162 3708 195 3760 id
208 3715 263 3770 ιιι,
283 3705 313 3758 ιἰι
323 3705 374 3758 dib
385 3707 556 3770 coelestibus,
575 3705 605 3758 in
616 3703 785 3758 dnentonibus
796 3699 894 3767 atriis,
915 3710 941 3753 ιι
951 3702 980 3754 in
990 3701 1034 3754 bo-

423 3776 538 3830 minibus
556 3773 678 3827 terrenis.

93 3867 253 3937 Omnium,
273 3867 426 3942 inquiunt,
447 3867 631 3937 animalium,
644 3865 677 3920 in
690 3865 792 3939 quibus
806 3871 851 3918 ιιι
869 3863 964 3920 animo
978 3863 1068 3921 retio-
