2586 4396
117 181 120 186 '
202 169 263 226 alo
430 159 530 220 DIVI
555 155 743 216 AVRELII
767 151 1023 212 AVGVS'I'INI

204 319 296 378 Deus.
339 313 404 374 Hoc
416 321 515 370 eutem
529 312 555 369 si
568 311 671 368 saltem
688 307 877 387 religiositati
890 307 1029 384 congruis
1043 303 1250 386 significatio

204 396 291 468 nibus
306 407 458 479 ageretur,
485 405 563 452 esset
576 395 691 470 quidem
705 391 882 462 dolendum,
894 409 955 448 non
968 390 1014 446 bis
1027 406 1128 448 verum
1146 390 1269 456 Deum

206 478 389 555 annuntiari,
402 491 492 557 atque
503 471 684 556 praedicari3
698 486 796 534 tamen
808 477 905 551 aliquo
915 475 1002 532 niodo
1012 475 1171 534 ¹ferendum
1186 489 1269 537 tam

206 570 292 626 foede
305 577 336 624 et
347 567 518 640 turpionou
530 563 611 634 fieri,
625 579 680 617 nee
694 559 800 616 iuberi:
829 567 860 616 at
873 577 951 615 nune
963 573 1093 634 cumpro
1107 559 1181 617 Deo
1195 582 1268 620 ve-

205 672 257 725 ro,
271 671 329 728 quo
343 651 407 707 solo
420 649 516 704 anima
531 666 563 704 se
575 643 758 704 inhabitante
771 645 809 699 sit
822 643 912 714 felix,
930 643 1014 700 nefas
1027 646 1067 702 sit
1077 645 1181 700 colere
1198 658 1267 704 aut

206 753 312 812 corpus
326 743 380 791 aut
392 733 534 803 animom3
556 737 666 806 quanto
679 729 773 807 magis
786 727 934 784 nefarium
947 729 1062 784 est-ista
1075 729 1119 784 sie
1131 729 1264 803 colere,

204 829 239 878 ut
253 837 308 874 nec
321 819 463 887 salutem,
477 833 533 872 nec
547 814 637 871 decus
650 811 809 869 humanum
822 828 926 884 eorpus
938 815 991 868 but
1003 813 1100 868 anima
1112 813 1263 870 colentis

206 885 355 958 obtinenti
382 899 575 966 Quamobrem
588 898 614 952 si
632 898 755 971 templo,
782 893 950 966 sacerdote,
976 895 1135 966 sacrificio,
1166 899 1263 971 quod

205 1004 276 1042 vero
290 984 355 1042 Deo
369 981 505 1054 debetur,
519 983 631 1040 colatur
644 979 762 1056 aliquod
775 981 952 1036 elementum
964 978 1081 1051 mundi,
1093 981 1143 1038 vel
1159 999 1264 1038 crea·¹

206 1079 255 1126 tus
270 1069 375 1144 aliquis
389 1067 524 1142 spiritus,
537 1065 738 1123 etiamsinon
751 1061 914 1120 immundus
929 1071 959 1118 et
970 1065 1078 1134 molus3
1097 1081 1163 1120 non
1176 1062 1261 1124 ideo

207 1154 314 1211 malum
332 1162 394 1223 est,
421 1153 492 1226 quia
511 1152 563 1207 illa
580 1151 657 1204 mala
676 1155 745 1204 sunt
763 1147 866 1222 quibus
888 1147 1009 1218 colitur3
1035 1145 1085 1203 sed
1101 1147 1176 1222 qnia
1195 1149 1262 1206 illa

207 1246 277 1293 sunt
290 1237 377 1307 talia,
399 1236 506 1310 quibus
519 1236 603 1290 solus
613 1234 666 1288 ille
677 1231 816 1288 colendus
833 1231 887 1301 sit,
914 1231 962 1285 eui
979 1231 1048 1286 talis
1068 1231 1165 1286 cultus
1180 1249 1260 1288 ser-

206 1321 346 1395 vitusque
364 1319 495 1376 debetur.
539 1316 573 1374 si
590 1325 690 1372 autem
710 1314 872 1370 stoliditate
893 1315 942 1370 vel
960 1315 1185 1371 monstrositate
1208 1320 1265 1374 si·-

207 1405 418 1474 mulaerorum,
432 1401 586 1458 sacrificiis
596 1397 830 1469 homicidiorum,
844 1398 1034 1454 coronatione
1044 1399 1179 1456 vlrilium
1192 1419 1266 1476 pu..

208 1485 385 1556 dcndorum,
403 1483 538 1541 mercede
551 1492 735 1558 etrrprorum,
762 1482 894 1538 sectione
912 1481 1121 1553 membrorum,
1148 1484 1266 1542 absci-

209 1571 293 1625 sione
306 1569 496 1646 genitalium,
510 1565 889 1637 consecrotionemollium,
903 1565 988 1622 festis
999 1565 1185 1642 impurorum
1199 1570 1264 1626 ob-

210 1669 442 1727 scoenorumque
456 1651 600 1721 ludorum,
613 1667 707 1706 unum
719 1667 822 1706 verum
833 1647 940 1720 Deum,
951 1648 982 1706 id
996 1658 1055 1721 est,
1069 1651 1167 1708 omnis
1182 1656 1264 1710 ani-

209 1753 278 1792 mae·
289 1736 480 1810 corporisque
491 1743 658 1790 creatorem·
671 1735 768 1790 colere
788 1751 820 1788 se
839 1734 965 1808 quisque
983 1731 1159 1806 contendat3
1188 1753 1263 1796 non

209 1819 276 1876 ideo
288 1827 408 1894 peceat,
427 1819 569 1894 quianon
582 1827 627 1874 est
639 1815 778 1874 colendus
790 1835 876 1892 quem
889 1819 975 1889 colit}
998 1817 1051 1876 sed,
1061 1817 1130 1892 quia
1144 1821 1264 1878 colen-

209 1903 294 1974 dum,
323 1919 383 1958 nou
405 1911 439 1960 ut
457 1901 596 1958 colendus
616 1909 676 1973 est,
702 1901 781 1958 colit.
824 1901 883 1968 Qui
894 1919 965 1958 rere
979 1901 1106 1958 etrebus
1122 1903 1264 1978 talibus,

209 1987 240 2042 id
253 1995 315 2058 est,
341 1985 473 2060 turpibus
487 1994 517 2040 et
530 1984 679 2057 scelestis3
706 1993 735 2040 et
748 2003 809 2041 non
823 1983 921 2041 Deum
933 2003 1050 2056 verum,
1062 1984 1092 2039 id
1104 1993 1168 2057 est,
1183 1991 1264 2044 ani-

209 2089 274 2128 moo
284 2071 473 2146 corporisque
483 2069 635 2140 factorem,
650 2068 703 2125 sed
713 2077 877 2124 ereaturam
889 2070 1022 2144 quamvis
1035 2087 1096 2124 non
1109 2069 1265 2131 vitiosam

210 2156 296 2226 colit,
323 2154 385 2209 sive
398 2155 449 2210 illa
462 2155 501 2210 sit
513 2155 626 2226 anima,
640 2154 702 2211 sive
716 2170 835 2226 eorpus,
850 2153 913 2208 sive
925 2153 1024 2208 enims
1035 2153 1122 2208 simul
1134 2163 1171 2210 ct
1183 2174 1264 2214 eor-

209 2255 282 2312 pus,
301 2238 346 2294 bis
359 2247 462 2310 peccat
474 2238 506 2293 in
522 2236 636 2308 Deum,
652 2235 731 2311 quod
744 2245 774 2291 et
785 2253 838 2308 pro
851 2235 916 2308 ipso
931 2237 1018 2308 colit,
1036 2236 1112 2312 quod
1125 2255 1193 2294 non
1211 2253 1266 2299 est

209 2321 287 2394 ipse;
311 2329 342 2375 et
353 2321 459 2376 talibus
472 2321 560 2376 rebus
575 2321 660 2391 colit,
674 2320 806 2395 qualibus
820 2337 875 2375 nee
889 2319 952 2392 ipse
966 2319 1105 2376 colendus
1120 2329 1181 2392 est,
1197 2342 1265 2383 nee

209 2421 270 2459 non
283 2404 355 2478 ipse.
382 2401 442 2461 Sed
453 2401 484 2459 bi
497 2395 625 2479 quonam
638 2402 741 2475 modo,
756 2403 787 2458 id
800 2411 862 2474 est,
880 2421 966 2479 quam
979 2405 1105 2479 turpiter
1116 2404 1264 2464 nefarie-

209 2505 265 2562 que
279 2488 440 2560 coluerint,
466 2489 499 2544 in
515 2498 631 2563 promtu
645 2495 699 2543 est.
743 2486 819 2553 Quid
832 2495 929 2543 autem
941 2489 990 2544 vel
1003 2505 1074 2565 quos
1088 2489 1264 2565 coluerint,

210 2581 289 2628 esset
309 2571 480 2644 obscurum,
507 2573 568 2628 nisi
585 2590 688 2629 eorum
707 2579 866 2631 testaretur
883 2568 1022 2644 historia,
1045 2573 1160 2646 eaipsa
1175 2591 1264 2648 quae

208 2654 296 2712 foeda
314 2665 345 2712 et
359 2658 462 2731 ¹turpia
480 2655 660 2714 confitentur
678 2655 847 2712 numinibus
864 2655 1038 2712 terribiliter
1055 2657 1264 2734 exigentibus

208 2739 331 2796 reddita.
374 2738 459 2796 Vnde
471 2741 591 2797 remotis
606 2746 722 2796 constat
735 2738 922 2817 ambagibus,
945 2739 1075 2796 nefarios
1089 2738 1265 2801 daemones

210 2829 297 2896 utque
314 2821 563 2878 immundissimos
576 2823 713 2896 spiritus,
731 2819 786 2878 hec
806 2824 886 2878 omni
900 2824 981 2902 cirili
994 2821 1193 2902 theolegium
1207 2830 1264 2883 vi-

210 2903 309 2959 sendis
324 2903 439 2960 stolidis
458 2905 653 2982 imaginibus,
679 2913 709 2962 et
721 2921 774 2978 per
787 2924 837 2962 eas
850 2905 1034 2979 possidendis
1048 2908 1265 2969 etiem‘stultis

208 2986 363 3059 cordibus,
388 2988 540 3044 invitatos.
805 2985 842 3064 (a
853 2989 892 3046 al.
908 2987 992 3048 ΟΑΡ.
1006 2985 1164 3068 XXVII.)

543 3119 665 3179 CAP.
708 3119 913 3182 XXVIII.

236 3216 316 3280 Quod
323 3217 447 3280 doetrina
462 3216 591 3272 Varronis
602 3219 632 3270 de
644 3217 780 3290 theologia
790 3219 820 3273 in
829 3223 904 3274 oolla
913 3221 967 3274 ribi
972 3230 1056 3290 parte
1067 3226 1228 3278 concordet.

272 3325 350 3392 Quid
362 3327 454 3405 igitur
466 3328 562 3399 ualet,
579 3325 658 3402 quod
671 3329 718 3384 vir
731 3327 916 3404 doctissimus
930 3339 960 3396 et
971 3331 1162 3388 acutissimus
1173 3331 1262 3390 Var-

207 3427 242 3466 ro
261 3410 344 3466 velut
362 3407 463 3468 subtili
479 3411 677 3487 disputatione
694 3408 748 3466 bos
767 3429 868 3468 omncs
882 3409 952 3470 deos
965 3415 998 3469 in
1011 3415 1125 3470 eoelum
1137 3425 1173 3472 et
1188 3426 1263 3474 ter-

206 3511 271 3550 ram
283 3491 420 3572 redigere
433 3513 468 3552 ee
481 3496 593 3552 referre
607 3489 750 3550 conaturi
777 3492 846 3552 Non
859 3503 971 3570 potest:
990 3493 1087 3554 fluunt
1099 3497 1135 3554 de
1149 3506 1262 3558 mani-

207 3576 279 3650 bus,
304 3579 458 3651 resiliunt,
471 3581 609 3636 labuntur
623 3585 653 3632 et
667 3575 815 3634 decidunt.
858 3577 1001 3638 Dicturus
1014 3583 1093 3638 enim
1106 3581 1143 3638 de
1158 3582 1260 3642 femi-

207 3661 254 3714 nis
265 3699 274 3731 ,
287 3659 342 3717 hoc
356 3669 417 3733 est,
431 3662 467 3719 de
482 3662 604 3730 dea-bus:
631 3661 816 3732 „Quoniam
835 3661 948 3736 inquit,
967 3674 1002 3721 ut
1014 3667 1046 3721 in
1058 3666 1154 3740 primo
1168 3667 1259 3726 libro

205 3741 293 3813 „dixi
307 3742 343 3799 de
356 3747 440 3818 loeis,
454 3746 511 3802 duo
525 3755 596 3802 sunt
609 3744 754 3818 principia
767 3743 886 3802 deorum
897 3747 1102 3806 animadversa
1114 3748 1152 3806 de
1161 3755 1260 3810 eoelo

206 3831 259 3896 „et
272 3837 366 3900 terra,
393 3847 410 3884 o
430 3847 488 3906 quo
507 3829 547 3886 dii
564 3827 671 3905 partim
685 3825 823 3884 dicuntur
837 3831 995 3906 coelestes,
1023 3834 1130 3910 partim
1147 3841 1259 3894 terre·-
