2586 4396
212 185 270 244 188
438 179 535 242 DlVl
556 173 745 238 Avussn'lt
770 171 1022 234 AVGVSTlNl

211 353 297 414 quam
308 336 366 392 iste
379 333 516 392 eoneidit.
539 329 599 392 Sed
618 331 766 387 sirenum
784 327 978 399 attendamus,
994 326 1152 386 deteriora
1179 343 1265 392 sunt

208 423 316 496 templa
330 418 379 475 uhi
392 417 464 475 haee
477 425 619 496 aguntur,
632 431 720 490 quam
733 411 847 468 theatra
860 411 911 468 uhi
924 411 1086 490 finguntur.
1112 409 1202 470 Vnde
1224 415 1266 472 in

209 502 362 560 lineantis
382 503 478 560 eivilis
491 499 657 577 theologiae
674 495 727 554 has
740 505 838 572 partes
851 497 949 572 potius
964 496 1055 574 elegit
1068 493 1186 554 Seneca
1200 515 1265 554 sa-

208 589 314 663 pienti,
327 594 360 642 ut
374 604 423 642 eas
436 586 468 641 in
481 584 572 640 animi
584 582 729 659 religione
741 599 803 636 non
815 577 930 651 haheat,
950 578 1002 635 sed
1015 581 1047 636 in
1061 580 1176 638 aetihus
1192 579 1266 639 fln-

209 680 270 750 gat.
298 670 348 727 Ait
361 670 453 726 enim:
477 669 584 740 „Quae
597 666 695 722 omnia
708 665 824 740 sapiens
838 662 968 720 servabit
980 671 1118 739 tanquam
1130 664 1265 742 legibus

210 757 330 826 „iussa,
354 769 416 809 non
429 760 568 826 tanquam
581 749 636 806 diis
651 757 745 826 grata.
779 747 820 804 Et
831 748 917 823 paulo
930 756 1009 822 post:
1037 746 1113 814 Quid
1126 747 1209 824 quod
1228 759 1266 804 et

211 837 430 909 „matrimonia,
444 835 552 910 inquit,
567 833 687 890 deorum
699 833 861 912 iungimus,
881 839 912 886 et
923 849 962 887 ne
974 831 1022 906 pie
1037 829 1164 906 quidem,
1186 832 1262 888 fra-

210 931 312 991 „trum
326 937 360 976 ae
374 914 527 975 sororuml
562 916 715 974 Bellonam
728 917 817 974 Marti
830 915 1017 986 eolloeamus,
1042 911 1176 971 Vuleano
1190 913 1264 972 Ve-

211 1021 345 1074 „nerem,
364 1001 502 1077 Neptuno
516 999 669 1058 Salaciam.
693 1000 840 1068 Quosdam
852 1009 950 1057 temen
965 998 1089 1055 coelibes
1103 999 1263 1074 relinqui-

210 1104 309 1157 ‚,mus,
323 1087 407 1161 quasi
421 1085 550 1142 conditio
564 1084 719 1156 defecerit3
731 1084 903 1160 praesertim
913 1100 978 1139 eum
988 1079 1129 1158 quaedam
1140 1083 1264 1141 viduae

210 1171 305 1241 ,‚sint,
321 1178 353 1224 ut
366 1167 538 1244 Populonia,
558 1169 607 1226 vel
619 1168 758 1246 Fulgore,
778 1177 808 1224 et
820 1167 888 1224 diva
901 1165 1042 1224 Rumina:
1069 1163 1173 1242 quibus
1187 1184 1263 1226 non

211 1254 324 1324 „miror
337 1248 493 1326 petitorem
507 1253 644 1310 defirisse.
674 1251 799 1310 Omnem
824 1252 911 1308 istam
937 1250 1101 1328 ignobilem
1126 1247 1263 1308 deorum

210 1336 359 1408 ‚‚turham,
373 1355 459 1412 quam
472 1339 563 1415 longo
577 1355 649 1394 aevo
662 1337 752 1414 longa
766 1335 935 1410 superstitio
950 1334 1111 1412 congessit,
1131 1333 1188 1405 sie,
1201 1335 1261 1391 in-

211 1421 309 1494 „quit,
319 1419 515 1492 adorabimus,
528 1429 561 1476 ut
567 1421 785 1476 meminerimus
793 1419 903 1474 cultum
912 1417 1076 1495 eiusmagis
1084 1415 1261 1492 admorem,

211 1521 320 1577 „quam
333 1502 444 1558 adrem
457 1503 638 1578 pertinere.“
666 1501 727 1558 Nee
740 1503 822 1579 leges
836 1519 907 1580 ergo
921 1502 1001 1572 illae,
1015 1520 1071 1557 neo
1081 1518 1145 1557 mos
1158 1501 1193 1557 in
1209 1503 1261 1559 ei-

209 1587 264 1642 vili
276 1585 427 1664 theologia
440 1586 470 1642 id
481 1587 686 1656 instituerunt,
701 1585 779 1660 quod
789 1584 845 1640 diis
856 1593 974 1663 gratum
984 1593 1074 1656 esset,
1088 1586 1136 1641 vel
1142 1584 1262 1644 adrem

209 1669 381 1743 pertineret.
399 1667 459 1725 Sed
472 1671 529 1724 iste
543 1687 629 1743 quem
642 1666 824 1744 philosophia
836 1669 920 1744 quasi
933 1667 1057 1725 liberum
1069 1667 1192 1741 fecerat,
1205 1680 1260 1727 ta-

209 1770 277 1807 men
292 1753 359 1826 quia
371 1753 495 1808 illustris
509 1753 609 1826 populi
622 1749 748 1808 Romani
761 1763 881 1808 senator
895 1761 968 1824 erat,
982 1753 1095 1808 eolehat
1107 1751 1188 1826 quod
1201 1771 1260 1810 re-

210 1833 431 1914 prehendebat,
450 1835 556 1913 agebat
576 1835 654 1910 quod
672 1836 828 1914 arguebat,
855 1833 933 1911 quod
948 1835 1082 1912 eulpehat
1094 1835 1259 1896 adorabat:

209 1919 279 1992 quia
290 1919 430 1977 videlieet
443 1937 582 1997 magnum
595 1919 705 1994 aliquid
716 1937 782 1975 eum
794 1917 974 1994 philosophia
984 1919 1132 1990 docuerat,
1147 1938 1187 1976 ne
1198 1939 1258 1978 su-

208 1995 396 2076 perstitiosus
410 2011 490 2058 esset
507 2005 539 2058 in
552 2002 677 2074 mundo,
704 2003 755 2058 sed
771 2012 891 2078 propter
909 1997 990 2081 leges
1009 2003 1117 2060 civium
1133 2021 1258 2061 mores-

209 2083 439 2160 quehominum,
460 2106 520 2144 non
534 2085 651 2162 quidem
664 2096 767 2166 egeret
779 2086 941 2165 fingentem
954 2087 1104 2144 seenieum
1116 2087 1149 2142 in
1163 2085 1257 2146 thea-

209 2178 271 2241 tro,
298 2170 350 2226 sed
362 2171 529 2228 imitaretur
540 2173 572 2228 in
586 2171 707 2246 templo:
734 2189 769 2227 eo
796 2169 1003 2244 damnabilius,
1027 2187 1083 2245 quo
1101 2169 1153 2226 illa
1173 2190 1258 2248 quae

209 2251 389 2310 mendaciter
402 2255 518 2332 agebat,
543 2255 586 2311 sie
600 2263 713 2334 ageret,
735 2263 770 2310 ut
783 2273 850 2310 eum
862 2255 986 2328 populus
998 2255 1143 2312 veraciter
1156 2272 1258 2333 agere

210 2337 407 2408 existimaret3
434 2340 568 2395 seenious
588 2347 685 2394 autern
705 2335 832 2395 ludendo
844 2339 942 2414 potius
957 2337 1132 2410 delectaret,
1159 2357 1258 2415 quam

209 2418 336 2476 fallendo
349 2419 503 2496 deciperet.

625 2573 747 2633 CAP.
791 2573 840 2633 ll.

486 2668 559 2734 Quid
567 2671 599 2722 de
609 2667 717 2725 Ιιιάαιὲι
730 2671 830 2726 Seneca
841 2672 963 2726 senserit.

270 2755 328 2814 Hie
341 2758 420 2814 inter
433 2759 506 2815 alias
521 2761 616 2817 civilis
630 2760 798 2841 theologiae
818 2763 1042 2838 superstitiones
1056 2760 1256 2838 reprehendit

208 2841 296 2896 etiam
309 2850 491 2898 sacramenta
504 2841 688 2918 ludaeorum,
703 2855 732 2903 et
741 2849 868 2904 maxime
882 2847 1017 2919 sabbata3
1030 2848 1181 2904 inutiliter
1197 2870 1254 2908 eos

207 2921 473 2996 faeereaffirmans,
501 2925 577 3002 quod
602 2945 655 3003 per
679 2930 747 2987 illos
767 2933 901 3010 singulos
922 2939 1033 3006 septem
1052 2933 1254 3006 interpositos

207 3005 281 3076 dies,
308 3006 460 3080 septimam
477 3007 540 3066 fere
560 3021 674 3086 partem
693 3017 798 3072 aetatis
818 3034 890 3072 suae
901 3014 1189 3091 perdantvaoando,
1221 3031 1256 3076 et

206 3089 298 3144 multa
312 3090 344 3144 in
357 3097 489 3166 tempore
502 3095 641 3172 urgentia
654 3117 714 3156 non
728 3098 842 3178 agendo
860 3098 1022 3155 laedantur.
1059 3097 1254 3159 Christianos

205 3180 304 3228 tamen
317 3173 376 3228 iam
387 3182 458 3232 tune
471 3175 586 3235 ludaeis
600 3181 830 3254 inimioissimos,
844 3183 876 3238 in
890 3191 1025 3238 neutram
1037 3191 1150 3258 partem
1164 3203 1253 3242 eom-

204 3273 366 3312 memorare
384 3275 471 3316 aussu
487 3271 547 3336 est,
574 3269 673 3322 nevel
687 3266 820 3322 laudaret
833 3275 936 3324 eontra
949 3283 1020 3322 suae
1032 3268 1253 3341 patriaevete-

203 3356 267 3394 rem
280 3343 536 3419 consuetudinem,
562 3351 611 3406 vel
628 3348 855 3424 reprehenderet
874 3358 978 3406 eontra
995 3352 1142 3425 propriam
1154 3347 1253 3408 forsi-

203 3431 256 3478 tan
280 3425 470 3484 voluntatem.
504 3429 551 3488 De
576 3433 636 3488 illis
663 3450 734 3488 sane
751 3431 867 3490 ludaeis
887 3451 952 3490 eum
977 3435 1158 3508 loqueretur,
1187 3437 1252 3493 ait:

204 3505 300 3577 „Cum
311 3510 430 3575 interim
443 3531 537 3590 usque
550 3533 584 3570 eo
599 3516 842 3573 secleratissimae
856 3517 955 3596 gentis
974 3515 1154 3573 eonsuetudo
1170 3536 1252 3575 eorr-

203 3592 329 3663 „valuit,
341 3602 376 3649 ut
387 3613 439 3669 per
450 3615 551 3654 omnes
564 3599 623 3654 iam
636 3606 731 3654 terras
744 3610 863 3676 reeepte
873 3603 926 3658 sit:
939 3602 1013 3658 vieti
1027 3599 1188 3659 viatoribus
1198 3601 1251 3659 le-

202 3691 278 3748 „ges
291 3673 467 3734 dederunt.“
501 3679 663 3737 Mirabat'ur
675 3679 747 3738 haee
759 3683 872 3758 dieens,
887 3683 1000 3760 etquid
1014 3683 1155 3741 divinitus
1169 3687 1250 3763 age-

200 3763 285 3811 retur
298 3759 450 3836 ignorsns‚
472 3763 596 3820 subiecit
605 3765 691 3839 plene
703 3768 890 3840 sententiam,
905 3786 963 3844 qua
974 3767 1156 3846 significaret
1170 3771 1250 3843 quid

204 3833 240 3892 de
255 3839 373 3898 illorum
386 3856 637 3904 sacramentorum
650 3850 765 3907 ratione
779 3852 913 3908 sentiret.
936 3853 986 3910 Ait
999 3851 1091 3911 enim:
1111 3847 1183 3924 „llli
1196 3861 1249 3910 ta·
