2590 4396
213 189 271 247 154
437 180 535 242 Divi
555 179 746 242 avalim!
772 175 1025 236 AVGVSTlNl

210 349 286 397 irem
299 345 444 403 uestrum,
472 332 524 410 pm·
541 333 571 390 ιἰι
589 329 679 389 coelis
697 339 758 401 cat,
781 329 818 386 ad
837 347 922 404 quem
936 331 1068 384 conversi
1083 328 1157 385 fiant
1170 330 1251 404 quod

211 423 291 478 estis.
321 418 384 476 Has
397 417 492 472 secuti
505 423 573 470 ιιιιιι
585 413 742 490 Martyres,
768 414 819 488 qui
831 411 1003 481 scaevolas,
1027 420 1056 467 ct
1068 410 1196 482 Curtios,
1217 423 1253 468 'et

210 505 330 573 Decios,
355 519 415 556 uon
429 499 485 554 sibi
498 496 652 553 inferendo
665 512 786 570 poenes,
813 495 864 550 sed
877 496 972 550 illutus
985 493 1118 566 ferendo,
1142 502 1173 550 et
1186 496 1251 551 vir-

210 595 272 647 tute
284 603 365 654 vera,
379 581 516 657 quonium
525 597 596 636 rere
608 581 727 654 pietate,
741 587 771 634 et
780 577 987 634 innumerabili
997 575 1184 634 multitudiue
1195 595 1250 634 su-

211 675 360 745 pererant.
396 662 457 720 Sed
473 681 538 718 cum
551 661 595 718 illi
611 670 710 717 essent
722 663 754 718 in
769 661 888 718 ciritetc
901 669 1036 731 terrena,
1061 660 1164 735 quibua
1177 677 1249 735 pro-

210 753 401 827 positureret
413 747 543 803 omnium
555 763 608 818 pro
622 745 673 800 ille
686 743 846 800 officiorum
860 743 945 815 linis,
973 744 1159 800 incolumitas
1173 745 1250 814 eius,

211 845 242 890 et
253 849 379 910 regnum
394 847 454 886 uon
468 830 500 884 in
515 829 607 899 coeio,
627 827 678 882 sed
692 828 723 883 in
737 836 833 898 terre3
857 843 917 884 non
930 829 962 882 in
976 829 1039 884 rite
1051 837 1183 898 aeterne,
1197 827 1250 882 sed

211 917 243 972 iu
268 915 437 971 decessione
461 911 649 967 morientium
673 918 703 966 et
726 912 909 966 successione
930 911 1152 981 moriturorum
1178 909 1252 984 quid

212 997 292 1054 aliud
304 1005 438 1054 amarent
450 1011 536 1070 quem
549 994 689 1070 gloriam,
715 1007 771 1068 que
787 993 927 1049 volebant
939 996 1033 1050 *etiem
1046 1001 1251 1068 postmortem

211 1091 349 1156 tauquam
363 1080 463 1136 rivere
476 1079 508 1133 iu
523 1093 573 1132 ore
587 1072 784 1133 laudantiumi
1188 1075 1190 1078 '

610 1225 676 1283 ci
698 1225 729 1281 Ρ.
772 1224 805 1284 X
818 1225 852 1281 V.

211 1327 255 1378 De
264 1325 383 1378 mercede
394 1323 545 1392 temporali,
555 1337 635 1390 quom
640 1320 717 1375 Deus
725 1323 846 1376 reddidit
856 1320 1253 1376 bouismoriberRamtnorum.

276 1414 388 1482 Quibus
409 1431 480 1490 ergo
499 1431 559 1470 non
581 1421 645 1468 erat
658 1412 738 1469 Deus
757 1413 879 1470 daturus
899 1415 990 1470 vitem
1012 1421 1162 1469 aeternum
1184 1429 1253 1468 cum

212 1498 322 1553 sanctia
335 1496 456 1573 Angelis
476 1497 536 1550 suis
556 1491 729 1552 incivitate
749 1513 802 1552 sue
820 1497 955 1567 coelesti,
978 1496 1015 1552 ad
1029 1497 1110 1552 cuius
1123 1495 1252 1550 societa-

211 1589 271 1634 tem
284 1579 377 1652 pietas
391 1591 462 1633 rere
474 1577 625 1650 perducit,
648 1595 722 1652 quae
736 1595 796 1634 uon
810 1577 928 1632 exhibet
940 1579 1114 1635 servitutem
1126 1579 1251 1654 reiigio-

211 1663 269 1732 nia,
284 1676 369 1736 quam
383 1654 519 1738 λατρείαν
534 1659 641 1716 Gracci
653 1669 771 1731 vocant,
785 1661 844 1716 nisi
858 1661 994 1715 univero
1008 1658 1088 1731 Deo;
1116 1661 1252 1734 sineque

210 1743 287 1800 hanc
300 1745 362 1798 eius
375 1751 525 1800 terrenam
537 1745 660 1820 glor-iem
675 1743 914 1802 excellentissimi
931 1743 1047 1814 imperii
1062 1741 1251 1816 concederet,
1281 1731 1282 1796 ἕ

211 1844 272 1883 uon
285 1825 458 1883 redderetur
470 1841 582 1895 merces
595 1826 680 1881 bonis
694 1825 806 1880 artibus
820 1840 938 1894 eorum,
963 1823 995 1880 id
1016 1833 1062 1880 est
1078 1825 1249 1898 virtutibus,

211 1909 317 1984 paribus
328 1909 364 1965 td
375 1918 488 1966 tantem
497 1911 621 1986 gloriam
631 1908 788 1980 pervenire
800 1907 978 1963 nitebantur.
990 1905 1036 1964 De
1046 1907 1152 1964 talibus
1159 1910 1250 1982 onim,

211 1994 263 2066 qui
275 2001 395 2067 proptor
403 1987 461 2048 'hoc
473 1991 544 2046 boni
558 1990 670 2064 eliquid
682 1989 780 2046 iecere
793 1987 942 2062 videntur,
956 1999 990 2046 ut
998 1991 1203 2068 glorificentur
1212 1992 1250 2048 ab

210 2073 390 2146 hominibus,
405 2075 504 2130 'etiem
517 2072 664 2128 Dominus
678 2075 732 2130 ait:
746 2071 838 2130 Amen
852 2075 916 2132 dico
928 2074 1024 2144 vobis,
1045 2085 1251 2151 perceperunt

211 2159 372 2215 mercedem
385 2173 477 2212 suem.
504 2153 555 2212 Sic
574 2165 604 2211 ιι
622 2157 673 2212 isti
691 2159 821 2231 priretes
832 2169 882 2212 ret
895 2171 964 2213 sues
977 2172 1030 2232 pro
1044 2175 1078 2212 re
1091 2159 1249 2227 communi,

210 2239 266 2294 hoc
279 2247 327 2293 ιιι
337 2239 500 2314 republica,
528 2247 559 2294 ιι
571 2254 623 2312 pro
638 2241 700 2296 cius
714 2241 829 2296 aercrio
843 2249 1077 2312 contemserunt,
1104 2239 1251 2296 avaritiae

210 2323 396 2391 restiterant,
410 2323 624 2378 consuluerunt
635 2324 749 2397 patriae
762 2325 886 2380 consilio
898 2325 1004 2396 libero3
1031 2339 1126 2399 neque
1140 2322 1250 2380 delicto

210 2401 372 2460 secundum
385 2419 454 2459 suaa
468 2405 561 2482 leges,
575 2423 670 2481 neque
686 2407 801 2462 libidini
815 2407 949 2465 obnoxii:
967 2405 1012 2462 bia
1027 2405 1159 2462 omnibus
1173 2407 1249 2461 arti-

209 2485 265 2542 bus
278 2495 419 2561 tanquam
430 2503 501 2543 vcra
514 2489 564 2544 rie
577 2489 636 2544 nisi
648 2499 718 2546 eunt
727 2489 764 2546 ed
775 2488 914 2563 honores,
928 2489 1092 2566 imperium,
1107 2488 1249 2566 gloriam:

209 2567 347 2626 honorati
359 2579 431 2626 suat
442 2572 474 2626 in
487 2571 623 2628 omnibus
637 2573 700 2628 iere
713 2574 865 2652 gentibus3
890 2575 1006 2649 imperii
1025 2574 1071 2628 aui
1091 2574 1174 2650 leges
1191 2573 1248 2628 im-

211 2661 373 2726 posuerunt
384 2655 484 2709 multis
499 2656 652 2732 geritibus;
680 2655 826 2731 hodieque
840 2659 933 2713 literis
948 2665 978 2712 et
989 2655 1112 2712 historia
1125 2652 1249 2733 gloriosi

210 2746 280 2792 eunt
292 2753 367 2810 pene
380 2739 412 2792 io
427 2739 560 2792 omnibus
574 2741 721 2815 gentibus.
745 2739 812 2795 Non
826 2748 871 2796 est
886 2739 964 2816 quod
977 2739 1012 2794 de
1026 2740 1175 2794 summiet
1184 2741 1249 2794 veri

210 2816 267 2874 Dei
281 2820 395 2875 iustitie
408 2830 644 2892 conquerentur:
652 2833 856 2900 perceperunt
872 2823 1031 2880 mercedem
1044 2837 1137 2878 auum.

592 2970 715 3029 cip.
757 2971 865 3032 XVl.

162 3076 166 3086 ·
207 3063 251 3115 De
261 3065 380 3116 mercede
390 3075 544 3118 sauctorum
559 3067 656 3120 ciuium
669 3067 799 3122 Civitatis
813 3077 956 3132 aeternus,
975 3069 1071 3137 quibua
1086 3069 1168 3120 utilio
1184 3078 1248 3122 ιιιιι

465 3206 468 3212 ¹
493 3135 960 3207 Romanorumecempiucirtutum.

273 3221 386 3278 Merces
400 3233 498 3281 autcru
511 3235 682 3284 sanctorum
694 3230 783 3304 longo
794 3227 853 3283 elie
868 3235 913 3282 est
927 3229 1016 3284 etiem
1029 3226 1077 3284 hic
1092 3228 1249 3302 opprobria

207 3307 420 3363 arratincutium
432 3326 485 3382 pro
497 3309 626 3366 Ciuitate
640 3311 713 3381 Dei,
740 3328 815 3386 quac
833 3311 936 3366 mundi
954 3310 1039 3367 baius
1058 3311 1249 3368 dilectoribus

103 3449 113 3470 ι
208 3389 309 3446 odioso
323 3399 376 3446 est.
403 3389 456 3447 illa
469 3391 581 3449 Civitas
595 3395 773 3466 sempiterna
786 3402 845 3448 est:
871 3394 912 3449 ibi
926 3396 1024 3450 nulius
1038 3396 1152 3464 oritur,
1178 3396 1249 3468 quia

207 3473 305 3528 nullus
319 3475 454 3530 moritur.
478 3473 523 3530 ibi
539 3484 584 3530 est
596 3489 667 3530 vera
681 3484 711 3530 ιι
722 3478 809 3548 plena
821 3476 959 3548 feliciter,
974 3496 1035 3534 nou
1049 3477 1114 3549 dea,
1128 3476 1178 3532 scd
1193 3476 1248 3533 do-

207 3573 277 3611 num
291 3555 356 3611 Dei.
385 3555 457 3611 lodo
470 3557 539 3612 fidei
551 3559 659 3634 pignus
673 3561 849 3632 accepimus,
867 3561 1006 3634 quamdiu
1020 3563 1248 3640 peregrinantes

206 3639 270 3693 eiua
290 3637 503 3712 pulchritudini
524 3640 710 3711 suspiramus.
737 3640 781 3697 lbi
799 3659 859 3697 uon
881 3643 978 3700 oritur
995 3648 1040 3702 roi
1051 3663 1141 3718 super
1154 3642 1249 3700 bonos

207 3729 237 3775 et
254 3723 363 3792 malos,
388 3719 440 3776 aed
459 3722 503 3776 sol
521 3722 650 3775 iustitiae
669 3723 747 3778 solos
766 3726 898 3800 protegit
910 3727 1011 3784 bonos.
1039 3727 1083 3783 [bi
1106 3744 1166 3782 non
1190 3740 1249 3782 erit
1281 3761 1282 3792 ι

205 3819 313 3882 mogus
323 3804 481 3873 industria,
496 3803 589 3858 ditore
603 3805 748 3862 aerarium
757 3806 907 3880 publicum
916 3811 1038 3883 privetis
1049 3811 1135 3866 rebus
1149 3825 1243 3886 ungu·
