2510 4404
221 141 281 200 DE
305 141 525 202 ClVlTATE
548 144 624 204 DEl
654 143 733 200 ΗΒ,
756 143 871 202 XXll.
999 149 1059 204 423

24 317 83 372 yur.
113 293 177 354 Hoc
189 313 310 367 munus,
332 293 380 354 bic
392 291 524 370 affectus,
547 295 594 354 hie
607 305 689 354 actua
702 295 831 371 profecto
846 299 902 356 erit
914 299 1060 370 omnibus,

24 383 105 438 {icut
118 381 181 454 ipea
193 380 255 436 rita
269 388 399 452 aeterna,
414 382 585 438 communis.

90 461 245 520 Caeterum
258 464 307 539 qui
319 463 411 520 futuri
424 465 485 520 sint
495 484 548 540 pre
558 466 671 522 meritis
685 465 880 540 praemiorum
893 464 980 521 etiam
992 483 1060 544 gra-

24 548 81 604 dus
94 543 237 604 honorum
251 557 339 624 atque
352 549 524 625 gloriarum,
540 549 606 624 quis
621 548 799 606 coridonem
813 548 956 628 cogitare,
969 565 1061 624 quan-

24 642 53 688 to
71 632 165 710 magis
180 627 295 688 diceret
317 630 402 700 Quod
413 641 511 690 tamen
525 631 619 690 futuri
631 633 703 704 rint,
717 650 778 690 noe
791 640 836 689 eet
850 629 1063 710 ambigendum.

24 717 124 792 Atque
138 713 168 770 id
182 716 268 772 etiam
289 714 375 772 beata
389 713 500 774 Civitas
514 718 564 773 illa
577 735 717 796 magnum
731 717 763 772 in
776 735 808 772 re
822 715 932 774 bonum
944 713 1065 788 ridebit,

24 799 110 876 quod
124 800 196 856 nulli
209 800 355 876 superiori
368 801 443 856 ullur
458 800 581 858 inferior
594 799 747 871 invidebit,
763 801 839 858 aient
854 818 931 862 nunc
945 818 1006 858 non
1021 801 1065 858 in·

24 883 131 942 rident
141 876 333 962 Archangelia
342 881 449 961 Angeli
459 886 583 942 caeteri:
599 894 714 960 tamque
729 879 895 962 [tanquam]
910 885 991 942 nolet
1002 901 1066 942 erae

24 968 231 1044 unusquisque
245 966 324 1044 quod
338 986 397 1024 non
410 970 533 1042 acecpit,
548 970 679 1044 quamvis
693 969 732 1026 rit
743 969 928 1043 pacatissimo
944 986 1066 1026 eoncor-

24 1053 95 1110 diae
109 1051 226 1109 vinculo
240 1053 267 1106 ei
282 1052 332 1127 qui
345 1053 459 1127 accepit
471 1051 640 1125 obstrietus,
654 1069 740 1128 quam
753 1069 807 1108 nec
821 1054 851 1108 in
867 1070 990 1126 corpore
1003 1053 1067 1110 vult

24 1138 130 1194 oculus
156 1128 220 1190 erse
239 1137 289 1210 qui
309 1144 354 1191 eat
372 1134 498 1214 digitus,
523 1154 611 1212 quum
631 1135 791 1196 membrum
815 1145 969 1210 utrumque
996 1155 1066 1194 eon-

24 1223 124 1276 lineet
136 1219 224 1275 totius
241 1220 338 1276 earnis
350 1229 455 1296 pacata
468 1239 618 1298 compago.
651 1218 703 1278 Sic
717 1221 816 1295 itaque
829 1217 947 1276 babebit
959 1219 1066 1278 donum

24 1306 104 1360 alius
119 1303 175 1358 alio
189 1304 297 1377 minue,
313 1312 347 1358 ut
356 1301 411 1359 hoc
424 1321 540 1380 quoque
552 1304 661 1362 donum
670 1302 785 1376 habeat,
800 1323 837 1362 ne
850 1303 923 1359 velit
935 1305 1067 1378 amplier.

94 1385 155 1443 Nee
169 1385 234 1442 ideo
248 1387 371 1444 liberum
385 1387 538 1446 arbitrium
552 1407 613 1446 non
625 1386 783 1458 habebunt,
806 1388 875 1463 quia
885 1397 1005 1462 peccata
1019 1405 1068 1444 eor

24 1474 176 1528 delectare
189 1489 250 1528 non
265 1475 411 1548 poterunt.
446 1470 552 1556 Magis·
563 1473 667 1548 quippe
686 1473 743 1528 erit
755 1471 894 1543 liberum,
918 1470 1068 1528 adileeta-

24 1560 112 1613 tione
125 1555 266 1628 peccandi
279 1573 372 1631 usque
387 1554 425 1614 ed
439 1555 662 1614 delectationem
680 1574 741 1616 non
753 1554 893 1631 peccandi
906 1553 1069 1614 indeclina-

24 1643 119 1697 bilem
132 1638 295 1696 liberatum.
325 1638 400 1696 Nam
412 1641 538 1716 primurn
551 1639 676 1698 liberum
689 1640 854 1711 arbitrium,
868 1637 945 1714 quod
958 1636 1068 1696 bomini

24 1725 129 1780 datum
143 1731 203 1795 cst,
229 1723 344 1800 quando
357 1725 483 1798 primum
497 1733 613 1780 creatus
628 1733 673 1780 ert
684 1733 798 1796 rectus,
818 1723 917 1799 potuit
929 1740 990 1780 noa
1002 1741 1069 1798 pce·

24 1827 109 1879 care,
124 1806 175 1863 scd
186 1808 284 1882 potuit
298 1816 327 1864 et
337 1827 475 1884 peecare:
488 1807 543 1864 hoc
556 1818 655 1866 autem
666 1809 859 1868 novissimum
872 1824 907 1864 eo
920 1807 1068 1882 potentius

25 1893 99 1961 erit,
113 1909 169 1966 quo
183 1910 307 1968 peecare
322 1910 382 1948 non
394 1894 512 1968 poterit.
545 1891 655 1948 Verum
667 1891 722 1949 boc
736 1910 851 1968 quoque
865 1889 923 1948 Dei
935 1909 1069 1961 munere,

24 1995 92 2034 non
112 1969 180 2032 suae
198 1975 391 2050 possibilitate
411 1985 542 2032 naturae.
582 1974 669 2030 Aliud
689 1983 734 2030 ert
752 1976 847 2044 enim,
872 1991 937 2028 esee
956 1972 1070 2043 Deum,

27 2059 122 2130 aliud,
132 2059 305 2136 participem
317 2055 384 2114 Dei.
420 2057 503 2114 Deus
517 2065 625 2114 natura
636 2075 758 2131 peecare
772 2075 833 2114 noa
844 2063 955 2130 potcst3
977 2057 1069 2129 parti·

29 2161 100 2218 ceps
114 2161 185 2200 vero
199 2140 257 2214 Dei
269 2141 304 2198 ab
318 2142 369 2197 illo
383 2142 505 2216 accipit,
525 2148 558 2196 ut
574 2157 697 2214 peccare
711 2157 771 2196 non
783 2139 886 2214 poerit.
924 2137 1069 2198 Servandi

26 2238 130 2284 autem
143 2225 252 2304 gradus
266 2233 351 2280 erant
364 2223 457 2281 divini
469 2225 611 2295 muneris,
631 2232 664 2280 ut
675 2225 802 2298 primum
814 2222 931 2281 daretur
944 2221 1068 2280 liberum

26 2311 198 2381 arbitrium,
213 2327 269 2386 quo
283 2327 343 2366 non
357 2326 478 2382 peecare
489 2316 589 2382 posset
601 2305 703 2380 homo;
717 2307 916 2376 novissimum,
931 2323 987 2383 quo
999 2325 1069 2382 pec-

27 2414 98 2453 care
112 2413 174 2450 non
188 2402 301 2468 posset:
326 2403 413 2470 atque
427 2391 499 2448 illud
513 2390 550 2447 ad
562 2391 790 2465 comparandum
802 2391 950 2462 moritum,
967 2387 1020 2446 boc
1034 2389 1069 2446 ad

27 2477 234 2554 recipiendum
247 2478 408 2552 praemium
418 2476 589 2551 pertineret.
613 2472 672 2530 Sed
686 2477 755 2550 quia
767 2475 900 2550 peccavit
911 2476 969 2532 iata
982 2483 1068 2532 natu·

28 2583 64 2620 ra
80 2581 171 2638 quum
183 2579 306 2636 peceare
318 2561 431 2632 potuit,
455 2560 583 2636 largiore
601 2560 697 2635 gratia
716 2559 873 2627 liberatur,
898 2567 932 2616 ut
948 2557 986 2614 ad
1006 2575 1069 2618 cam

26 2647 208 2724 perducatur
221 2643 401 2714 libertatem,
424 2644 457 2700 in
474 2661 532 2718 qua
549 2660 671 2718 peecare
684 2661 744 2698 non
756 2642 859 2716 possit.
893 2640 979 2700 Siout
992 2643 1069 2700 euim

27 2731 124 2806 prima
139 2727 341 2782 immortalitas
355 2725 426 2800 luit,
454 2744 540 2802 quarn
552 2724 699 2800 peccando
711 2726 804 2784 Adam
816 2724 960 2800 perdidit,
982 2743 1068 2800 poete

28 2832 91 2869 non
105 2811 196 2880 mori,
218 2811 378 2866 novissima
392 2811 449 2868 crit
462 2829 522 2868 non
534 2827 621 2887 poree
633 2811 724 2868 mori:
750 2811 793 2868 ita
805 2810 930 2884 primum
943 2807 1067 2866 liberum

28 2895 184 2951 arbitrium
203 2913 287 2970 poree
306 2913 365 2952 nou
382 2913 521 2972 peccare,
548 2895 738 2952 novissimum
759 2913 820 2952 non
836 2912 923 2969 potae
935 2911 1066 2969 peecare

27 2977 81 3037 Sic
95 2979 174 3036 enim
187 2980 244 3036 erit
256 2980 457 3036 inarderibilie
471 2981 607 3038 voluntas
620 2979 738 3054 pietatis
753 2988 782 3038 et
795 2979 968 3054 aequitatir,
993 2995 1066 3054 quo-

25 3063 112 3121 modo
127 3072 172 3120 cst
184 3063 341 3122 felicitatis.
369 3063 444 3122 Nam
455 3066 555 3138 utique
569 3064 717 3126 peccando
732 3083 787 3120 nec
800 3065 940 3139 pietatem
952 3061 1065 3118 neofo-

24 3149 169 3205 licitatem
181 3150 339 3218 tenuimus,
364 3150 547 3204 voluntatem
560 3166 630 3204 vero
644 3149 793 3204 felicitatis
807 3165 863 3207 nce
874 3145 988 3220 perdita
1000 3144 1065 3202 feli·

28 3235 120 3288 citate
135 3223 322 3305 perdidimus.
359 3228 457 3300 Certe,
470 3227 552 3284 Deua
567 3230 628 3303 ipsc
642 3229 781 3304 numquid
795 3229 933 3302 quoniam
944 3245 1065 3300 peceare

27 3335 89 3372 non
103 3322 218 3390 potest,
242 3312 308 3370 ideo
325 3312 449 3368 liberum
463 3311 615 3368 arbitrium
627 3310 734 3366 babere
748 3308 901 3388 negandus
915 3304 978 3364 esti
999 3308 1066 3366 Erit

28 3418 101 3478 erge
116 3399 195 3454 illiue
209 3395 345 3454 Civitatis
359 3405 459 3452 etune
472 3397 504 3452 in
518 3395 666 3468 omnibus,
691 3403 721 3451 et
738 3392 941 3470 inreparabilis
955 3393 987 3448 in
1002 3393 1064 3450 ain-

27 3484 107 3560 gulis
121 3482 259 3538 voluntas
272 3479 382 3553 libera,
409 3480 444 3536 ab
460 3481 540 3536 omni
552 3480 627 3535 malo
647 3479 787 3550 liberata,
812 3486 842 3534 et
854 3477 973 3550 impleta
985 3475 1065 3534 omui

27 3567 123 3637 bono,
148 3564 250 3622 fruens
268 3563 471 3620 indeficienter
489 3573 672 3640 aeternorum
687 3561 869 3622 iucunditate
881 3558 1063 3639 gaudiorum,

27 3648 122 3706 oblita
137 3649 298 3725 culparum,
312 3649 401 3706 oblita
412 3663 588 3724 poenarum3
615 3667 670 3706 uec
683 3657 781 3704 tomen
794 3644 860 3704 idco
873 3661 944 3702 auae
957 3643 1063 3704 libera-

26 3734 121 3792 tionis
135 3731 235 3804 oblita,
249 3743 282 3790 ut
295 3731 446 3790 liberatori
458 3751 511 3791 tuo
526 3751 586 3790 nou
599 3733 639 3789 eit
650 3741 744 3812 grata.

108 3818 256 3886 Quantum
279 3835 349 3898 ergo
372 3818 478 3874 attinet
500 3815 537 3873 ad
561 3818 713 3876 scientiam
738 3815 926 3888 rationalem,
953 3829 1064 3875 memor,
