2530 4392
215 263 276 320 scs
442 241 540 317 urvr
560 255 747 316 svnncrr
772 254 1026 314 svevsrmr

218 413 349 490 quemvis
363 421 391 466 et
404 410 466 484 ipsa
480 428 554 486 quae
567 411 599 468 in
612 427 710 466 rerum
723 418 826 467 notura
842 407 974 466 omnibus
988 418 1165 484 notarunt,
1190 431 1236 468 non

216 499 312 554 minus
326 490 401 552 mire
415 494 484 565 sint,
497 502 652 569 essentque
665 491 806 568 stupenda
817 491 1069 549 considerantibus
1086 498 1209 566 cunctis,
1220 499 1237 550 si

216 576 344 638 solerent
355 577 488 634 homines
501 578 602 634 mirari
614 578 689 633 mira
702 577 760 634 nisi
773 594 848 632 rara.
863 577 934 643 Quis
946 577 1036 649 euim,
1049 581 1190 635 consulta
1204 598 1237 634 re

214 665 311 734 tione,
335 680 394 719 non
412 657 510 718 videat
523 662 555 718 in
568 659 718 718 homiuum
740 659 943 716 innumerabili
960 665 1196 736 numerositate,
1219 677 1239 718 et

215 756 297 804 tanta
311 755 432 803 naturae
446 743 649 816 similitudine,
663 743 746 801 valde
756 743 925 800 mirabiliter
938 746 982 800 sic
992 742 1108 801 babere
1123 747 1239 826 singulos

216 832 348 909 singulas
361 827 461 900 facies,
480 837 513 884 ut
526 831 584 886 nisi
596 829 675 884 inter
687 846 719 884 se
732 829 841 902 similes
856 837 967 900 essent,
989 846 1054 884 non
1069 829 1241 887 discernere-

215 925 263 970 tur
277 914 500 988 spccieseorum
514 912 549 970 ab
563 909 737 969 animalibus
759 914 896 983 caeteris3
922 920 951 968 et
969 930 1079 968 rursus
1099 909 1242 970 nisiinter

217 1017 248 1054 se
261 997 416 1053 dissimiles
430 1006 544 1067 essent,
568 1014 627 1052 non
643 995 881 1052 discernerentur
900 996 1011 1074 singuli
1034 997 1072 1052 ab
1087 995 1243 1054 bominibus

218 1075 358 1137 caeterisi
383 1080 461 1146 Quos
477 1097 547 1158 ergo
561 1080 669 1134 similes
690 1077 877 1150 confitemur,
901 1078 1016 1136 eosdem
1032 1080 1196 1138 dissimiles
1207 1085 1242 1138 in-

217 1165 360 1220 venimus.
383 1161 443 1220 Sed
455 1162 615 1220 mirsbilior
628 1172 674 1218 est
687 1161 881 1219 consideratio
894 1161 1169 1239 dissimilitudinis3
1186 1185 1241 1241 quo

218 1250 295 1304 niam
311 1246 531 1306 similitudinem
541 1247 645 1303 iustius
657 1245 773 1303 videtur
786 1261 943 1320 exposcere
955 1255 1068 1304 natura
1081 1251 1241 1306 communis.

217 1331 257 1388 Et
270 1341 367 1388 temen
380 1333 516 1408 quoniam
529 1349 602 1406 quae
615 1339 683 1386 suut
694 1345 777 1401 rara,
803 1330 867 1404 ipsa
879 1339 948 1386 sunt
963 1331 1058 1402 mira,
1086 1335 1184 1390 mrrlto
1196 1353 1241 1389 au-

218 1417 294 1491 plius
315 1414 489 1472 admiramur
511 1413 624 1490 quando
645 1412 716 1469 duos
729 1415 770 1470 ita
783 1415 892 1469 similes
910 1415 1092 1489 reperimus,
1123 1427 1160 1474 ut
1171 1418 1241 1492 ineis

220 1499 419 1556 discernendis
434 1507 486 1554 aut
499 1517 621 1572 semper,
635 1507 687 1553 aut
699 1497 868 1572 frequenter
881 1515 1019 1554 erremus.

280 1581 338 1639 Scd
352 1583 430 1656 quod
442 1581 505 1638 dixi
517 1583 654 1656 scriptum
668 1599 685 1636 a
697 1579 843 1652 Varrone,
868 1583 936 1637 licet
955 1599 1061 1638 eorum
1081 1584 1126 1640 sit
1139 1583 1241 1640 histori-

220 1684 270 1722 cus
288 1665 424 1739 idemque
441 1664 641 1734 doctissimus,
662 1663 787 1720 fortasse
802 1682 872 1720 vere
889 1665 1000 1721 factum
1021 1683 1092 1722 esse
1114 1687 1176 1724 non
1193 1685 1242 1724 cre·

219 1750 305 1820 dunt;
322 1757 372 1804 aut
385 1749 453 1822 quia
466 1767 526 1804 non
538 1746 587 1803 diu
599 1749 708 1804 mansit
720 1749 792 1806 alius
807 1748 935 1804 eiusdem
947 1747 1057 1804 sideris
1073 1769 1193 1823 cursus,
1205 1751 1242 1807 sed

219 1832 345 1888 reditum
358 1841 402 1886 est
415 1830 451 1888 ad
463 1833 590 1902 solitum,
605 1831 701 1886 minus
713 1832 772 1887 isto
786 1841 939 1889 moventur
951 1835 1104 1916 exemplo,
1143 1835 1242 1891 Habent

220 1921 290 1994 er'go
304 1914 393 1986 aliud,
410 1913 487 1990 quod
501 1915 587 1970 etiam
600 1932 679 1972 nunc
691 1917 787 1992 possit
800 1916 924 1987 ostendi,
947 1917 1048 1991 cisque
1062 1927 1141 1993 puto
1154 1919 1242 1975 debere

219 1999 360 2070 sufficere,
374 2018 431 2074 quo
445 2006 683 2054 commoneantur
697 1994 958 2078 [commoveantur]
973 2018 1065 2075 quum
1078 2003 1192 2079 aliquid
1203 2002 1242 2057 ad-

220 2085 363 2142 verterint
378 2085 411 2140 in
431 2083 526 2158 aliquo
544 2083 731 2140 institutione
750 2092 886 2154 naturae,
912 2101 1035 2158 eamque
1057 2085 1120 2140 isbi
1137 2089 1241 2143 notissi-

220 2187 295 2226 mam
308 2168 443 2238 fecerint,
458 2185 518 2224 non
532 2165 645 2222 scinde
658 2165 722 2223 Deo
737 2165 841 2222 debere
853 2167 1070 2242 praescribere,
1092 2174 1181 2244 quasi
1194 2189 1240 2225 esu

220 2271 279 2308 non
291 2253 384 2324 possit
396 2253 428 2306 in
441 2253 530 2328 longe
543 2249 635 2322 aliud,
654 2251 794 2326 quameis
808 2251 926 2328 cognita
940 2259 1001 2320 est,
1024 2262 1153 2309 vertere
1171 2265 1240 2328 atque
1260 2265 1261 2284 ³

220 2344 341 2390 mutare.
360 2331 453 2391 Terra
464 2332 658 2392 Sodomorum
672 2353 731 2390 non
744 2332 800 2402 fuit
812 2335 910 2410 utiquc
924 2343 957 2390 ut
969 2353 1052 2390 nunc
1067 2347 1134 2394 est:
1148 2336 1197 2394 sed
1209 2339 1239 2391 ia-

220 2419 303 2474 cebat
312 2418 401 2473 simili
411 2420 534 2474 cacteris
546 2417 630 2490 facie,
645 2417 800 2494 eademque
812 2419 860 2475 vel
874 2419 960 2474 etiam
974 2419 1117 2476 uberiore
1131 2421 1239 2477 ioeeurr

219 2503 310 2559 ditate
323 2501 463 2576 pollebat3
483 2520 549 2558 nam
563 2500 621 2557 Dei
632 2501 767 2575 paradiso
779 2503 811 2558 in
824 2499 931 2557 divinis
945 2503 1071 2578 eloquiis
1085 2515 1240 2580 comparate

220 2597 273 2642 est.
304 2584 386 2642 Haec
399 2589 501 2660 postea
514 2604 599 2661 quam
612 2593 690 2640 tacta
703 2584 738 2640 de
752 2587 833 2642 coelo
847 2583 901 2654 e'st,
915 2587 991 2641 sicut
1001 2587 1125 2644 illorum
1139 2605 1240 2663 quoqne

219 2679 373 2726 attestatur
386 2667 523 2740 historia,
543 2678 572 2724 et
585 2687 664 2724 nunc
678 2669 713 2724 ab
728 2670 770 2725 eis
784 2670 834 2744 qui
846 2670 969 2725 veniunt
982 2669 1019 2726 ad
1033 2672 1101 2726 loca
1115 2673 1167 2728 illa
1179 2691 1239 2727 eorr-

219 2755 352 2829 spicitur,
376 2752 544 2832 prodigiosa
556 2751 679 2830 fuligine
692 2751 808 2809 horrori
820 2761 880 2822 est,
905 2761 934 2808 et
945 2771 1031 2828 poma
1045 2755 1112 2812 eius
1126 2757 1239 2812 interis

219 2856 280 2893 rem
298 2837 427 2894 favillam
445 2837 577 2892 mendaci
597 2836 749 2911 superficie
770 2837 945 2892 maturitatis
964 2837 1130 2896 includunt.
1172 2838 1239 2895 Ecce

219 2939 279 2976 non
294 2929 356 2975 erat
368 2921 445 2990 talis,
461 2929 489 2975 et
502 2921 568 2975 talis
582 2928 634 2974 est.
661 2919 739 2978 Ecce
752 2928 769 2976 a
783 2917 940 2976 conditore
953 2931 1130 2979 naturarum
1145 2933 1239 2980 namn

220 3005 280 3056 eius
295 3004 326 3057 in
339 3001 414 3056 hanc
428 3001 623 3064 foedissimam
636 2998 834 3070 diversitatem
848 3003 977 3078 mirabili
989 3007 1155 3063 mutatione
1176 3023 1239 3062 eon·

124 3093 126 3095 ’
218 3104 302 3140 versa
315 3095 372 3140 est:
401 3093 429 3140 et
443 3085 517 3159 quod
530 3095 595 3160 post
608 3094 668 3142 tarn
680 3089 799 3166 longum
812 3087 917 3144 accidit
934 3097 1062 3162 tempus,
1082 3099 1144 3146 tam
1156 3093 1237 3166 longo

218 3181 344 3244 tempore
357 3179 531 3244 perseverat.

279 3251 363 3311 Sicut
376 3271 445 3331 ergo
459 3272 519 3310 non
533 3253 588 3310 ruit
600 3253 775 3329 impossibile
788 3252 864 3326 Deo,
883 3271 954 3329 ques
967 3255 1064 3310 voluit
1076 3255 1237 3315 instituere.

215 3340 257 3394 sic
272 3339 300 3394 ei
313 3357 372 3395 non
387 3347 431 3393 est
442 3338 635 3413 moossibile,
658 3339 689 3393 in
703 3337 841 3414 quicquid
853 3337 994 3408 voluerit,
1018 3355 1091 3413 quas
1105 3341 1236 3396 instituit.

216 3431 326 3480 mutare
340 3429 470 3478 naturas.
504 3420 587 3478 Vndc
606 3423 722 3477 illorum
744 3437 856 3498 quoque
868 3421 1076 3478 miraculorum
1088 3422 1236 3479 multituda
1260 3423 1261 3472 ἕ

217 3508 356 3578 silvescit,
370 3523 445 3580 quae
457 3514 599 3578 monstra,
613 3513 737 3576 ostenta,
755 3513 901 3579 portenta,
920 3503 1055 3583 prodigia
1069 3523 1233 3578 nuncupan-

216 3601 278 3646 tur:
292 3608 365 3666 quae
379 3590 509 3645 recolere
523 3599 553 3644 et
565 3605 789 3646 commemorare
803 3589 828 3644 si
841 3589 939 3659 velim,
958 3585 1044 3644 huius
1058 3587 1166 3664 Operis
1180 3589 1233 3664 quis

217 3675 273 3728 erit
285 3669 372 3729 finiri
385 3671 518 3730 Monstra
532 3691 602 3728 sane
614 3671 691 3727 dicta
701 3669 878 3746 perhibente
887 3671 1088 3743 monstrando,
1099 3671 1177 3749 quod
1187 3671 1233 3726 ali-

214 3754 284 3831 quid
295 3755 486 3833 significando
494 3755 707 3827 demonstrent3
721 3763 871 3831 etostenta
880 3755 914 3811 ab
927 3755 1126 3828 ostendendo;
1140 3765 1233 3830 etpor·

215 3845 296 3894 tenta
308 3856 325 3892 a
338 3838 548 3910 portendendo,
565 3837 595 3893 id
608 3847 662 3907 cst,
675 3837 940 3913 praeostendend03
958 3848 988 3894 et
998 3841 1146 3918 prodigia,
1165 3833 1233 3913 quod

216 3941 301 3996 porro
313 3921 423 3992 dicant,
437 3919 467 3975 id
479 3928 532 3990 est,
562 3920 661 3978 futura
687 3921 863 3998 praedicant.
911 3920 970 3978 Sed
989 3922 1118 3980 uiderint
1142 3941 1233 3978 corun
