2510 4404
223 208 282 266 DE
306 208 529 266 ClVl'l‘ATE
552 209 630 266 DEI
652 208 730 266 ΗΒ.
753 208 867 267 XXll.
997 216 1057 274 405

30 361 60 415 ,is
77 361 109 415 in
121 357 177 415 hoc
190 363 336 418 saeculum
348 357 499 418 venimusl
522 361 604 429 Quid,
613 370 658 417 est
671 361 759 431 ιιιίιιι,
785 361 863 436 quod
882 381 947 420 cuns
958 365 1057 424 labore

30 444 220 515 neminimus,
235 446 298 500 sine
311 445 410 501 labore
424 445 635 516 obliviscimu13
657 463 725 501 cum
736 445 836 502 labore
850 443 1000 520 discimus,
1015 450 1055 506 si-

30 547 60 584 ιι
75 527 176 584 labore
188 530 349 600 nescimus3
363 547 430 586 oum
442 529 541 586 labore
554 529 677 598 strenui,
692 529 756 584 sine
769 528 868 586 labore
880 530 991 586 inertes
1005 550 1054 588 su·

30 607 106 667 nusi
129 609 236 668 Nonne
254 611 323 668 hinc
343 622 462 688 apparet
479 615 511 668 in
533 613 602 687 quid
614 613 696 669 velut
712 611 840 687 pondere
853 631 905 668 suo
918 615 1054 688 proclivis

30 705 51 750 ιι
64 713 160 770 prona
173 697 213 752 sit
224 697 331 753 vitiosa
344 705 461 766 natura,
476 706 505 753 et
517 704 624 772 quanta
637 713 702 769 ope,
717 705 751 754 ut
762 694 831 754 hinc
843 696 993 768 liberetur,
1009 699 1054 754 in-

30 774 141 855 ligeatl
165 778 296 850 Desidia,
310 781 464 858 segnities,
477 781 608 858 pigritia,
622 781 815 858 negligentia,
829 781 902 838 vitia
914 789 985 838 sunt
996 781 1054 838 uti-

30 881 79 938 [ιιι
93 863 196 938 quibus
208 863 290 920 labor
303 862 429 942 fingitur,
454 881 543 938 quum
561 863 639 921 labos
656 865 718 938 ipse
737 865 824 921 etiam
842 864 891 940 qui
906 872 951 922 est
964 867 1054 935 utilis,

30 963 115 1002 toena
128 947 175 1002 sit.

85 1027 144 1087 Sed
157 1039 272 1105 praeter
288 1028 414 1106 pueriles
431 1051 557 1106 poenas,
580 1033 644 1089 sine
663 1033 766 1108 quibus
784 1032 857 1090 disci
880 1052 939 1090 non
959 1043 1054 1109 potest

30 1113 98 1190 [uod
111 1115 236 1170 maiores
249 1117 365 1186 volunt,
390 1117 441 1190 qui
458 1118 512 1173 vix
529 1115 640 1192 aliquid
657 1118 771 1174 utiliter
790 1119 910 1187 volunt,
935 1126 1007 1193 quot
1025 1126 1054 1172 ct

30 1199 140 1272 [nantis
153 1200 255 1274 poenis
269 1217 361 1276 genus
376 1201 505 1277 agitetur
518 1197 685 1271 humanum,
700 1219 776 1275 quae
789 1219 849 1258 non
862 1200 899 1257 ad
912 1202 1052 1258 malitiam

30 1282 237 1357 requitiamque
256 1283 442 1358 iniquorum,
467 1283 519 1340 scd
540 1283 577 1340 ad
594 1283 792 1342 conditionem
803 1286 955 1359 pertinent
966 1287 1054 1342 mise-

32 1368 152 1440 iamquc
166 1384 358 1438 communem,
382 1368 446 1442 quis
459 1369 519 1424 ullo
533 1386 667 1424 sermone
680 1367 798 1446 digerit,
818 1369 884 1443 quis
898 1369 959 1425 ulla
973 1369 1053 1446 cogi-

30 1451 132 1505 ationo
147 1445 381 1524 comprehcndit?
404 1451 538 1518 Quantus
553 1461 599 1508 est
611 1461 715 1523 metus,
735 1461 843 1528 quanta
856 1453 1005 1510 calamitas
1019 1451 1053 1510 ab

30 1533 194 1589 ›rbitatibus
207 1543 295 1609 atque
312 1535 404 1606 luctu,
417 1553 436 1592 a
449 1533 561 1592 damnis
575 1544 605 1592 et
617 1535 862 1608 damnationibus,
876 1555 894 1592 a
907 1536 1053 1610 deceptio·

30 1619 105 1673 ribus
118 1625 148 1672 et
160 1617 319 1674 mendaciis
332 1615 491 1691 homiuum,
505 1637 523 1676 a
536 1619 751 1694 suspicionibus
764 1619 857 1686 falsis,
871 1621 906 1678 ab
920 1619 1053 1676 omnibus

30 1701 156 1757 iolcntis
175 1698 352 1759 facinoribus
368 1712 397 1759 et
411 1703 570 1760 sceleribus
589 1700 712 1760 alienisi
749 1703 871 1770 Quando
887 1702 1005 1779 quidem
1017 1703 1052 1760 ab

32 1787 59 1841 is
74 1794 104 1840 et
117 1783 314 1860 depraedatio,
331 1796 360 1843 ct
373 1788 539 1861 captivitas,
553 1797 582 1844 ct
594 1789 727 1859 vincrda,
751 1796 781 1843 ιι
794 1805 937 1858 carceres,
957 1796 988 1846 et
1000 1804 1052 1844 ex-

31 1871 100 1940 ilia,
124 1877 153 1924 et
166 1871 328 1942 cruciatus,
353 1880 382 1927 et
395 1873 554 1946 amputatio
574 1873 783 1943 membrorum,
802 1881 832 1927 et
843 1873 971 1945 privatio
985 1889 1052 1928 sen-

30 1973 118 2023 uum,
141 1961 170 2008 et
182 1955 331 2028 oppressio
345 1957 475 2030 corporis
488 1955 526 2010 ad
539 1955 711 2011 obscoenam
723 1955 874 2009 libidinem
887 1955 1052 2028 opprimen-

30 2042 55 2092 is
71 2035 259 2110 explendam,
282 2047 312 2093 et
323 2038 381 2094 alia
394 2039 485 2093 multa
496 2035 641 2093 horrenda
654 2055 740 2110 saepo
753 2037 939 2113 contingunt.
976 2036 1052 2102 Quid
1144 2043 1147 2053 '

30 2121 53 2175 ‚b
68 2121 230 2176 innumeris
245 2119 359 2176 casibus
374 2121 424 2195 qui
436 2119 601 2176 forinsecus
617 2120 733 2194 corpori
746 2117 949 2190 formidantur,
963 2121 1050 2176 aesti-

33 2223 68 2259 us
83 2213 113 2259 et
128 2203 299 2282 frigoribus,
313 2205 546 2279 tempestatibus,
559 2203 715 2275 imbribus,
738 2202 944 2274 alluvionibus,
965 2221 1050 2260 coru·

30 2289 159 2360 catione,
173 2289 297 2360 tonitru,
310 2286 465 2366 grandine,
478 2287 611 2358 fulmine,
623 2287 749 2344 motibus
763 2284 946 2361 hiatibusque
956 2295 1050 2342 terra·

30 2393 98 2443 um,
124 2369 361 2447 oppressionibus
384 2374 554 2442 ruinarum,
581 2371 616 2426 ab
642 2367 804 2426 offensione
827 2377 857 2426 ιι
878 2387 986 2444 pavore
1004 2371 1049 2426 val

30 2460 103 2514 tiam
116 2458 226 2512 malitia
239 2458 446 2526 iumentorum,
460 2463 532 2512 atot
541 2455 662 2511 venenis
673 2451 820 2524 fruticum,
834 2470 983 2528 aquarum,
996 2471 1049 2508 au-

30 2561 125 2610 arum,
139 2541 306 2610 bestiarum,
321 2539 479 2595 clerorum
486 2539 535 2595 vel
545 2535 744 2593 tautummodo
756 2536 888 2594 molestis
902 2537 1049 2594 ueletiam

30 2623 176 2682 sortileris
191 2623 351 2693 morsibus,
366 2640 384 2678 a
397 2621 478 2677 rabie
491 2639 565 2697 quae
579 2621 726 2698 contingit
741 2637 778 2676 ex
791 2619 892 2676 rabido
904 2637 991 2691 cane,
1016 2629 1048 2676 ut

30 2711 103 2764 tiam
121 2705 229 2762 blanda
249 2714 278 2760 et
297 2707 390 2761 amica
412 2723 464 2762 suo
486 2705 604 2763 domino
624 2703 719 2760 bestia
737 2701 1046 2779 nonnunquam'velre-

30 2789 143 2847 sentius
157 2797 187 2844 et
199 2789 324 2844 amarius
338 2807 423 2864 quam
434 2791 535 2846 leones
549 2787 747 2864 draconesque
759 2795 922 2860 metuatur,
944 2785 1046 2844 iaciat·

30 2892 72 2950 ¹uc
84 2869 246 2944 hominem,
269 2891 353 2948 quem
372 2873 450 2930 forte
465 2873 694 2944 attaminaverit,
718 2872 894 2950 contagione
907 2871 1046 2948 pestifera

30 2968 55 3014 ta
69 2955 225 3028 rabiosum,
238 2967 301 3014 uta
312 2958 492 3034 parentibus,
506 2960 645 3036 coniuge,
658 2956 740 3030 filiis,
762 2958 846 3034 peius
860 2957 940 3014 omni
952 2957 1046 3014 bestia

30 3037 205 3100 ormidcturl
229 3042 309 3109 Quae
320 3043 395 3099 mala
407 3044 560 3117 patiuntur
573 3037 767 3120 navigantesi
781 3059 855 3118 quae
868 3051 985 3098 terrena
997 3041 1046 3096 iti-

30 3145 85 3182 ,ιιι
98 3121 285 3204 gradientesl
319 3126 391 3194 Quis
404 3125 531 3182 ambulat
548 3126 713 3200 ubicunque
730 3143 791 3182 non
804 3126 961 3200 inopinatis
975 3125 1043 3180 sub-

30 3227 112 3266 acens
127 3205 255 3265 casibusl
288 3208 333 3264 De
347 3208 411 3264 foro
426 3205 542 3282 quidam
554 3208 670 3263 rediens
684 3207 815 3276 domum,
834 3209 913 3262 sanis
924 3207 1044 3280 pedibus

30 3295 74 3348 uis
89 3291 205 3361 cecidit,
219 3292 321 3364 pedem
333 3289 438 3368 fregit,
461 3297 541 3344 etex
553 3290 603 3345 illo
616 3291 736 3346 vulnere
749 3287 846 3344 finivit
857 3287 932 3346 hanc
945 3290 1043 3345 vitam.

30 3375 90 3444 kuid
103 3375 217 3432 videtur
230 3374 350 3430 sedente
363 3370 518 3430 securiusl
550 3371 597 3430 Da
610 3373 681 3428 sella
693 3374 725 3427 in
740 3389 797 3446 qua
809 3371 927 3428 sedebat
939 3372 1045 3428 cecidit

30 3459 83 3515 leli
98 3456 246 3530 sacerdos,
261 3467 291 3514 ct
303 3468 434 3514 mortuus
448 3467 501 3514 est.
535 3457 703 3535 Agricolae,
723 3456 864 3511 imovero
878 3473 977 3511 ornnes
991 3453 1042 3512 ho-

30 3544 107 3598 rinos
121 3551 192 3618 quot
205 3551 235 3598 et
248 3551 372 3618 quantos
382 3561 400 3599 a
411 3544 491 3600 coelo
504 3551 534 3598 et
546 3549 636 3610 terra,
650 3541 698 3595 vel
710 3539 900 3614 aperniciosis
911 3539 1043 3597 animali-

34 3645 68 3683 ιιι
88 3645 172 3682 casus
190 3635 325 3684 metuunt
342 3645 483 3705 agrorum
499 3619 663 3682 fructibus?
694 3619 799 3680 Solent
817 3630 914 3679 tamen
932 3621 968 3678 de
981 3621 1042 3678 iru-

33 3712 120 3768 scntis
134 3707 251 3766 tandem
264 3712 393 3767 collectis
408 3719 437 3766 et
449 3707 608 3766 reconditis
630 3725 694 3763 ease
713 3705 818 3762 securi.
854 3703 913 3764 Sed
926 3707 1043 3782 quibus-

30 3815 90 3868 am,
111 3793 188 3870 quod
201 3796 351 3865 novimus,
375 3802 546 3869 proventum
560 3793 699 3866 optimum
712 3789 924 3848 frumentorum
936 3788 1043 3846 fluvius
1118 3803 1127 3824 ·

30 3881 188 3956 inprovisus
203 3877 380 3958 fugientibus
395 3876 560 3954 bominibus
574 3875 610 3934 de
622 3872 735 3932 horreis
750 3875 835 3930 eiecit
845 3884 934 3950 atque
946 3873 1044 3930 abstu-
