2602 4416
283 223 343 282 DE
372 219 587 280 clvlTnTE
615 221 694 280 DEl
721 221 803 280 Llll.
831 223 852 283 l.
1047 231 1085 287 19

59 376 251 433 arbitrabatur
266 375 337 431 utile
352 390 419 428 esse
436 370 587 428 Romanae
612 372 793 445 reipublicae
812 383 926 431 mutare
941 380 1074 452 captivos

58 459 108 516 Nec
120 466 192 532 post
204 455 285 514 hanc
300 453 527 530 persuasionem
547 455 641 510 asuis
661 453 698 509 ad
715 453 818 512 hostes
836 455 932 513 redire
951 463 1083 534 compul-

58 560 98 597 sus
111 549 173 596 est:
202 541 257 596 sed
269 538 348 614 quod
365 535 535 608 iuraverat,
560 535 590 591 id
604 546 709 610 sponte
722 539 864 612 implerit.
907 539 946 597 At
958 542 1003 596 illi
1017 562 1083 598 eum

58 624 233 702 excogitatis
247 632 335 697 atque
348 619 507 677 horrendis
521 621 700 676 cruciatibus
713 631 906 679 necaverunt.
935 621 1083 680 Inclusum

57 709 155 780 quippe
168 714 301 782 angusto
316 707 411 782 ligno,
426 703 478 759 ubi
492 711 570 757 stare
584 711 752 780 cogeretur,
780 705 931 780 clarisque
944 707 1083 760 acutissi-

57 791 103 844 mis
119 787 255 862 undiquc
268 788 405 857 confixo,
430 793 465 841 ut
478 799 511 842 se
524 786 556 841 in
567 787 677 842 nullam
690 787 754 841 eius
771 795 884 860 partem
901 789 966 844 sine
979 789 1084 860 poenis

57 873 246 926 atrocissimis
267 872 443 939 inclinaret,
472 869 561 923 etlam
573 867 725 945 vigilando
738 879 936 942 peremerunt.
975 868 1083 926 Merito

58 963 126 1007 certe
139 952 269 1008 laudant
279 954 423 1008 virtutem
448 959 509 1006 tam
526 968 632 1027 magna
656 950 832 1006 infelicitate
851 953 1000 1008 maiorem.
1043 951 1082 1007 Et

57 1049 100 1107 per
113 1034 182 1090 deos
197 1037 253 1091 ille
265 1036 433 1105 iuraverat,
460 1050 585 1108 quorum
595 1051 648 1106 pro
668 1035 749 1090 cultu
767 1032 931 1106 prohibito,
957 1032 1009 1089 bas
1029 1053 1082 1112 ge·

57 1119 112 1172 neri
124 1116 259 1174 humano
273 1116 372 1173 clades
386 1117 438 1174 isti
452 1117 613 1188 opinantur
625 1114 733 1193 infligi.
764 1117 823 1182 Qui
842 1135 913 1193 ergo
926 1126 1083 1190 propterea

57 1200 232 1271 colebantur,
249 1209 293 1270 ut,
303 1201 391 1258 iatam
405 1201 498 1256 vitam
511 1215 680 1271 prosperam
692 1197 862 1268 redderent,
877 1201 903 1253 ιί
916 1217 1020 1255 verum
1034 1201 1080 1254 iu-

56 1285 124 1336 ranti
136 1281 187 1338 bas
202 1283 339 1359 irrogari
350 1299 461 1355 poenas
482 1283 711 1351 seuvoluerunt‚
725 1281 996 1352 seupermiserunt‚
1010 1278 1083 1352 qnid

57 1366 163 1436 periuro
177 1367 307 1442 gravius
320 1365 391 1420 irati
404 1364 503 1419 facere
516 1358 697 1436 potuerunt'f
734 1360 794 1416 Sed
815 1377 868 1416 cur
884 1377 946 1415 non
963 1360 1083 1414 ratioci-

57 1448 197 1503 nationem
208 1465 311 1503 meam
331 1447 431 1519 potius
449 1443 486 1501 ad
502 1453 662 1518 utrumque
682 1438 874 1499 concludamf
903 1440 984 1498 Deos
1003 1449 1083 1496 certe

58 1529 139 1582 siille
153 1531 257 1600 coluit,
284 1538 320 1584 ut
332 1537 453 1602 propter
464 1526 658 1583 iurisiurandi
671 1526 759 1582 fidem
783 1543 838 1582 nec
855 1532 1022 1580 remaneret
1050 1524 1083 1578 in

57 1611 158 1682 patria,
183 1630 245 1668 nec
258 1609 330 1666 inde
344 1611 476 1685 quolibet
488 1612 551 1680 ire,
576 1609 628 1664 sed
641 1609 678 1665 ad
689 1626 759 1664 suos
772 1609 931 1664 acerrimos
947 1608 1082 1662 inimicos

56 1692 143 1748 redire
154 1695 283 1750 minime
298 1692 461 1748 dubitaret.
488 1690 554 1748 Hoc
567 1690 672 1747 sihuic
693 1692 773 1748 vitae
792 1691 865 1745 utile
885 1689 1083 1757 existimabat,

56 1776 131 1830 cuius
144 1785 205 1831 tam
218 1774 406 1830 horrendum
419 1776 532 1829 exitum
544 1775 669 1845 meruit,
694 1774 799 1846 procul
812 1771 900 1828 dubio
918 1771 1082 1826 fallebatur.

56 1854 110 1912 Suo
125 1860 238 1932 quippe
253 1857 357 1912 docuit
376 1857 524 1930 exemplo,
549 1853 625 1912 nibil
637 1854 708 1911 deos
732 1853 769 1910 ad
781 1855 869 1910 istam
893 1853 1083 1926 temporalem

56 1939 221 1996 felicitatem
238 1941 302 1995 suis
316 1937 457 2012 prodesse
474 1937 651 1995 cultoribus:
678 1936 795 2011 quando
816 1935 933 2010 quidem
958 1936 1008 1990 ille
1031 1950 1082 1988 eo-

57 2039 113 2077 rum
129 2021 251 2078 deditus
267 2023 377 2092 cultui,
404 2029 434 2076 et
446 2021 543 2076 victus
564 2029 595 2074 et
613 2021 746 2092 captivus
772 2017 935 2088 abductus,
963 2024 993 2071 et
1014 2016 1082 2090 quia

59 2106 143 2176 npluit
155 2107 247 2160 aliter
261 2121 349 2178 quam
361 2121 414 2176 per
429 2120 480 2158 eos
492 2103 642 2158 iuraverat
653 2103 763 2172 facere,
788 2118 869 2158 novo
883 2117 917 2154 ac
933 2098 1016 2172 prius
1036 2097 1084 2152 in-

59 2185 147 2242 audito
160 2188 351 2260 nimiumque
362 2184 497 2242 horribili
510 2185 646 2258 supplicii
664 2200 774 2261 genere
797 2182 947 2238 cruciatus
970 2180 1083 2234 exstin-

63 2277 115 2324 ctos
128 2280 180 2326 est.
229 2267 266 2324 Si
280 2277 379 2324 autem
392 2267 515 2324 deorum
528 2269 625 2324 cultus
637 2275 705 2341 post
717 2264 794 2322 hanc
806 2267 898 2322 vitam
910 2265 993 2320 velut
1006 2279 1083 2318 mer-

62 2350 148 2407 cedem
168 2351 273 2408 reddit
298 2350 495 2419 felicitatem,
535 2349 754 2406 calumniantur
784 2346 966 2422 temporibus
998 2342 1084 2400 Chri-

62 2435 164 2506 stianis,
192 2434 264 2492 ideo
279 2432 412 2488 dicentes
425 2431 498 2488 Vrbi
510 2429 654 2487 accidisse
676 2433 757 2487 illam
780 2430 990 2496 calamitatem,
1016 2425 1085 2499 quia

62 2513 122 2570 daos
134 2535 204 2573 suos
220 2518 319 2572 colere
333 2515 466 2586 destitit,
494 2532 561 2570 cum
572 2514 703 2588 potuerit
725 2513 814 2568 etiam
836 2513 903 2566 illos
917 2507 1085 2638 diligentis-

63 2597 127 2652 sime
151 2603 253 2656 colens
279 2607 340 2654 tam
364 2597 472 2654 infelix
482 2595 565 2665 fieri,
588 2612 677 2668 quam
688 2596 738 2648 ille
750 2592 885 2667 Regulus
909 2589 968 2642 fuit
1020 2585 1087 2639 Nisi

64 2677 134 2734 forte
146 2691 249 2738 contra
261 2681 458 2738 clarissimam
480 2679 637 2734 veritatem
660 2682 743 2728 tanta
765 2672 921 2744 quisquam
940 2665 1087 2720 dementia
1179 2730 1186 2738 ²

66 2761 153 2816 surae
165 2765 310 2818 coecitatis
326 2762 488 2831 obnititur,
515 2768 549 2815 ut
569 2750 888 2818 contendereaudeat,
915 2748 1087 2806 universam

67 2843 205 2902 civitatem
218 2844 288 2902 deos
302 2845 449 2902 colentem
463 2842 613 2898 infelicem
625 2856 690 2894 esse
703 2855 764 2894 non
778 2852 882 2908 posse,
907 2849 1001 2888 uuum
1014 2847 1086 2886 vero

64 2921 200 2984 hominem
213 2942 317 3002 posse3
344 2923 425 3001 quod
437 2923 576 2980 videlicet
588 2921 723 2998 potentia
741 2918 864 2976 deorum
877 2932 1000 2972 suorum
1012 2914 1087 2968 mul-

63 3015 102 3062 tos
115 3012 213 3084 potius
228 3011 268 3065 ait
280 3008 389 3066 idonea
403 3023 599 3076 conservare,
626 3021 714 3080 quam
726 3001 878 3080 singulos;
901 3015 968 3055 cum
985 2995 1086 3056 multi-

62 3089 123 3147 tudo
138 3101 257 3150 constet
270 3110 308 3146 ex
326 3091 464 3166 singulis.

115 3172 148 3230 Si
161 3183 262 3230 autem
275 3173 390 3243 dicunt,
413 3169 452 3228 Μ.
466 3169 614 3248 Regulum
627 3167 716 3224 etiam
728 3167 761 3222 iu
784 3165 835 3220 illa
853 3161 1025 3238 captivitate
1052 3158 1087 3216 il·

60 3257 147 3332 lisque
161 3257 344 3315 cruciatibus
360 3253 509 3328 corporis,
532 3251 624 3308 animi
636 3250 748 3305 virtute
761 3247 881 3302 beatum
894 3261 959 3300 esse
972 3241 1088 3334 potuis·

61 3354 101 3410 ⁸e;
125 3341 225 3396 virtus
237 3339 338 3414 potius
351 3354 424 3394 vera
438 3339 614 3410 quaeratur,
645 3349 703 3406 qua
717 3329 803 3386 beata
815 3327 911 3402 possit
924 3343 990 3380 esse
1005 3332 1035 3378 et
1047 3339 1089 3376 cr·

60 3421 136 3478 ritas.
178 3421 286 3495 Neque
300 3421 381 3476 enim
394 3416 514 3474 aliunde
526 3417 612 3472 beata
627 3415 748 3483 civitas,
767 3407 887 3468 aliunde
899 3407 1002 3464 homo:
1023 3418 1091 3456 cum

62 3503 133 3558 aliud
156 3505 265 3560 civitas
295 3501 437 3570 nonsit,
470 3516 557 3572 quam
582 3513 709 3568 concors
742 3492 894 3549 hominum
921 3479 1091 3577 multitudo.

62 3583 252 3648 Quamobrem
265 3583 399 3640 nondum
411 3581 532 3637 interim
545 3580 681 3651 disputo,
706 3576 801 3650 qualis
814 3575 847 3629 in
861 3569 978 3644 Regulo
992 3571 1089 3619 vlrtut
1099 3608 1111 3626 ,-

60 3664 151 3722 fuerit.
169 3665 289 3725 sufficit
302 3683 400 3729 nunc,
422 3662 503 3737 quod
516 3664 573 3717 isto
588 3659 771 3716 nobilissimo
790 3652 924 3722 exemplo
941 3653 1091 3723 coguntur·

59 3745 157 3820 fateri,
182 3767 247 3805 non
272 3757 394 3821 propter
417 3745 553 3818 corporis
580 3743 675 3811 bona,
701 3741 750 3796 sel
764 3753 866 3794 earum
891 3745 991 3784 rerum
1015 3743 1091 3802 quw

59 3835 240 3890 extrinsecus
268 3828 379 3888 bomini
397 3813 556 3896 accidunt,
582 3822 722 3881 colendos
736 3821 829 3954 Iglcgs:
853 3808 1091 3886 quandoquidem
