2590 4396
262 182 325 240 oa
348 163 564 242 crvrr'nra
590 187 667 244 oar
696 189 776 249 nin.
804 194 855 251 ιν.
1024 205 1081 259 ιιι

117 335 221 391 Deum
235 351 364 408 namque
378 337 423 390 ire
435 353 487 408 per
500 353 599 392 omnes

118 416 316 490 Terraeque,
343 426 513 492 naeniaque
526 422 634 492 maris,
662 425 833 499 coelumque
844 429 1036 500 profundum:

46 500 98 574 lpse
111 503 144 555 in
159 497 289 554 aethere
302 501 341 554 sit
353 497 480 573 lupiter,
495 502 602 574 ipsein
616 503 786 577 aireluno,
812 509 919 581 ipsein
933 515 1006 567 mari
1018 514 1077 570 Ne-

43 595 161 656 ptunus,
176 584 211 637 in
225 580 422 638 inferioribus
437 584 523 638 etiarn
535 587 624 640 uraris
638 589 701 660 ipse
714 583 845 660 Salacia,
871 594 902 646 in
916 603 996 649 terra
1010 594 1078 652 Plu·

43 677 80 734 to,
106 668 138 720 in
168 674 255 720 terra
281 664 426 720 inferiore
439 664 632 740 Proserpina,
658 671 689 724 in
703 671 777 726 locis
798 671 965 730 domesticis
980 675 1079 748 Vesta,

43 749 67 801 in
80 748 237 803 fabrorum
250 748 374 802 fornace
388 746 554 819 Vulcanus,
579 749 610 805 in
624 751 766 808 sideribus
781 757 825 811 sol
838 765 869 811 et
881 757 952 813 luna
965 768 995 814 et
1008 763 1078 816 stel-

43 831 95 901 lae,
108 833 141 886 in
157 829 368 885 divinantibus
381 829 494 903 Apollo,
508 832 541 886 in
553 851 650 888 merce
660 833 835 909 Mercurius,
850 840 881 894 in
894 836 965 896 lano
979 842 1079 899 initia-

43 923 97 982 tor,
124 915 157 968 in
180 910 329 967 Termino
342 914 531 984 terminator,
557 912 704 972 Saturnus
729 919 761 973 in
784 928 930 995 tempore,
956 921 1080 980 Marcet

44 992 323 1066 Rellonainbellis,
351 994 441 1051 Liber
453 997 483 1051 in
497 998 609 1068 vineis,
635 997 724 1055 Ceres
737 1002 768 1057 in
782 1002 953 1076 frumentis,
979 1005 1078 1063 Diana

45 1079 68 1132 in
92 1079 197 1148 silvis,
229 1075 368 1133 Minerva
381 1079 413 1133 in
427 1079 570 1155 ingeniis:
594 1083 656 1154 ipse
670 1084 709 1137 sit
720 1094 868 1157 postremo
882 1089 970 1144 etiam
982 1090 1014 1144 in
1028 1091 1078 1146 illa

43 1162 117 1216 turba
130 1161 219 1234 quasi
233 1160 416 1234 plebeiorum
431 1161 565 1218 deorum:
593 1165 654 1236 ipse
667 1168 778 1238 praesit
792 1169 910 1224 nomine
923 1169 1021 1225 Liberi
1031 1174 1077 1228 vi-

43 1261 134 1298 rorum
148 1243 337 1313 seminibus,
352 1252 382 1297 et
395 1245 513 1300 nomine
525 1243 649 1301 hiberae
663 1247 851 1303 feminarum:
866 1251 928 1321 ipse
943 1251 1076 1307 sitDies-

44 1327 125 1396 pitcr,
145 1327 198 1399 qui
223 1333 344 1398 partum
360 1323 502 1398 perducat
513 1326 550 1382 ad
563 1327 655 1398 diem,
681 1330 745 1399 ipse
759 1331 798 1383 sit
811 1327 864 1384 dea
874 1330 977 1401 Mona,
991 1350 1079 1406 quam

44 1408 250 1479 praefecerunt
262 1409 426 1462 mensstrui
445 1407 635 1478 feminarum3
661 1411 723 1483 ipse
736 1409 865 1483 Lucina,
893 1431 967 1486 quae
980 1432 998 1469 a
1010 1433 1077 1488 par-

46 1492 217 1545 turientibus
232 1492 408 1546 invocetur:
422 1491 485 1561 ipse
496 1507 581 1564 opem
594 1490 671 1546 ierat
683 1494 888 1566 nascentibus,
903 1497 1077 1570 excipiendo

47 1590 93 1625 eos
106 1574 304 1642 sinnterrae,
332 1579 498 1628 etvocetur
511 1571 598 1646 Opis3
625 1575 687 1647 ipse
701 1577 733 1630 in
745 1578 849 1654 vagitu
863 1597 896 1633 os
910 1581 1032 1652 aperiat,
1047 1590 1077 1636 et

46 1664 158 1711 vocetur
169 1656 248 1710 deus
262 1652 442 1709 Vaticanus:
472 1656 533 1728 ipse
559 1656 637 1712 levet
661 1656 696 1712 de
722 1669 817 1729 terra,
845 1671 875 1715 et
887 1672 1010 1718 vocetur
1023 1662 1076 1719 dea

45 1735 165 1809 Levana3
192 1741 260 1811 ipse
286 1755 379 1792 cunas
403 1745 535 1808 tueatur,
562 1748 592 1794 et
604 1750 727 1795 vocetur
740 1741 793 1796 dea
807 1741 936 1800 Cunina:
963 1747 1078 1801 nonsit

45 1821 125 1891 alins,
152 1820 208 1875 sed
224 1820 336 1894 ipsein
350 1818 457 1874 deabus
470 1821 546 1891 illis,
575 1839 649 1895 quae
662 1821 722 1878 fata
741 1825 930 1881 nascentibus
955 1837 1077 1898 canunt,

45 1913 69 1957 et
79 1913 226 1960 vocantur
240 1901 430 1958 Carmentes:
456 1906 566 1976 praesit
578 1904 724 1977 fortuitis,
738 1917 916 1982 voceturque
928 1907 1075 1966 Fortuna:

45 1987 69 2040 in
81 1986 145 2044 diva
160 1985 298 2042 Rumina
310 2003 465 2040 mammam
475 1989 598 2058 parvulo
611 1988 798 2066 immulgeat,
823 1992 893 2065 quia
906 2009 1018 2047 rumam
1031 1991 1076 2046 di-

44 2079 142 2125 xerunt
163 2077 289 2124 veteres
303 2081 483 2138 ‘mammam3
509 2070 541 2125 in
556 2070 622 2124 diva
634 2068 741 2126 Potina
753 2073 901 2144 potionem
913 2074 1076 2144 ministret3
1135 2073 1137 2080 ⁴

44 2153 69 2207 in
82 2152 146 2208 diva
159 2151 270 2208 Educa
283 2168 382 2206 cscaru
395 2149 545 2224 praebeat:
572 2151 607 2206 de
632 2171 740 2226 pavore
766 2153 913 2208 infantum
934 2152 1077 2211 Paventia

44 2245 244 2310 nuncupetur,
272 2233 308 2288 de
323 2251 375 2306 spe
393 2251 468 2308 quae
481 2237 579 2306 venit,
605 2233 734 2306 Venilia3
762 2234 797 2290 de
823 2236 973 2309 voluptate
986 2235 1076 2294 Volu-

43 2320 96 2390 pia3
122 2319 158 2374 de
173 2325 248 2372 actu
261 2315 425 2392 Agenoria3
452 2315 649 2388 destinabo,
676 2318 780 2392 quibus
794 2318 831 2374 ad
844 2320 965 2374 nimium
978 2329 1077 2375 actum

43 2397 118 2457 bomo
132 2401 319 2476 impellitur,
333 2398 387 2454 dea
400 2396 525 2455 Stimula
538 2402 721 2457 nominetur:
736 2399 856 2458 Strenia
869 2401 923 2458 dea
936 2404 986 2473 sit,
1000 2412 1075 2458 stre-

42 2501 125 2538 nuum
148 2480 306 2551 iaciendo,
333 2479 490 2551 Numerio,
517 2501 591 2558 quae
605 2500 759 2538 numerare
774 2483 892 2551 doceat3
919 2482 1076 2552 Camoena,

42 2583 109 2638 quae
125 2582 252 2621 canere:
280 2565 343 2638 ipse
357 2565 396 2618 sit
410 2572 440 2618 et
453 2563 535 2619 Deus
551 2563 682 2632 Consus,
705 2564 869 2636 praebendo
884 2565 1022 2632 consilia,
1049 2572 1079 2617 et

41 2646 90 2702 dea
103 2647 227 2717 Sentia,
256 2647 419 2702 sententias
444 2645 629 2718 inspirando:
656 2645 719 2716 ipse
745 2643 798 2697 dea
824 2641 978 2713 luventas,
1005 2661 1078 2716 quae

38 2739 106 2802 post
119 2738 305 2802 praetextam
319 2729 446 2802 excipiat
459 2725 599 2784 iuvenilis
625 2724 731 2780 aetatis
758 2725 892 2780 exordia:
919 2725 981 2798 ipse
996 2725 1035 2780 sit
1048 2735 1078 2780 et

38 2811 172 2866 Fortuna
183 2810 329 2881 Barbam,
356 2829 429 2885 quae
443 2811 556 2865 adultos
570 2809 660 2865 barba
685 2807 804 2879 induat,
831 2825 904 2882 quos
932 2805 1077 2863 honorare

39 2896 217 2964 noluerunt,
243 2902 278 2948 ut
290 2891 346 2948 boc
361 2894 562 2966 qualecunque
574 2892 797 2948 numen'saltem
808 2893 969 2947 masculum
980 2889 1076 2963 deum,

39 2979 84 3030 vel
98 2996 115 3032 a
130 2977 222 3032 barba
236 2975 412 3044 Barbatum,
427 2976 504 3030 siout
518 2993 534 3030 a
549 2975 633 3032 nodis
647 2973 811 3045 Nodotum,
837 2976 886 3030 vel
911 2983 990 3030 certe
1016 2994 1076 3032 non

39 3057 217 3130 Fortunam,
244 3059 296 3114 sed
322 3060 391 3132 quia
417 3057 518 3112 barbas
543 3056 646 3126 babet,
672 3055 848 3112 Fortuniurn
874 3059 1080 3114 nominarent:

39 3143 144 3213 ipsein
159 3140 301 3218 lugatino
315 3140 369 3196 deo
384 3140 524 3215 coniuges
538 3142 657 3216 iungat:
680 3147 709 3192 et
723 3158 787 3193 curn
800 3141 911 3216 virgini
925 3141 1011 3195 uxori
1025 3157 1075 3194 ro-

41 3242 75 3278 na
89 3227 236 3294 solvitur,
264 3225 327 3295 ipse
342 3223 512 3291 invocetur,
528 3231 557 3276 et
572 3222 625 3276 dea
638 3220 836 3297 virginiensis
850 3231 988 3277 vocetur:
1014 3223 1076 3295 ipse

41 3307 76 3360 sit
87 3307 233 3364 Mutunus
248 3306 297 3360 vel
310 3303 466 3373 Tutunus,
491 3305 541 3376 qui
567 3313 612 3358 est
637 3302 713 3375 apud
739 3303 867 3360 Graecos
887 3303 1023 3375 Priapus:
1051 3303 1078 3356 si

42 3406 96 3444 non
107 3391 218 3464 pudet,
233 3387 309 3442 baec
322 3387 423 3444 emnia
436 3404 509 3460 quae
523 3385 600 3456 dixi,
615 3394 645 3440 et
655 3403 846 3460 quaecunque
857 3404 918 3442 non
930 3385 992 3440 dixi
1005 3380 1077 3450 (non

40 3473 111 3528 enin
126 3473 230 3529 omnia
246 3468 373 3526 dicenda
387 3467 544 3524 arbitratus
559 3465 652 3544 sura),
678 3465 708 3522 bi
723 3485 824 3522 omnes
842 3466 884 3522 dii
897 3466 1026 3536 deaeque
1040 3463 1079 3516 sit

39 3571 108 3611 unua
122 3555 259 3630 lupiter:
287 3553 351 3608 sive
365 3558 451 3620 sunt,
477 3559 510 3606 ut
523 3549 640 3624 quidam
653 3549 774 3619 volunt,
797 3550 895 3604 omnia
909 3549 965 3600 ista
979 3551 1077 3616 partes

38 3637 109 3708 eius,
142 3640 210 3694 sive
225 3637 358 3691 virtuter
374 3632 453 3702 eius,
481 3633 558 3687 sieut
572 3633 614 3688 eis
628 3629 761 3700 videtur,
787 3630 892 3704 quibus
906 3643 972 3679 eum
985 3625 1080 3698 placet

38 3737 95 3775 esse
122 3720 234 3778 mundi
263 3718 413 3783 animum3
441 3732 514 3788 quae
528 3715 676 3769 sententia
690 3713 769 3768 velut
786 3725 959 3785 magnorum
972 3708 1079 3762 multo-

36 3819 152 3880 rumque
169 3804 333 3860 doctorum
348 3805 403 3851 est.
431 3795 512 3851 llaec
527 3797 553 3852 oi
566 3797 607 3850 ita
620 3797 681 3848 sint
694 3788 790 3927 (quopl¹
797 3792 871 3846 male
885 3789 939 3859 sit,
952 3791 1080 3844 nondum
