2538 4392
199 223 258 282 DE
280 217 502 280 Cli'lTATE
526 215 604 274 DEI
631 212 712 270 ΗΒ.
735 209 832 267 xlm
975 211 1032 267 231

27 382 93 440 nimi
106 377 207 436 virtuti
220 382 270 430 aut
284 371 432 442 eubditur,
455 378 506 426 aut
518 366 694 441 praefertur,
711 371 762 418 aut
774 363 918 442 iungitur,
930 364 1035 436 triper-

29 458 531 523 tavariaturdiversitateeectarum.
544 449 684 507 Subditur
693 456 790 503 autem
796 445 911 515 virtuti,
917 441 1033 519 qnando

27 567 123 606 meum
129 544 244 602 virtutis
251 541 419 599 amumitur.
433 536 567 594 Pertinet
574 535 680 610 quippe
690 530 727 587 ad
733 530 851 587 virtutis
858 526 994 598 officium,
1006 537 1035 584 et

27 630 226 706 iverepatn'ae‚
242 635 272 681 et
282 632 402 699 propter
414 622 540 696 patriam
552 618 629 674 filice
643 631 810 696 procreare:
825 629 949 687 quorum
962 629 1034 666 neu-

27 698 886 786 ·umfieripottetainecorporiaroluptatc.Nameineilianec
894 694 1035 767 eibucpo·

27 818 106 876 nque
119 797 249 864 sumitur,
262 801 296 849 ut
308 793 440 862 vivatur3
461 806 515 845 nec
529 783 742 852 concumbitur,
755 789 787 836 ut
800 779 952 859 generatio
969 795 1035 850 pro-

27 894 136 963 egetur.
150 879 220 938 Cum
233 894 304 933 vero
317 874 484 950 praefertur
498 871 618 940 virtuti,
633 869 696 941 ipae
709 867 858 940 appetitur
870 871 991 936 propter
1004 879 1035 916 ee

27 987 112 1037 osam,
134 966 226 1021 virtue
240 969 338 1017 autem
351 955 525 1016 meumenda
539 951 669 1010 creditur
685 957 804 1024 propter
821 948 916 1016 iilam,
939 944 1036 1013 idest,

27 1049 122 1110 :nihil
135 1049 226 1106 virtus
242 1053 328 1123 agat,
355 1043 414 1098 niei
433 1039 470 1097 ad
488 1033 725 1111 consequendam
743 1034 792 1088 vol
806 1027 1037 1086 conservandam

27 1135 133 1210 npcria
145 1133 336 1204 voluptatem:
351 1143 426 1202 quae
439 1125 501 1182 vite
514 1120 652 1178 deformis
667 1127 712 1174 eet
726 1114 853 1192 quidem,
868 1114 974 1188 quippe
988 1109 1037 1166 ubi

28 1231 98 1277 rtua
117 1217 206 1273 servit
222 1212 358 1270 dominae
375 1206 533 1282 voluptati3
560 1203 694 1280 quamvis
712 1201 792 1256 nulio
809 1196 894 1254 modo
907 1194 980 1251 hoec
993 1194 1036 1249 di·

27 1303 96 1362 mda
106 1302 145 1357 ait
159 1300 265 1356 virtut:
280 1293 331 1352 red
342 1303 441 1351 tamen
456 1291 544 1348 ctiam
557 1288 613 1342 iata
624 1283 773 1342 horribilia
787 1278 937 1354 turpitudo
951 1295 1038 1352 quoa-

27 1409 68 1445 un
86 1379 268 1460 philosopher
288 1388 429 1454 patrono·
448 1384 478 1432 et
496 1373 669 1429 defenaoree
687 1384 755 1424 enoc
774 1363 885 1421 habuit.
928 1360 1038 1416 Virtuti

27 1488 90 1528 nro
103 1469 237 1540 voluptas
250 1464 404 1541 iungiturp
428 1457 546 1535 qnando
565 1463 671 1510 nerrtra
687 1459 809 1526 propter
823 1449 961 1515 aiteram,
988 1441 1040 1498 sed

27 1563 122 1630 opter
135 1569 165 1608 ee
178 1553 256 1624 ipsas
270 1547 371 1604 ambae
388 1551 575 1618 appetuntur.
607 1538 791 1610 Quapropter
810 1532 886 1587 sient
905 1529 1038 1600 voluptas

27 1644 43 1696 =l
60 1636 194 1704 subdita,
217 1635 265 1689 vei
278 1631 424 1705 praelata,
446 1627 495 1684 vei
513 1626 614 1680 iuncta
626 1619 746 1688 virtuti,
770 1625 830 1672 trec
845 1619 939 1668 rectae
953 1611 1040 1680 facim

27 1746 35 1782 ι
53 1722 156 1798 quiea,
181 1719 221 1772 ita
239 1724 410 1787 utrumque,
436 1712 479 1767 ita
496 1709 591 1784 prima
609 1713 734 1760 naturae
753 1701 824 1755 aliea
843 1705 943 1752 ternae
958 1696 1041 1750 inve-

27 1813 128 1865 untur
142 1800 262 1856 efficere.
298 1796 356 1854 Pro
374 1796 519 1854 varietate
539 1790 647 1866 quippe
665 1784 858 1842 humanarum
870 1779 1041 1852 opinionum

27 1889 107 1950 etuti
121 1881 274 1958 aliquando
288 1879 466 1948 subduntur,
481 1871 639 1950 aliquando
651 1867 870 1944 praeferuntur,
884 1857 1040 1937 aliquando

27 1978 181 2054 nguntur‚
195 1984 229 2022 ac
242 1967 285 2022 aio
299 1962 337 2019 ed
351 1960 562 2018 duodenarium
574 1963 722 2012 tectarum
734 1965 890 2006 numerum
902 1944 1041 2019 perveni·

27 2079 53 2116 r.
84 2052 146 2112 Sed
157 2053 214 2106 nte
228 2065 343 2124 quoque
354 2061 495 2102 numerus
509 2041 673 2113 duplicatur
687 2033 816 2090 adhibita
831 2047 890 2085 una
904 2025 1041 2082 differen-

27 2186 46 2216 ,‚
68 2137 188 2196 socialia
201 2133 340 2191 videlicet
353 2130 445 2186 vitae:
473 2124 611 2200 quoniam
629 2117 759 2194 quiaquia
774 2121 903 2170 sectetur
916 2111 1040 2183 aliquam

28 2241 128 2285 arum
141 2217 294 2276 duodecim
307 2223 470 2281 tectarum,
494 2205 629 2281 profecto
643 2211 695 2257 aut
707 2206 825 2274 propter
838 2213 870 2250 ee
884 2201 1000 2250 tantum
1013 2188 1041 2244 id

27 2317 77 2382 it,
102 2303 259 2361 autetiam
275 2303 395 2374 propter
415 2294 542 2362 socium,
557 2288 618 2344 'cui
632 2285 717 2341 debet
730 2281 784 2338 hoc
797 2281 873 2338 velie
888 2274 964 2351 quod
977 2273 1041 2333 eibi.

27 2395 149 2454 mcirca
167 2385 319 2442 duodecim
338 2388 408 2437 eunt
426 2394 544 2446 eorum,
570 2373 621 2448 qui
636 2377 756 2444 propter
771 2383 802 2420 se
815 2370 930 2418 tantum
941 2375 1044 2414 unam-

27 2489 146 2550 amque
160 2467 317 2526 tenendam
328 2471 448 2540 putant3
475 2467 505 2516 et
518 2459 593 2514 aliae
607 2451 759 2510 duodecim
773 2465 891 2515 eorum,
919 2443 971 2517 qui
984 2458 1043 2496 non

30 2582 91 2620 um
107 2564 229 2630 propter
244 2571 276 2608 ιο
289 2552 332 2607 cic
346 2549 394 2606 vel
407 2547 449 2602 cic
461 2535 724 2618 philosophandum
735 2551 799 2588 esee
809 2529 981 2594 decernunt,
995 2521 1043 2578 sed

27 2665 87 2706 am
102 2648 225 2716 propter
239 2637 330 2705 alios,
351 2647 476 2709 quorum
487 2625 595 2682 bonum
608 2625 750 2694 appetunt
763 2616 838 2670 sicut
851 2627 945 2666 enum.
981 2605 1044 2661 Hae

27 2746 98 2790 tem
114 2733 214 2780 sectae
226 2719 336 2798 viginti
350 2723 475 2792 quatuor
493 2711 602 2764 iterum
620 2703 823 2784 geminantur,
852 2692 950 2750 addita
964 2686 1046 2744 diffe-

27 2817 96 2874 ntia
114 2825 153 2864 cx
167 2802 347 2862 Academicis
361 2798 459 2867 novin,
474 2804 503 2850 et
514 2791 591 2848 fiunt
604 2785 800 2864 quadraginta
818 2787 894 2836 octo.
929 2774 1046 2830 illarum

27 2905 110 2975 ippe
126 2890 235 2968 viginti
255 2895 382 2964 quatuor
400 2891 635 2955 unamquamque
649 2879 795 2928 sectarum
808 2870 906 2938 potent
919 2859 1045 2935 quiaque

52 2993 168 3038 tenere
184 2991 219 3030 ac
232 2967 390 3028 defendere
403 2973 575 3032 uteorum,
599 2950 838 3034 quemadmodum
852 2942 1047 3002 defenderunt

27 3066 116 3134 eici,
144 3057 223 3134 quod
235 3055 363 3117 hominis
376 3051 502 3120 bonum,
527 3063 583 3121 qno
596 3042 699 3098 beatur
714 3044 807 3106 earet,
830 3028 967 3088 inanimi
981 3034 1046 3080 tan-

27 3141 157 3209 tumodo
170 3143 283 3199 virtute
295 3138 483 3196 coneiatcret:
496 3137 596 3204 potest
606 3127 680 3182 aliur
692 3131 724 3180 ut
736 3123 890 3185 incertam,
905 3115 983 3168 aient
997 3107 1047 3162 dc·

30 3234 166 3291 derunt
178 3223 344 3282 Academici
358 3220 438 3288 novi,
452 3211 530 3289 quod
544 3212 586 3265 eis
602 3209 659 3264 etei
672 3223 733 3262 non
747 3209 871 3267 certum,
885 3205 982 3251 tamen
996 3210 1048 3246 ve·

27 3316 128 3377 {mile
142 3308 310 3368 videbatur.
346 3299 461 3380 Viginti
474 3305 601 3371 quatuor
615 3307 686 3366 ergo
700 3286 776 3342 fiunt
788 3299 840 3355 pcr
854 3295 921 3347 eos,
937 3275 987 3348 qui
1001 3289 1049 3328 ene

27 3411 77 3461 ut
92 3403 199 3454 certae
213 3399 330 3468 propter
344 3385 513 3450 veritatem,
531 3386 561 3432 et
574 3375 650 3431 aliae
664 3369 772 3446 viginti
786 3353 911 3439 quatuor
924 3375 976 3432 per
989 3371 1050 3422 eoa,

66 3477 197 3540 eaodem
222 3473 354 3551 quamvie
377 3470 506 3524 incertas
529 3465 650 3534 propter
672 3453 736 3510 veri
756 3441 980 3504 similitudinem
1003 3455 1050 3492 ce-

27 3565 138 3630 endan
153 3567 269 3636 putant.
307 3555 435 3621 Rursus,
463 3547 530 3622 quia
543 3551 777 3614 unamquamque
790 3533 912 3586 istarum
927 3519 1051 3596 quadre-

34 3665 84 3711 ta
116 3655 189 3704 octo
214 3652 357 3700 sectarum
380 3640 478 3712 potest
500 3628 626 3706 quiaque
643 3621 728 3695 aequi
745 3614 846 3671 habitu
870 3615 1052 3664 caeterorum

27 3729 261 3807 [esophorum
274 3727 403 3798 itemque
416 3723 513 3793 potent
525 3711 600 3768 aliua
614 3705 714 3762 hobitu
728 3698 922 3777 Cynicorum,
947 3707 984 3745 ex
997 3685 1053 3742 hac

27 3816 180 3879 'arentia
206 3812 410 3886 duplicantur,
435 3808 465 3856 et
487 3795 651 3872 nonaginta
675 3804 729 3844 aex
752 3783 836 3840 fiunt.
859 3773 974 3834 Deinde
988 3772 1056 3846 quia

27 3921 106 3963 um
122 3898 263 3976 singulae
278 3907 410 3969 quaeque
429 3886 471 3941 ita
485 3879 564 3938 tueri
576 3875 710 3933 hominen
722 3872 846 3947 possunt
859 3870 946 3936 atque
960 3864 1052 3913 secta»
