2586 4396
240 227 301 286 DE
327 226 542 289 CIVITATE
563 229 642 288 DEI
662 233 745 292 ΗΒ.
768 233 821 292 Vi.
1024 241 1082 300 173

40 381 172 454 scripsit,
202 395 292 453 quam
305 380 398 436 multa
412 383 463 438 rix
474 399 638 458 quenquam
651 385 751 462 legere
768 387 897 459 potuisse
916 390 1079 451 credamus:

39 466 104 532 iste,
131 463 273 535 inquam,
287 462 335 518 vir
348 471 448 519 tantus
461 465 598 540 ingenio,
619 475 775 543 tantusque
789 467 935 542 doctrina,
945 475 970 528 si
983 493 1080 531 rerum

39 546 115 600 velut
128 545 319 614 divinarum,
342 541 489 619 dequibus
503 547 619 620 scribit,
642 559 825 628 oppugnator
839 563 918 610 esset
931 565 1016 630 atquc
1030 556 1080 613 de-

38 637 177 698 structor,
192 643 303 701 easque
314 643 376 682 non
390 626 427 684 ad
439 630 623 708 religionem,
637 632 688 688 scd
700 633 738 689 ssd
750 637 987 707 superstitionem
1001 637 1080 695 diee-

36 720 78 766 ret
90 711 257 784 pertinere,
271 709 476 768 neseioutrum
490 721 551 769 tam
563 715 654 771 multa
667 717 699 772 in
705 718 748 772 eis
755 716 887 789 ridenda,
894 729 1080 776 contemnen-

37 793 79 865 da,
92 786 278 848 detestanda
290 793 497 851 conscriberet.
541 793 615 852 Cum
628 815 699 854 vero
713 798 782 855 deos
796 799 913 858 eosdem
927 804 970 859 ita
982 805 1080 859 colue-

36 878 88 945 rit,
103 873 308 948 colendosque
323 878 481 948 censuerit,
492 886 526 933 nt
539 880 570 933 in
584 897 618 935 eo
627 881 690 955 ipso
701 899 788 957 opere
801 884 952 942 literarum
962 903 1080 942 sucrum

39 958 110 1014 dicat
123 977 159 1013 se
172 959 282 1013 timere
295 975 334 1013 ne
342 968 481 1031 pereant,
503 978 565 1017 non
578 963 698 1019 incursu
712 963 819 1037 hostili,
833 966 885 1023 sed
902 969 1010 1026 civium
1026 987 1079 1025 ne·

38 1042 197 1119 gligentia,
214 1038 251 1094 de
265 1057 322 1115 qus
332 1041 401 1096 illos
415 1044 496 1098 reiut
508 1045 595 1102 ruina
606 1045 726 1102 liberari
746 1066 807 1104 ιιι
820 1049 909 1120 dicit,
932 1061 963 1107 ct
973 1053 1005 1107 in
1014 1069 1078 1108 me-

37 1126 124 1180 morie
136 1125 289 1180 bonorum
300 1141 353 1197 per
366 1122 531 1182 huiusmodi
541 1126 632 1184 libros
645 1129 765 1185 recondi
778 1140 865 1206 atquc
881 1135 993 1190 servari
1016 1137 1078 1191 uti-

38 1208 106 1262 liore
121 1224 207 1276 cura,
222 1223 312 1280 quem
324 1204 460 1263 Metellus
472 1207 507 1264 dc
521 1209 659 1266 incendio
671 1229 755 1268 sacra
768 1211 909 1285 Vestalis,
923 1216 1079 1273 ethereas

38 1289 68 1344 de
81 1289 216 1346 Troiano
231 1288 348 1344 excidio
361 1299 480 1363 penates
493 1290 635 1348 liberasse
652 1292 852 1368 praedicetur;
879 1305 909 1352 ιι
925 1306 1025 1353 tamen
1045 1316 1080 1353 ea

37 1371 159 1448 legenda
171 1372 298 1427 saeculis
307 1371 419 1446 prodit,
438 1391 513 1449 quae
527 1393 545 1432 a
556 1377 738 1450 sapientibus
750 1386 780 1432 et
792 1378 998 1453 insipientibus
1018 1398 1079 1436 mc·

38 1458 89 1511 rito
103 1452 292 1524 abiicienda,
321 1463 353 1510 et
364 1457 482 1514 veritati
496 1458 651 1535 religionis
669 1460 872 1516 inimicissima
893 1459 1078 1519 iudicentur:

38 1538 101 1612 quid
115 1539 292 1594 existimare
306 1535 453 1608 debemus,
467 1541 527 1596 nisi
538 1538 686 1598 homiuem
699 1545 873 1600 acerrimum
886 1561 921 1600 uc
934 1547 1079 1618 peritissi-

39 1641 119 1693 mum,
134 1639 199 1676 non
213 1628 315 1676 tamen
328 1630 430 1677 sancto
447 1620 560 1696 Spiritu
573 1623 708 1696 liberum,
723 1643 889 1700 oppressum
902 1627 994 1684 fuisse
1007 1645 1077 1685 suae

41 1706 164 1760 civitatis
180 1702 398 1760 consuetudine
411 1720 444 1760 ac
457 1705 589 1782 legibus,
616 1716 755 1764 ettamen
769 1726 803 1764 ιι
823 1711 927 1784 quibus
941 1713 1076 1770 moveba-

41 1797 80 1842 tur
93 1787 146 1844 sub
162 1788 264 1860 specie
277 1785 523 1845 commendandae
536 1790 690 1868 religionis
704 1799 802 1848 tacere
815 1789 962 1850 noluisset

444 1953 555 2014 cAP.
598 1955 675 2014 iil.

41 2048 108 2112 Quae
122 2050 163 2101 ss't
173 2048 292 2116 partitio
312 2045 443 2101 Varronis
456 2051 586 2103 librorum
598 2068 720 2117 sucrum,
741 2069 806 2122 quos
819 2055 851 2107 dc
868 2054 1075 2123 antiquitatibus

224 2131 317 2168 rerum
326 2115 505 2170 bumanorum
515 2119 716 2188 diuinarumque
725 2121 881 2189 composuit.

92 2204 302 2283 Quadraginta
313 2221 405 2261 unum
417 2205 505 2263 libros
518 2210 637 2282 scripsit
654 2211 878 2284 antiquitatum:
904 2208 956 2266 hos
974 2210 1007 2266 in
1026 2227 1073 2265 ιιι

38 2287 170 2344 humanas
185 2288 364 2362 divinusque
379 2288 496 2360 divisit,
509 2291 595 2347 rebus
607 2290 742 2349 humenis
756 2294 865 2370 viginti
878 2294 1017 2369 quinque,
1030 2292 1074 2348 di-

38 2374 110 2426 vinis
124 2370 278 2427 sexdecim
291 2369 410 2428 tribuit:
424 2374 511 2429 istam
525 2383 639 2430 secutus
653 2377 685 2430 in
698 2393 732 2431 ιι
744 2378 903 2450 partitione
917 2379 1072 2445 rationem,

37 2464 65 2508 ut
79 2472 179 2510 rerum
192 2451 390 2510 humanarum
403 2455 493 2512 libros
508 2473 596 2512 senos
609 2460 874 2532 quatuorpartibus
889 2458 981 2514 daret.
1024 2456 1073 2513 ln·
1128 2453 1138 2466 '

36 2537 124 2593 tendit
138 2539 221 2592 enim
237 2537 287 2610 qui
300 2546 402 2611 agunt,
415 2537 465 2594 ubi
479 2548 580 2615 agant,
595 2539 711 2612 quando
725 2549 826 2616 agunt,
840 2541 909 2613 quid
921 2547 1021 2614 agant.
1037 2537 1072 2592 ln

37 2638 83 2674 sex
96 2622 197 2695 itaque
210 2620 316 2691 primis
330 2618 366 2674 dc
378 2618 545 2676 homiuibus
560 2621 692 2692 scripsit,
711 2621 741 2674 in
762 2619 900 2675 secundis
913 2637 966 2675 sex
979 2619 1014 2674 de
1028 2620 1073 2675 lo·

37 2705 87 2773 cis,
112 2720 168 2758 sex
180 2702 288 2776 tertios
303 2699 338 2756 de
351 2703 545 2779 temporibus,
576 2717 629 2756 sex
642 2710 761 2775 quartos
775 2700 947 2777 eosdemque
960 2710 1073 2776 postre-

36 2803 90 2839 mos
104 2785 140 2840 de
153 2783 243 2840 rebus
256 2782 390 2842 absolvit.
432 2787 546 2853 Quater
558 2793 658 2842 sutem
671 2786 751 2856 seni,
778 2785 888 2861 viginti
899 2794 930 2840 et
947 2793 1073 2859 quatuor

35 2867 113 2922 finnt.
157 2865 326 2924 Sedunum
339 2869 528 2944 singularem,
535 2869 585 2943 qui
598 2869 876 2942 communiterprius
891 2866 926 2924 de
939 2868 1072 2924 omnibus

35 2950 211 3024 loqueretur,
226 2951 259 3005 in
273 2951 368 3023 cupite
377 2952 484 3022 posuit.
529 2947 563 3006 ln
577 2950 684 3008 divinis
697 2950 857 3008 identidem
869 2951 955 3006 rebus
970 2950 1072 3007 ecdem

36 3030 64 3086 cb
76 3033 128 3088 iilo
143 3031 302 3088 divisionis
314 3031 408 3088 fornia
420 3041 537 3089 servata
551 3042 606 3104 ιιι,
619 3043 760 3109 quantum
774 3036 881 3091 attinet
895 3033 931 3089 cd
944 3051 979 3090 ιι
996 3051 1071 3108 quse

36 3113 83 3170 diis
98 3112 266 3171 exhibenda
278 3123 358 3170 aunt.
400 3113 584 3172 Exhibentur
599 3118 676 3171 enim
689 3117 724 3172 cb
740 3115 905 3174 hominibus
919 3117 951 3172 in
963 3117 1073 3173 lociset

36 3197 309 3271 temporibussacrc.
350 3193 432 3252 Ηιιι
445 3207 571 3272 quatuor
583 3215 657 3272 quae
670 3197 741 3270 dixi,
751 3200 834 3256 libris
846 3200 1015 3272 complexus
1028 3207 1073 3254 ιιι

36 3283 137 3336 ternis:
156 3297 226 3334 nam
240 3288 302 3334 tres
313 3279 426 3352 priores
440 3278 476 3334 de
487 3278 651 3337 hominibus
666 3284 796 3356 scripsit,
811 3291 965 3356 sequentes
977 3281 1013 3336 de
1027 3282 1071 3335 lo-

37 3363 80 3432 cis,
94 3363 199 3418 tertios
215 3360 251 3416 de
264 3361 456 3434 temporibus,
470 3371 590 3437 quartos
605 3363 761 3436 desectis,
789 3367 879 3420 etiam
891 3363 939 3419 hic
952 3364 1003 3437 qui
1016 3379 1070 3416 ex-

36 3440 157 3514 hibeant,
170 3443 223 3499 ubi
238 3440 408 3514 exhibeant,
422 3444 537 3519 quando
551 3444 719 3516 exhibeant,
730 3447 800 3520 quid
815 3445 988 3513 exhibeant,
1001 3443 1069 3498 sub·

36 3527 164 3584 tilicsima
178 3526 373 3582 distinctione
388 3525 603 3584 commendans.
647 3527 708 3584 Sed
721 3529 790 3602 quic
801 3523 1069 3602 oportebatdieere,

36 3617 59 3662 et
69 3612 196 3666 maxime
209 3607 243 3664 id
257 3608 497 3681 exspectabatur,
518 3609 623 3684 quibus
638 3609 811 3682 exhibeant,
825 3607 860 3664 de
873 3609 945 3681 ipsis
956 3623 1068 3680 quoque

36 3687 82 3746 diis
95 3701 155 3748 tres
170 3691 350 3764 conscripsit
363 3698 520 3762 extremos,
535 3701 568 3747 ut
579 3693 734 3766 quinquies
748 3692 826 3747 terni
839 3688 1004 3765 quindecim
1014 3687 1068 3742 fic-

36 3785 99 3829 rent.
142 3773 222 3831 Sunt
237 3781 338 3829 autem
352 3789 468 3842 omnes,
482 3783 515 3828 ut
529 3773 655 3830 diximus
665 3814 674 3844 ‚
684 3773 845 3829 sexdecim:
872 3773 941 3846 quia
954 3780 984 3826 et
996 3772 1069 3826 isto-

38 3870 91 3911 rum
104 3856 229 3914 exordio
246 3871 341 3912 unum
353 3856 548 3928 singularem,
572 3858 622 3930 qui
635 3857 716 3928 prius
732 3855 768 3911 de
789 3855 920 3910 onrnibus
935 3855 1068 3928 loquere·
