2530 4392
104 215 106 222 '
174 251 233 310 ns
257 251 470 310 οινιιιιἘ
493 251 571 309 nur
592 249 670 308 ιιιι.
693 249 793 308 xxi.
944 258 1003 312 ser

40 402 153 459 lomerus
173 402 322 479 Hesperon
348 405 487 480 appellat,
512 401 735 478 pulcherrimam
761 403 876 476 diceus,
903 404 1004 464 Castor

40 487 115 542 cribit
126 496 230 543 tantum
241 496 408 562 portentum
421 488 581 558 exstitisse,
605 497 638 542 ut
650 496 778 544 mutaret
792 489 930 561 colorem,
943 509 1003 546 ma-

40 569 200 642 nitudiuem,
224 570 358 648 liguram,
381 589 508 627 cursum:
535 570 610 645 quod
623 569 731 627 factum
744 572 785 626 ita
800 590 894 647 neque
908 583 1005 646 autea,

41 673 106 729 eque
117 663 209 728 postea
222 656 268 709 sit.
306 653 371 710 Hoc
385 653 494 710 laetum
507 652 613 732 Ogyge
630 673 700 732 rege
719 652 853 712 dicebant
865 655 1005 713 Adrastus

40 739 168 814 lyaicenus
188 746 217 793 et
237 736 315 794 Dion
335 736 517 813 Neapolites,
542 736 737 794 mathematici
755 738 899 795 nobiles.“
942 738 1006 797 lice

40 832 73 877 ete
85 819 168 876 Varro
180 829 277 877 tantus
292 831 392 877 auctor
408 830 576 897 portentum
593 839 652 877 nou
670 823 844 896 appellaret,
870 825 929 879 nisi
942 843 1006 880 esse

40 916 92 961 utra
103 914 227 984 naturam
238 903 395 961 rideretur.
420 905 526 961 Omnia
538 906 642 980 quippe
653 914 790 979 portenta
802 916 905 963 contra
918 919 1005 965 natu-

40 1010 51 1045 ιι
66 987 174 1044 dicimus
186 1006 265 1044 esse:
280 987 330 1043 sed
344 1007 403 1045 non
417 999 493 1045 sunt.
521 988 669 1055 Quomodo
684 999 729 1045 est
743 991 821 1046 enim
834 1001 937 1047 eontra
952 1010 1004 1048 na-

41 1091 94 1144 am,
106 1071 175 1146 quod
184 1071 241 1128 Dei
253 1071 287 1128 lit
299 1075 463 1144 voluntate,
477 1090 565 1147 quum
578 1074 712 1128 voluntas
728 1075 803 1129 tanti
816 1075 916 1150 utique
927 1074 1005 1132 Con·

40 1158 90 1212 oris
108 1154 234 1212 conditae
251 1156 296 1212 rei
312 1157 453 1231 cuiusque
470 1165 575 1212 natura
592 1151 650 1211 siti
680 1154 852 1213 Portentum
870 1177 941 1237 ergo
961 1159 1005 1229 lit,

40 1259 49 1295 1
62 1249 158 1295 eontra
170 1248 318 1312 naturam,
342 1239 393 1296 sed
412 1249 514 1296 eontra
534 1257 619 1314 quam
634 1249 678 1296 est
691 1250 762 1297 uota
776 1250 888 1298 natura.
933 1243 1005 1309 Quis

41 1343 85 1379 em
96 1331 289 1398 portentorum
302 1333 437 1380 numerat
448 1321 682 1394 multitudinem,
709 1342 783 1400 quae
796 1322 917 1381 historia
930 1345 1004 1403 gen·

40 1427 57 1462 ιι
71 1402 250 1462 continetur?
286 1405 346 1464 Sed
362 1426 440 1464 nunc
456 1408 489 1462 in
505 1404 561 1462 hoc
581 1425 641 1462 uno
655 1407 854 1480 attendamus,
881 1407 957 1484 quod
969 1409 1005 1464 ad

40 1513 46 1546 ι
60 1490 94 1544 de
107 1507 160 1564 qua
173 1492 286 1568 agimus
300 1493 435 1566 pertinet.
457 1490 532 1558 Quid
545 1492 586 1546 ita
597 1489 766 1565 dispositum
781 1501 825 1548 est
838 1492 872 1548 ab
886 1503 1005 1548 auctore

40 1593 106 1630 urae
120 1575 192 1628 coeli
211 1584 241 1630 et
253 1583 364 1644 terrae,
390 1573 627 1649 quemadmodum
647 1591 749 1630 cursus
770 1575 1004 1632 ordinatissimus

40 1653 125 1713 numi
148 1657 222 1724 Quid
236 1667 295 1714 tam
307 1662 379 1715 ratis
395 1657 509 1736 legibus
528 1657 655 1733 fixisque
667 1656 833 1715 firmatumi
854 1659 894 1716 Et
908 1670 1004 1717 tamen

41 1741 96 1798 ndo
110 1742 156 1796 ille
168 1743 277 1812 voluit,
302 1743 352 1818 qui
366 1761 477 1798 summo
491 1743 569 1820 regit
587 1744 708 1817 imperio
721 1761 754 1798 ao
770 1753 913 1819 potestate
927 1743 1004 1820 quod

40 1825 128 1895 didit,
150 1827 231 1881 stello
242 1845 311 1900 prae
327 1828 449 1882 caeteris
469 1825 670 1904 magnitudine
684 1837 771 1902 atque
784 1829 937 1902 splendore
949 1847 1004 1885 no-

40 1912 104 1980 ima,
119 1911 252 1980 colorem,
271 1910 512 1987 magnitudinem,
525 1909 664 1988 figuram,
683 1921 713 1968 et
726 1907 814 1985 (quod
828 1922 873 1968 est
884 1913 1004 1969 mirabi-

43 1995 67 2064 ,)
82 1993 126 2048 sui
139 2011 239 2049 cursus
254 1993 384 2050 ordinem
398 1995 549 2070 legemque
562 1997 693 2050 mutavit.
716 1992 859 2051 Turbavit
873 1995 1004 2068 prolecto

40 2096 70 2145 c,
92 2078 115 2130 si
126 2078 178 2132 ulli
192 2078 249 2132 iam
262 2076 381 2132 fuerunt
394 2094 520 2132 canones
533 2078 757 2152 astrologorum,
779 2095 849 2151 quos
865 2079 945 2133 velut
957 2079 1004 2133 in-

40 2159 98 2214 tlsili
117 2161 330 2234 computatione
350 2158 385 2214 de
405 2159 571 2234 praeteritis
590 2176 623 2214 ao
637 2159 743 2214 futuris
759 2169 904 2216 astrorum
916 2161 1004 2216 moti-

46 2246 227 2319 eonsoriptos
241 2242 358 2314 habent,
373 2259 444 2317 quos
455 2256 580 2298 canones
593 2241 741 2316 sequendo
753 2245 815 2298 ausi
827 2253 896 2300 sunt
907 2242 1005 2300 dicere

44 2327 122 2401 quod
133 2328 168 2383 de
178 2325 312 2384 Lucifero
324 2327 458 2403 contigit,
473 2344 527 2380 nec
541 2334 637 2396 antea,
651 2345 705 2382 nec
717 2335 819 2400 postea
833 2329 1004 2407 contigisse.

48 2420 148 2466 autem
161 2407 194 2466 i'n
207 2409 314 2467 divinis
327 2410 408 2465 libris
424 2409 561 2486 legimus,
588 2411 676 2464 ctiam
693 2411 783 2465 solem
796 2412 890 2485 ipsum
903 2423 932 2468 et
945 2421 1004 2470 ste·

41 2519 55 2564 ι,
72 2513 162 2568 quum
174 2493 229 2549 hoe
243 2513 259 2549 a
273 2492 400 2549 Domino
414 2491 478 2548 Deo
491 2493 644 2566 petivisset
655 2493 702 2548 vir
715 2503 833 2550 sanutus
846 2494 930 2552 lesus
943 2495 1003 2552 Na-

46 2577 143 2633 donec
156 2587 291 2650 coeptum
303 2577 445 2650 proelium
457 2575 581 2630 victoria
594 2577 780 2648 terminaret3
801 2587 830 2633 et
843 2589 1004 2635 retrorsum

41 2680 102 2731 sse,
126 2669 160 2716 ut
181 2661 247 2737 regi
259 2657 403 2715 Ezechiae
421 2656 586 2733 quindecim
600 2661 671 2714 anni
684 2659 721 2714 ad
733 2660 889 2718 vivendum
902 2661 1004 2733 additi,

45 2745 140 2800 etiam
161 2741 295 2819 prodigio
317 2742 503 2816 promissioni
522 2739 579 2798 Dei
599 2742 836 2820 significarentur
857 2744 1004 2802 adiuncto.

42 2830 103 2883 ista
117 2843 234 2900 quoque
247 2826 402 2896 miracula,
430 2843 503 2900 quae
515 2825 635 2881 meritis
651 2837 720 2883 sunt
737 2847 874 2885 concessa
886 2839 1004 2886 sancto-

59 2907 183 2984 quando
198 2907 320 2965 credunt
332 2911 382 2965 isti
395 2909 484 2982 facta,
497 2910 618 2987 magicis
632 2912 742 2968 artibus
755 2912 895 2970 tribuunt.
923 2912 1004 2970 Vnde

52 3001 101 3049 est
115 2990 197 3067 quod
210 2995 340 3067 superius
356 2995 588 3064 commemoravi,
603 2993 711 3050 dixisse
725 2994 891 3074 Virgilium:

50 3076 173 3133 Sistere
187 3095 290 3152 aquam
302 3075 411 3149 fluviis,
427 3087 456 3134 ct
467 3088 583 3134 vertere
596 3077 692 3136 sidera
704 3089 790 3137 retro.

56 3171 87 3216 et
101 3159 230 3216 fluvium
242 3162 355 3216 stetisse
369 3163 515 3234 superius,
539 3161 718 3236 inferiusque
731 3161 861 3234 fluxisse,
877 3183 940 3220 cum
953 3184 1005 3239 po-

43 3263 53 3299 s
68 3243 129 3300 Dei
145 3242 268 3300 duotore
282 3262 368 3318 supra
381 3251 541 3298 memorato
554 3241 620 3298 lesu
635 3243 717 3300 Nave
730 3247 807 3300 viam
820 3257 962 3319 carperet,
977 3259 1006 3302 et

48 3325 201 3402 propheta
219 3336 407 3396 transeunte,
433 3344 466 3380 ac
484 3334 585 3398 postea
605 3325 747 3400 discipule
764 3329 826 3382 eius
839 3326 955 3384 Elisaeo
975 3328 1005 3383 id

43 3411 157 3466 iactum
169 3412 202 3466 in
216 3411 306 3466 sacris
319 3410 413 3464 literis
427 3410 565 3487 legimns3
579 3417 608 3464 et
620 3417 826 3465 retroversum
838 3409 930 3466 fuisse
943 3430 1005 3468 ma-

46 3515 78 3550 m
93 3494 182 3550 sidus
196 3502 339 3570 regnante
351 3490 487 3564 Ezechia,
500 3490 585 3548 modo
606 3493 900 3550 commemoravimus.
922 3493 1005 3561 Qum

48 3577 88 3634 de
103 3577 248 3634 Lucifero
261 3575 354 3632 Varro
369 3577 499 3650 scripsit,
526 3593 586 3633 non
600 3585 644 3631 est
657 3576 716 3631 illie
729 3575 837 3632 dictum
850 3577 937 3634 alicui
951 3576 1003 3636 ho·

46 3663 173 3737 petenti
187 3661 218 3717 id
230 3661 321 3716 luisse
336 3677 512 3721 concessum.
739 3718 740 3721 ,

44 3745 98 3800 lon
116 3763 196 3822 ergo
211 3743 246 3799 de
259 3744 365 3800 notitia
378 3751 545 3800 naturarum
565 3744 717 3821 caliginem
736 3743 791 3800 sibi
809 3743 918 3800 faciant
936 3744 1004 3802 inli-

44 3871 54 3900 ,
83 3829 179 3903 quasi
194 3845 252 3882 uun
267 3828 360 3900 possit
372 3828 403 3882 in
417 3827 512 3903 aliqua
524 3847 557 3883 rc
569 3825 708 3883 divinitus
722 3825 786 3884 fieri
800 3828 894 3900 aliud,
919 3847 1003 3904 quam

44 3931 73 3968 rs
90 3920 208 3968 natura
221 3929 272 3985 per
291 3908 445 3968 humanam
463 3930 544 3968 susm
563 3912 771 3987 experientiam
790 3921 1004 3990 coguoverunt.

691 3993 718 4052 Y
