2538 4392
224 201 282 262 DE
305 200 527 262 crvlusu'n
551 201 630 262 DEI
655 201 737 262 LiB.
759 201 886 262 xvnt
1016 211 1070 272 1181

58 373 127 412 vens
148 363 173 410 et
193 352 267 410 feles
289 354 476 427 eeeinerunt,
502 353 624 412 eelendo
643 372 710 412 euru
728 355 779 412 iilo
798 355 872 412 elius
890 357 942 433 qni
958 356 1000 418 tu
1012 377 1072 420 nou

54 445 134 510 sunt,
156 437 252 514 eisque
272 434 436 494 exhibendo
455 437 628 496 iemuisturn
653 439 704 514 qui
731 438 785 495 uui
809 446 924 496 tentum
949 433 1073 502 d'ebetur

51 521 130 594 Deo,
141 538 193 578 nen
206 521 235 576 ei
248 521 349 596 ntique
361 522 420 580 rite
432 522 612 594 servierunt,
624 539 680 578 nee
693 539 711 576 e
723 519 856 578 fabuloso
867 520 990 582 deornm
1002 544 1072 584 sue·

49 625 114 664 rum
126 603 259 662 dedecere
278 604 367 662 etiem
378 605 436 682 ipsi
453 623 485 662 se
502 605 650 662 abstinere
660 613 831 680 putuerunt
876 603 938 683 [Ex
950 625 1075 684 quorun

51 705 165 748 numere
177 686 266 744 fuisse
278 683 482 763 perhibentur]
511 685 662 764 Orpbeus,
677 685 831 760 Museeus,
843 686 945 746 Linus.
967 689 1074 751 Verum

51 774 100 828 isti
112 769 248 850 Theologi
261 769 331 828 deos
345 773 519 844 uoluerunt,
538 790 598 828 non
610 789 665 846 pre
677 769 735 828 diis
747 772 818 828 eulti
831 781 915 830 runt:
942 776 1074 850 quemvis

50 853 188 932 Orpheum
198 855 302 912 neseio
315 855 458 930 quomodo
471 855 597 914 infernis
612 856 715 928 serris,
729 856 776 912 vei
787 855 887 930 potius
898 858 1074 936 sacrilegiis,

48 938 198 1016 praebuere
221 939 316 995 solent
337 936 449 996 Civitas
472 939 638 1016 impierum.
680 935 762 995 onr
779 947 878 994 sutem
890 942 971 1018 regis
983 939 1074 998 Atbs-

45 1023 164 1095 mentis,
177 1039 250 1099 quse
261 1020 423 1079 voeebstur
435 1021 500 1094 Ino,
512 1031 543 1079 et
555 1023 617 1080 eius
631 1021 710 1079 iilius
723 1021 891 1080 Melieertes
904 1023 1075 1100 praeeipitio

46 1116 200 1183 spontanee
212 1105 246 1162 in
256 1106 332 1164 meri
343 1106 512 1181 perierunt,
539 1115 570 1163 et
582 1105 722 1182 opinione
734 1103 885 1162 bominum
898 1106 930 1164 in
944 1105 1013 1164 deos
1026 1124 1075 1164 re-

43 1193 99 1259 lsti
112 1200 190 1248 sunt:
212 1189 290 1246 sieut
302 1189 354 1246 elii
365 1187 499 1246 hemines
512 1207 614 1247 eornm
626 1197 803 1264 temporum,
819 1186 912 1267 [inter
924 1207 998 1267 quos
1011 1188 1075 1247 fue-

44 1270 127 1349 runt]
141 1272 239 1335 Castor
251 1281 282 1329 et
293 1270 409 1330 Pollux.
453 1270 535 1330 illurn
553 1289 625 1328 seue
643 1269 803 1329 Melicertis
821 1279 945 1329 matrem
961 1271 1074 1330 Lenee-

43 1357 138 1416 theam
148 1356 271 1428 (ireeei,
289 1353 431 1414 Matutam
444 1353 544 1413 Lstini
556 1363 750 1413 vocaverunt:
777 1359 895 1431 utrique
908 1365 1007 1414 temen
1021 1373 1074 1430 pu-

42 1451 139 1499 tentes
151 1441 240 1499 deam.

40 1617 87 1672 De
96 1633 187 1672 occasu
197 1521 760 1760 ιᾞιδριειὲἑέιιιέἕψᾰ
766 1617 921 1756 Ipnerpppntes
930 1617 1016 1671 Picus
1028 1615 1077 1670 Sn-

540 1705 580 1759 poe
640 1705 804 1759 pnmum
861 1724 868 1739 .

107 1773 163 1832 Per
176 1795 209 1832 es
222 1787 352 1854 tempere
364 1795 491 1858 regnum
503 1777 621 1837 finitum
635 1787 681 1836 est
692 1779 887 1858 Argivorum,
901 1778 1076 1835 translatum

35 1858 76 1918 ed
98 1857 252 1936 Mycenes,
278 1860 355 1918 unde
379 1861 437 1919 fuit
453 1861 671 1941 Agamemnon:
699 1873 729 1920 et
741 1871 877 1919 exortum
892 1868 939 1917 est
951 1877 1075 1938 regnum

33 1944 230 2018 Laurentum,
257 1944 308 2003 ubi
321 1943 445 2003 Saturni
463 1944 542 2002 filius
554 1943 642 2002 Picus
665 1963 793 2024 regnum
815 1945 926 2019 primur
950 1945 1077 2017 aceepit,

32 2027 188 2086 indicente
209 2027 285 2105 apud
306 2026 458 2086 Hebraeos
481 2027 597 2090 femine
614 2027 745 2085 Debere:
772 2025 823 2084 sed
844 2043 897 2103 per
920 2025 1001 2081 illem
1019 2025 1077 2082 Dei

32 2111 166 2187 Spiritus
180 2110 210 2168 id
222 2103 342 2191 egebett
355 2129 425 2169 nem
435 2119 466 2168 et
478 2111 537 2167 inm
547 2107 732 2186 prophetissa
742 2117 816 2180 eret,
832 2109 914 2164 euius
924 2106 1077 2181 prophetin

31 2196 134 2252 minus
146 2205 247 2270 aperte
260 2205 322 2268 est,
341 2213 429 2271 quem
441 2203 475 2252 ut
486 2194 633 2269 possimus
646 2209 711 2250 enm
724 2193 791 2250 sine
804 2190 945 2248 diuturne
957 2191 1077 2264 exposi-

29 2280 119 2336 tione
133 2279 169 2334 de
182 2277 300 2336 cbristo
314 2277 517 2336 demonstrare
529 2278 682 2353 prolatam.
725 2274 788 2334 Iam
812 2292 884 2353 erge
911 2272 1078 2352 regnabant

28 2362 200 2420 Laurentes
213 2364 315 2438 utique
328 2363 361 2420 in
374 2360 476 2434 italie,
502 2377 540 2419 ex
555 2361 660 2438 quibus
676 2358 844 2419 evidentior
857 2357 974 2414 dueitur
993 2358 1077 2436 erige

25 2446 171 2506 Rornrsne
192 2455 259 2522 post
279 2445 424 2504 Grneees:
451 2453 481 2502 et
498 2455 598 2502 temen
620 2443 716 2502 etlhue
737 2461 866 2524 regnum
887 2440 1078 2517 Assyriorum

22 2529 240 2608 permanebat,
266 2529 317 2587 ubi
337 2539 401 2588 eret
417 2547 472 2586 rex
490 2529 647 2586 vicesimus
666 2529 772 2584 tertius
785 2527 960 2600 Lampetes,
986 2539 1077 2598 quum

21 2616 145 2691 primur
159 2612 340 2672 Laurentum
354 2611 441 2670 Piens
460 2629 526 2669 esse
547 2613 698 2688 coepisset
742 2609 790 2668 De
810 2606 899 2664 buius
913 2603 978 2662 Piei
994 2613 1079 2679 petre

22 2697 167 2756 Saturne
178 2697 310 2756 viderint
323 2695 395 2774 quid
407 2697 538 2754 sentient
549 2695 653 2752 telinm
666 2693 788 2751 deorum
800 2692 946 2762 cultores,
960 2688 1011 2766 qui
1023 2705 1077 2745 ne-

20 2789 105 2862 gent
131 2779 282 2840 bominem
304 2779 414 2838 fuisse:
441 2779 477 2837 de
495 2797 552 2856 que
573 2787 603 2835 et
620 2779 672 2836 alii
689 2779 889 2855 seripserunt,
915 2771 1078 2850 quatiente

18 2866 135 2923 Picum
148 2864 244 2922 filium
256 2883 342 2926 suurn
354 2864 387 2922 in
399 2860 485 2922 Italis
497 2864 561 2940 ipse
574 2863 762 2942 regnaverim
776 2872 807 2920 et
817 2855 963 2938 Virgilius
977 2856 1077 2914 notiu-

15 2949 109 3007 ribne
123 2949 225 3006 literis
236 2949 321 3008 dieite
375 2959 382 2974 '
413 2961 419 2974 ·

112 3030 144 3088 Is
159 3051 256 3112 genus
272 3031 417 3108 indoeiIe,
430 3050 466 3090 ee
480 3031 642 3108 dispersum
655 3029 807 3090 montibus
821 3027 888 3087 eltis

112 3113 308 3192 Composuit,
321 3118 462 3196 legesque
473 3115 570 3188 debit,
584 3115 757 3194 Lariumque
770 3112 870 3171 voeeri

111 3197 240 3275 Meluit3
264 3198 312 3258 bis
330 3201 470 3278 quoniam
482 3199 618 3255 letuisset
632 3207 716 3255 tutus
729 3199 761 3254 in
776 3198 846 3254 oris.

109 3283 273 3360 Auresqne
287 3292 321 3342 nt
332 3281 487 3358 perhibent
498 3281 549 3338 ille
564 3281 619 3338 sub
633 3297 706 3360 rege
719 3279 803 3336 suere

109 3363 255 3424 Seeeule.

11 3449 80 3512 Sed
94 3449 182 3511 haee
194 3452 312 3526 poetice
325 3450 484 3527 opinentur
497 3466 562 3506 esse
574 3447 732 3528 figmenta,
745 3453 776 3500 et
788 3441 853 3500 Piei
865 3449 981 3516 petrem
994 3439 1078 3498 Ster-

11 3555 72 3596 een
89 3534 210 3612 potius
222 3533 315 3594 fuisse
327 3542 512 3604 asseverent,
531 3550 549 3588 e
563 3550 621 3609 quo
633 3528 813 3606 peritissimo
826 3523 961 3604 egrieels
971 3526 1078 3584 iuren-

11 3632 83 3678 nrm
107 3618 239 3692 rerunt,
264 3628 299 3678 ut
311 3619 382 3678 sume
395 3617 564 3676 enimelium
577 3617 643 3694 egri
662 3608 929 3680 fneeunderentur,
954 3605 1031 3684 quod
1043 3607 1079 3666 sb

11 3706 86 3762 eius
106 3703 243 3760 nomine
261 3715 375 3762 stereus
388 3711 434 3758 est
450 3699 574 3758 dietum:
600 3697 678 3756 hune
695 3693 813 3773 quidem
830 3689 1011 3751 stercutium
1028 3709 1081 3748 vo·

11 3797 128 3846 retum
154 3785 269 3846 ferunt.
314 3786 450 3856 Qnslibet
463 3793 564 3848 eutem
575 3801 613 3840 ex
627 3799 715 3840 esuss
727 3795 796 3840 eum
808 3775 971 3862 Saturnum
983 3776 1082 3852 eppel·

14 3889 82 3930 ere
114 3871 293 3946 voluerint,
321 3881 401 3933 eerte
424 3878 470 3928 est
493 3877 590 3927 tumen
620 3865 700 3924 buno
719 3861 848 3924 Stereen
873 3860 937 3920 sire
962 3856 1081 3918 Steteu·
