2590 4396
227 169 285 226 136
450 161 551 222 DlVl
574 158 759 220 AVRELll
783 157 1031 218 AVGVSTlNl

222 320 271 376 ubi
282 317 401 394 ponitur
412 315 501 373 horae
514 315 643 384 notatio,
669 328 753 386 quem
765 310 956 386 horoscopum
968 318 1091 382 vocant3
1117 319 1241 368 autnon

224 411 337 458 tantum
362 403 456 472 valet,
481 407 587 474 quauta
611 397 761 452 invenitur
777 397 809 452 in
827 396 1009 473 geminorum
1032 395 1242 464 voluntatibus,

221 485 344 556 actibus,
369 485 508 554 moribus,
534 481 703 555 casibusque
716 478 886 551 diversitas3
910 487 961 535 aut
972 479 1038 552 plus
1052 478 1138 533 etiarn
1150 479 1241 548 valet,

221 587 309 647 quam
323 577 367 624 est
377 569 563 646 geminorum
575 564 623 619 rel
634 561 781 618 humilitas
795 563 912 640 generis
932 561 1046 632 eudem,
1071 561 1117 617 vel
1134 560 1243 616 nobili-

220 662 281 724 tas,
308 653 389 707 euius
402 650 557 706 maximam
569 646 766 704 diversitatem
779 665 839 702 non
851 646 910 702 nisi
921 647 953 700 in
965 643 1037 700 hora
1050 661 1105 720 qua
1117 644 1242 718 quisque

221 736 369 804 nescitur,
393 741 516 807 ponunt.
540 731 583 786 Ac
601 749 653 806 per
669 729 726 786 hoc
744 731 770 785 si
787 739 846 786 tnm
858 730 992 786 celeriter
1004 729 1078 784 alter
1089 735 1155 802 post
1167 728 1243 782 alte—

220 837 285 874 rum
297 817 444 886 nascitur,
469 825 504 871 ut
522 813 622 870 eadem
637 831 705 888 pars
717 812 876 886 horoscopi
887 819 1017 883 maneat3
1043 818 1148 868 cuncta
1160 811 1246 882 paria

220 917 347 975 quaero,
371 899 489 973 quaein
503 899 591 954 nullis
604 905 727 971 possunt
739 897 864 975 geminis
878 897 1020 952 inveniri:
1046 895 1072 949 si
1084 902 1181 950 autem
1195 911 1245 948 se-

221 984 336 1058 quentis
356 982 478 1038 tarditas
493 979 686 1056 horoscopum
703 989 811 1052 mutat3
828 988 964 1055 parentes
978 978 1109 1035 diversos
1123 994 1244 1052 quaero,
1284 1037 1285 1046 χ

163 1138 166 1145 Ι
220 1084 293 1142 quos
309 1067 418 1144 gemini
431 1065 536 1128 habere
549 1083 609 1122 non
622 1074 753 1139 possunt.

609 1157 867 1238 css.111.'

220 1261 263 1315 De
273 1271 431 1332 argumente
441 1262 511 1332 quod
519 1278 552 1314 ex
561 1261 718 1343 rotafiguli
727 1259 858 1343 Nigidius
866 1257 1069 1313 mathematicus
1080 1256 1247 1310 assumsitr'n

437 1351 438 1356 ¹
566 1341 900 1402 quaerteonegemtuerum.

282 1421 403 1479 Frustra
427 1424 527 1497 itaque
553 1419 674 1478 affertur
700 1421 796 1476 nobile
813 1421 885 1476 illud
903 1427 1096 1476 commentum
1113 1415 1148 1473 de
1161 1417 1247 1495 figuli

221 1514 302 1576 rota,
329 1505 406 1578 quod
418 1504 605 1578 respondisse
615 1505 716 1560 ferunt
728 1502 879 1581 Nigidium
891 1502 946 1559 hee
959 1505 1130 1578 quaestione
1143 1502 1245 1557 turba-

219 1598 293 1658 tum,
309 1587 387 1643 unde
401 1597 431 1643 et
442 1587 565 1664 Figulus
579 1587 739 1661 appellatus
753 1597 806 1642 est.
833 1585 911 1642 Dum
924 1588 1002 1642 enim
1013 1593 1107 1642 rotam
1118 1584 1202 1662 figuli
1214 1587 1246 1642 vi

221 1679 330 1746 quanta
342 1672 438 1744 potuit
450 1671 630 1740 intorsisset,
643 1679 780 1726 currente
793 1671 844 1725 illa
856 1669 900 1725 bis
914 1687 1034 1746 numero
1047 1667 1083 1724 de
1090 1678 1245 1754 ptramen-

220 1764 251 1810 to
268 1762 406 1828 tanquam
424 1769 482 1809 uno
501 1754 563 1808 eius
583 1755 647 1809 loco
658 1763 779 1810 'surnma
793 1754 942 1826 eeleritate
954 1753 1115 1828 percussit,
1141 1749 1246 1808 deinde

220 1839 343 1893 inventu
356 1845 426 1892 sunt
439 1839 535 1914 signa,
562 1853 636 1911 quae
648 1835 763 1908 fixerat,
789 1835 949 1892 desistente
961 1845 1054 1908 motu,
1080 1853 1140 1891 non
1152 1852 1245 1909 parvo

219 1921 376 1977 intervallo
393 1921 426 1976 in
444 1929 527 1976 rotae
544 1921 622 1976 illius
637 1922 822 1976 extremitate
835 1919 983 1977 distantia.
1010 1917 1072 1991 Sic,
1090 1920 1193 1994 inquit,
1212 1920 1246 1975 in

220 2013 305 2060 tante
317 2005 391 2060 eoeli
402 2005 577 2078 rapacitate,
605 2005 721 2060 etiamsi
740 2006 815 2060 alter
828 2012 894 2079 post
910 2005 1034 2060 alterum
1046 2011 1128 2059 tanta
1142 2003 1244 2057 eeleri-

220 2097 281 2144 tate
293 2096 447 2158 naseatur,
473 2097 583 2163 quanta
594 2096 689 2144 rotam
701 2088 745 2144 bis
760 2089 823 2163 ipse
836 2087 984 2164 percussi,
1009 2088 1041 2143 in
1059 2087 1133 2142 coeli
1150 2087 1245 2159 spatio

221 2173 377 2244 plurimum
391 2181 450 2228 est:
475 2169 546 2227 hinc'
558 2172 757 2245 sunt,·inquit,
771 2189 961 2247 quaecunque
975 2170 1165 2226 dissimillima
1176 2187 1245 2244 per-

219 2253 357 2310 hibentur
369 2256 401 2310 in
413 2255 557 2326 moribus,
584 2245 754 2330 casibusque
772 2256 964 2333 geminorum.
990 2253 1056 2311 Hoc
1073 2253 1247 2332 figmentum

220 2337 355 2416 fragilius
369 2346 428 2409 est,
451 2355 538 2413 quam
550 2355 621 2395 vasa
634 2357 709 2414 quae
722 2339 773 2394 illa
785 2340 931 2396 rotatione
945 2337 1103 2417 finguntur.
1129 2333 1204 2392 Nam
1219 2338 1248 2392 si
1284 2345 1285 2356 ¹

220 2431 281 2477 tam
293 2422 417 2477 multum
428 2423 461 2477 in
475 2423 557 2478 coelo
570 2423 709 2494 interest,
735 2421 813 2498 quod
830 2419 1099 2478 constellationibus
1112 2437 1246 2494 eompre-

219 2503 309 2561 hendi
321 2523 381 2562 non
394 2513 501 2580 potest,
514 2497 549 2562 ut
559 2507 646 2562 alteri
658 2507 840 2584 geminorum
852 2504 997 2562 hereditas
1011 2503 1156 2574 obveniat,
1170 2505 1246 2559 alte-

220 2591 248 2645 ri
260 2607 321 2644 non
335 2589 485 2662 obveniat,
510 2607 562 2646 eur
574 2589 683 2646 audent
695 2591 818 2646 caeteris
833 2591 883 2666 qui
892 2589 1001 2668 gemini
1010 2604 1070 2642 non
1083 2594 1162 2659 sunt,
1175 2604 1247 2644 cum

218 2675 404 2746 inspexerint
414 2692 514 2730 eorum
524 2675 773 2746 constellationes,
782 2676 853 2730 talia
861 2673 1062 2749 pronuntiare,
1074 2688 1147 2746 quae
1160 2668 1197 2725 ad
1207 2671 1246 2726 il-

218 2756 269 2812 lud
283 2766 428 2812 secretum
440 2757 608 2830 pertinent,
630 2757 706 2830 quod
725 2775 810 2812 nemo
825 2765 921 2833 potest
935 2751 1191 2830 comprehendere,
1216 2761 1247 2809 et

218 2840 373 2894 momentis
393 2848 535 2894 annotare
552 2835 752 2896 nascentium?
779 2839 813 2897 Si
833 2850 928 2897 autem
940 2847 1094 2913 propterea
1109 2839 1179 2894 talia
1198 2837 1244 2893 di-

220 2931 291 2978 eunt
303 2923 336 2976 in
349 2922 473 2978 aliorum
484 2923 639 2999 genituris,
653 2923 721 2998 quia
731 2922 802 2980 haee
816 2924 852 2980 ad
864 2922 1051 2998 productiora
1064 2923 1157 2998 spatia
1168 2929 1244 2976 tem-

218 3022 321 3079 porum
332 3005 495 3080 pertinent3
521 3015 667 3062 momenta
679 3027 749 3065 vero
762 3010 812 3064 illa
824 3009 951 3083 partium
963 3007 1156 3076 minutarum,
1170 3023 1244 3080 quae

219 3090 297 3143 inter
310 3107 342 3142 se
354 3089 465 3166 gemini
475 3099 598 3164 possunt
610 3087 716 3148 habere
729 3098 896 3162 nascentes,
909 3090 995 3147 rebus
1009 3090 1136 3145 minimis
1149 3088 1243 3143 tribu-

218 3180 319 3242 untur,
334 3171 369 3227 de
382 3173 514 3247 qualibus
527 3171 724 3233 mathematici
736 3195 799 3233 non
812 3177 908 3232 solent
921 3173 1047 3230 consuli:
1074 3168 1151 3250 (quis
1165 3171 1245 3226 enim

220 3257 354 3311 consulat
367 3255 483 3331 quando
497 3255 613 3330 sedeat,
638 3260 751 3334 quando
771 3259 951 3328 deambulet,
977 3254 1093 3332 quando
1110 3257 1157 3313 vel
1174 3253 1245 3329 quid

218 3335 390 3422 prandenti)
417 3340 557 3417 numquid
570 3343 627 3399 ista
641 3343 782 3414 dicimus,
799 3341 914 3418 quaudo
928 3341 960 3395 in
974 3341 1120 3411 moribus,
1146 3339 1245 3412 operi-

218 3422 283 3494 bus,
298 3423 469 3561 casqbusque
482 3427 664 3502 geminorum
674 3429 799 3500 plurima
809 3425 1022 3501 plurimumque
1033 3423 1148 3480 diversa
1160 3439 1245 3478 mon-

219 3515 343 3563 emamus

621 3589 741 3646 CAP.
785 3589 842 3648 1v.

218 3665 261 3720 De
271 3668 347 3722 Esau
360 3677 387 3720 et
398 3669 476 3721 Iacob
483 3669 608 3738 geminis,
623 3672 735 3788 melqem
744 3670 818 3790 iether
827 3687 854 3724 ae
864 3687 967 3724 merum
977 3678 1005 3724 et
1014 3660 1151 3724 aetium
1160 3667 1246 3739 quali·

220 3759 224 3770 ι
614 3747 671 3790 tete
697 3755 783 3807 repara
801 3756 838 3792 ut.

285 3823 355 3882 Nati
375 3837 443 3884 sunt
462 3827 517 3884 duo
536 3828 646 3905 gemini
665 3830 785 3905 antique
801 3839 917 3908 patrum
935 3829 1075 3890 memoria
1092 3828 1139 3908 (ut
1151 3827 1186 3886 de
1199 3828 1246 3886 iu·
