2586 4396
252 195 310 253 DE
332 194 555 256 ClVlTATE
575 197 656 256 DEI
680 197 760 256 LlB.
782 199 854 260 XV.
1033 147 1071 266 l?

34 355 142 426 itaque
157 349 285 405 rationis
298 344 437 420 afferunt,
463 367 553 425 quare
569 361 648 408 terra
662 353 782 430 gravior
802 363 832 409 et
844 353 964 414 inferior
977 362 1072 418 locum

36 436 117 506 coeli
131 429 347 507 tranquillioris
358 434 500 489 invaserit
508 453 561 510 per
573 437 721 492 volumina
734 445 779 492 tot
789 455 943 511 annorum,
957 452 986 498 et
998 460 1071 519 aqna

34 521 136 576 levior
149 535 186 573 ae
199 518 331 591 superior
342 518 483 592 permissa
495 537 555 576 non
569 521 608 576 sit
619 517 674 576 boc
686 519 784 577 iacere
795 523 897 578 saltem
910 523 946 580 ad
959 533 1071 600 tempus

35 597 201 680 exiguum?

103 685 218 742 Dicunt
237 685 325 741 etiem
343 703 402 742 non
420 689 551 761 potuisse
570 707 672 763 capere
691 707 776 746 arcae
790 691 867 748 illios
882 693 1074 767 quantitatem

36 771 212 826 animalium
226 787 336 847 genera
349 780 408 826 tam
420 773 512 829 multa
525 773 556 830 in
570 782 693 848 utroque
706 791 794 846 sexu,
817 775 886 832 bina
900 773 935 831 de
948 777 1073 832 immon-

36 854 103 925 dis,
118 863 238 928 septena
253 852 288 910 de
300 854 424 910 mundis.
460 856 517 923 Qui
530 855 601 913 mihi
613 857 749 914 videntur
762 877 822 915 non
836 868 1002 934 computare
1014 859 1073 915 nisi

36 947 175 994 trecenta
194 937 293 994 cubita
311 939 520 1016 longitudinis,
547 950 577 996 et
592 942 754 998 latitudinis
775 945 989 1022 quinquaginta
1004 942 1071 1020 [tri-

33 1025 123 1101 ginta
138 1015 335 1099 altitudinis],
357 1041 412 1079 nea
425 1026 556 1101 cogitare
571 1026 650 1082 aliud
663 1036 775 1084 tanturn
790 1045 853 1082 esse
866 1027 899 1083 in
912 1029 1071 1104 superiori-

32 1107 106 1178 bus,
126 1107 258 1180 itemque
270 1105 350 1162 aliud
363 1116 478 1164 tanturn
490 1110 522 1164 in
536 1110 731 1183 superioribus
745 1112 945 1185 superiorum,
972 1129 1007 1167 ac
1020 1129 1072 1186 pes

32 1190 90 1248 boc
106 1200 154 1246 ter
170 1190 256 1246 ducta¹
274 1191 325 1245 illa
338 1191 519 1247 cubita-lieri
536 1202 688 1270 nongenta
707 1192 928 1272 [perlongum]
955 1205 1072 1252 centum

33 1276 253 1352 quinquaginta
267 1273 334 1350 [per
347 1276 453 1346 latum,
472 1277 633 1353 nonaginta
645 1295 697 1350 per
709 1273 821 1352 altumJ.
865 1277 899 1334 Si
912 1288 1010 1334 autem
1022 1296 1070 1334 co·

32 1361 166 1436 gitemus
180 1357 260 1434 quod
267 1357 407 1436 Origines
421 1377 481 1415 non
495 1361 679 1437 ineleganter
687 1360 845 1433 adstruxit,
857 1360 979 1438 Moysen
992 1363 1071 1417 seili-

31 1452 84 1498 cet
97 1441 251 1498 bominem
260 1441 318 1498 Dei
331 1443 493 1513 eruditum,
507 1445 584 1499 sicut
597 1445 737 1518 scriptum
752 1454 812 1516 est,
827 1447 905 1502 omni
919 1447 1071 1522 sapientis

30 1526 267 1603 Aegyptiorum,
294 1527 343 1602 qui
358 1525 572 1583 Geometricom
584 1527 766 1600 dilexerunt,
785 1531 961 1606 geometrica
976 1529 1071 1584 cubita

30 1609 207 1689 significare
220 1611 365 1685 potuisse,
379 1610 429 1674 ubi
443 1629 535 1668 unum
548 1620 686 1687 quantum
699 1631 752 1668 sex
765 1623 866 1669 nostra
877 1615 978 1670 valere
991 1631 1070 1668 esse-

30 1703 160 1766 verant;
189 1695 257 1769 quis
271 1713 331 1750 non
342 1694 441 1751 videat
454 1705 594 1769 quantum
610 1715 710 1753 rerum
723 1715 825 1772 capere
837 1699 933 1772 potuit
946 1699 997 1772 illa
1009 1713 1070 1751 ma-

29 1774 177 1856 gnitudol
198 1777 275 1833 Nam
286 1778 358 1834 illud
371 1779 448 1854 quod
461 1779 622 1854 disputant,
637 1789 735 1846 tantae
747 1781 959 1860 magnitudinis
974 1797 1070 1836 arcam

29 1883 92 1920 non
106 1863 245 1938 potuisse
261 1863 418 1941 compingi,
433 1865 612 1938 ineptissime
626 1867 850 1937 calumniantur,
865 1884 955 1941 quum
965 1865 1069 1932 sciant,

27 1949 194 2010 immensas
207 1947 294 2002 urbes
309 1945 401 2002 fuisse
414 1957 614 2020 constructas,
642 1968 696 2004 nec
710 1949 865 2007 attendunt
882 1959 997 2004 centum
1015 1952 1069 2003 an·

27 2051 83 2090 nos
97 2031 208 2106 quibus
222 2047 290 2086 arca
303 2030 354 2086 illa
366 2039 410 2086 est
428 2030 583 2088 fabricata:
610 2033 668 2088 nisi
682 2033 759 2088 forte
772 2035 845 2105 lapis
859 2031 949 2106 lapidi
962 2030 1069 2087 adhae-

27 2133 97 2172 rere
116 2123 219 2190 potest
232 2116 294 2170 sola
313 2115 393 2170 calce
412 2116 604 2186 coniunctus,
630 2125 663 2170 ut
674 2134 773 2171 murus
785 2135 837 2190 per
850 2124 895 2171 tot
907 2116 999 2170 millia
1011 2115 1069 2170 cir·

27 2207 223 2276 cumagatur,
243 2208 274 2254 et
286 2200 400 2276 lignum
413 2199 495 2275 ligno
510 2216 562 2271 per
576 2198 782 2270 subscudines,
801 2200 911 2273 epiros,
930 2199 1027 2254 clavos
1041 2205 1070 2252 ct

26 2287 137 2362 gluten
150 2281 302 2338 bituminis
316 2301 376 2339 non
388 2291 485 2356 potest
497 2281 665 2354 adhaerere,
677 2292 711 2339 ut
718 2281 910 2338 fabricaretur
916 2299 994 2352 arca,
1009 2299 1068 2337 noa

27 2368 150 2438 curvis,
166 2365 219 2422 sed
231 2368 320 2422 rectis
332 2367 419 2422 lincis
433 2367 521 2443 longe
534 2367 650 2442 lateque
661 2377 812 2441 porrecta,
831 2385 918 2441 quam
931 2367 1026 2422 nullus
1037 2366 1069 2420 in

26 2473 111 2512 mare
125 2453 229 2508 mittat
242 2460 363 2506 conatu
375 2449 541 2520 hominum,
569 2450 619 2504 sad
632 2453 709 2505 levet
721 2450 814 2520 unda,
841 2469 930 2524 quum
942 2451 1068 2518 venerit,

26 2538 161 2596 naturali
175 2533 279 2591 ordine
292 2533 469 2607 ponderum,
487 2534 639 2610 magisque
652 2532 752 2590 divina
764 2533 964 2606 providentia,
983 2549 1069 2606 quarn

25 2623 162 2680 bumana
179 2618 337 2692 prudentia
355 2625 504 2673 natantem
523 2617 681 2694 gubernet,
708 2635 746 2672 ne
758 2617 890 2672 incurrat
902 2616 1069 2688 ubicunque

25 2704 232 2782 naufragium.
626 2745 627 2750 ι

95 2786 184 2854 Quod
204 2795 301 2842 autem
324 2787 575 2861 scrupulosissime
598 2789 699 2862 quaeri
718 2789 793 2843 solet
810 2786 846 2842 de
865 2784 1069 2842 minutissimis

23 2874 182 2943 bestiolis,
207 2889 270 2927 non
293 2872 386 2926 solum
408 2873 506 2946 quales
530 2880 599 2928 sunt
617 2889 714 2927 mures
729 2881 758 2926 et
775 2871 942 2940 stelliones,
968 2885 1070 2925 verum

25 2963 122 3016 etiarn
137 2957 243 3031 quales
263 2956 407 3027 locustae,
435 2955 580 3027 scarabei,
608 2973 725 3011 muscae
749 2955 875 3032 denique
897 2963 927 3010 et
948 2953 1069 3028 pulices,

22 3055 131 3102 utrum
146 3059 211 3096 non
224 3040 372 3113 amplioris
386 3042 501 3119 numeri
518 3043 550 3096 in
563 3058 631 3096 arca
644 3042 694 3096 illa
711 3040 835 3112 suerint,
862 3057 948 3115 quam
961 3039 1012 3112 qui
1025 3046 1070 3092 est

23 3128 194 3195 definitus,
221 3141 310 3198 quum
330 3120 385 3178 boc
407 3125 564 3198 imperaret
587 3123 682 3180 Dens:
708 3127 788 3200 prius
806 3122 980 3180 admonendi
1002 3129 1071 3176 sunt

23 3231 100 3288 qnos
116 3209 197 3265 haec
212 3216 342 3278 movent,
355 3208 398 3262 sic
411 3207 609 3281 accipiendum
623 3227 688 3264 esse
702 3207 780 3282 quod
792 3207 902 3263 dictum
915 3215 970 3274 eat,
987 3203 1070 3272 Quae

21 3304 142 3374 repunt
157 3309 251 3370 super
265 3301 395 3364 terram
408 3299 441 3344 ut
453 3308 573 3346 necesse
587 3310 646 3348 non
661 3293 751 3348 fuerit
763 3291 933 3347 conservari
945 3291 977 3343 in
991 3303 1069 3355 arca,

22 3399 100 3456 quoe
116 3383 249 3453 possunt
261 3375 294 3430 in
306 3375 388 3450 aquis
400 3375 517 3444 vivere,
542 3394 602 3432 non
621 3378 716 3432 solum
728 3391 839 3442 mersa,
866 3375 942 3427 sicut
959 3371 1070 3444 pisces3

17 3483 132 3521 vernrn
148 3461 242 3516 etiam
256 3458 494 3532 supernatantia,
508 3459 585 3514 sieut
596 3461 703 3516 multae
717 3459 810 3513 alites.
854 3453 970 3510 Deinde
983 3465 1070 3524 quum

19 3551 158 3618 dicitur,
174 3541 329 3600 Masculus
342 3541 499 3612 atfcminc
513 3547 616 3599 erunt:
639 3541 770 3617 profecto
784 3539 961 3614 intelligitur
973 3533 1008 3589 ad
1022 3551 1069 3588 re-

17 3629 200 3708 parandum
224 3644 318 3704 genus
342 3623 413 3681 dici:
440 3643 474 3681 ao
491 3643 543 3698 per
560 3623 614 3682 hoc
632 3646 688 3683 nec
705 3625 756 3680 illo
774 3639 894 3679 necesse
914 3618 1011 3675 iuerat
1029 3615 1070 3671 ibi

18 3737 111 3786 esse,
143 3729 223 3787 quae
241 3718 365 3784 possunt
385 3709 450 3765 sine
469 3709 626 3767 concubitu
640 3711 675 3766 de
689 3708 850 3785 quibusque
863 3705 950 3761 rebus
963 3702 1011 3759 vel
1024 3718 1070 3756 rc-

17 3821 90 3858 runs
109 3793 354 3867 corruptionibus
367 3794 472 3856 nasci:¹
485 3794 534 3849 vel
546 3793 571 3848 si
583 3793 719 3863 fuerunt,
733 3793 807 3847 sicut
819 3791 850 3845 in
864 3787 993 3844 domibus
1008 3802 1071 3841 esse

19 3885 279 3947 consueverunt,
299 3877 368 3934 sine
388 3877 448 3934 ullo
468 3894 587 3937 nmncro
601 3877 721 3937 definito
735 3893 799 3933 esse
810 3874 956 3952 potuisse:
983 3879 1033 3928 aut
1046 3869 1070 3925 si
