2576 4396
237 217 298 272 eso
462 208 559 270 n1vr
578 203 765 266 ornatu
790 185 1040 262 svovsrru'r
1083 269 1087 277 Α

238 383 355 442 quoque
368 364 430 422 sive
443 361 579 420 cedentes
589 358 713 418 vanitati
728 357 878 431 errorique
890 356 1072 430 populorum,
1086 357 1162 427 sive,
1177 367 1212 414 ut
1224 362 1264 416 ait

237 450 408 526 Apostolus,
433 453 639 505 evanescentes
657 443 687 498 in
706 439 934 516 cogitationibus
961 441 1039 510 sais,
1066 441 1175 497 nrultos
1194 441 1264 499 deos

239 529 374 588 colendos
385 531 427 587 ita
438 535 627 604 putaverunt,
641 525 689 582 vel
701 524 799 598 putari
811 522 978 594 voluerunt,
991 532 1024 578 ut
1032 522 1152 598 quibam
1164 543 1265 582 eorum

241 616 329 670 etiam
345 612 532 670 daemonibus
552 609 666 666 divinos
684 604 810 662 honores
829 623 979 662 sacrorum
1004 614 1035 662 et
1051 607 1264 664 sacrificiorum

240 696 413 754 descrendos
427 713 491 752 esse
505 700 673 763 censerent,
699 689 803 764 quibus
821 690 880 744 iam
891 707 951 744 non
964 706 1053 762 parva
1066 707 1103 744 ex
1117 700 1202 763 parte
1217 710 1263 747 re-

241 779 423 856 spondimus:
438 795 517 834 nunc
529 773 684 834 videndum
698 792 732 829 ao
746 769 946 828 disserendum
960 780 1014 842 est,
1029 782 1170 847 quantum
1182 773 1263 830 Dens

241 864 346 934 donat,
359 861 536 918 immortales
549 877 583 914 ao
595 858 674 914 beati
686 857 718 912 in
732 855 902 912 coelestibus
917 853 1043 926 sedibus,
1058 855 1264 914 dominationi-

239 945 306 1016 bus,
319 943 541 1018 principatibus,
554 940 745 1016 potestatibus
761 939 922 1008 constituti,
937 955 1010 1012 quos
1023 939 1074 994 isti
1086 938 1169 1011 deos,
1183 949 1215 996 et
1229 957 1265 996 ex

241 1029 344 1102 quibus
359 1026 496 1102 qarosdam
508 1027 556 1082 vel
567 1025 658 1080 bonos
672 1023 837 1100 daemones,
850 1021 897 1078 vel
911 1021 1062 1078 nobiseum
1073 1025 1193 1100 angelos
1209 1043 1264 1080 no·

239 1112 370 1180 minant,
394 1108 536 1185 quomodo
550 1106 687 1164 orationali
699 1107 760 1163 sint
772 1107 847 1162 velle
860 1123 878 1160 a
890 1103 973 1160 nobis
985 1105 1159 1181 religionem
1171 1107 1264 1181 pieta-

240 1203 357 1268 temque
368 1194 494 1264 servari3
519 1189 574 1247 hoo
588 1200 644 1262 est,
670 1199 703 1248 ut
714 1191 843 1266 apertius
858 1187 961 1260 dicam,
987 1196 1085 1244 utrum
1097 1190 1185 1246 etiam
1198 1191 1264 1258 sibi,

241 1295 279 1333 an
292 1285 407 1333 tantum
419 1275 483 1333 Deo
497 1293 562 1346 suo,
588 1275 639 1350 qui
653 1275 740 1330 etiam
753 1283 854 1330 noster
868 1279 928 1343 est,
953 1271 1066 1345 placeat
1079 1271 1120 1327 eis
1135 1282 1169 1328 ut
1180 1291 1265 1328 secra

241 1360 382 1416 faciamus
400 1368 431 1416 et
448 1357 660 1430 sacrificemus,
686 1359 734 1415 rel
745 1359 844 1432 aliqua
856 1363 957 1412 nostra
970 1371 1023 1412 seu
1036 1369 1090 1412 uos
1104 1357 1182 1428 ipsos
1193 1358 1264 1412 reli-

241 1445 338 1522 gionis
352 1443 457 1500 ritibus
471 1460 685 1500 consecremus.

303 1525 361 1582 Hic
373 1535 418 1583 est
428 1527 506 1584 enim
512 1525 670 1596 divinitati,
680 1525 727 1580 vel
733 1523 759 1578 si
769 1523 936 1595 expressius
944 1521 1097 1578 beandum
1103 1531 1158 1593 est,
1166 1522 1266 1580 deitati

242 1609 356 1665 debitus
369 1611 475 1679 cultus,
488 1618 607 1683 propter
617 1626 702 1683 quem
714 1624 774 1661 ano
784 1605 872 1662 rerba
884 1604 1118 1683 significandum,
1130 1609 1265 1682 quoniam

241 1691 313 1748 mihi
332 1693 402 1748 satis
420 1692 557 1748 idoneum
569 1709 629 1749 nou
643 1689 771 1746 occurrit
782 1687 934 1759 Latinum,
959 1687 1071 1745 Graeco
1085 1689 1135 1744 ubi
1148 1709 1265 1746 neeesse

242 1775 313 1832 mihi
324 1784 369 1831 est
379 1777 497 1833 insinuo
509 1775 577 1850 quid
591 1775 677 1831 velim
687 1773 792 1828 dicere.
805 1767 957 1851 Λατρείαν
966 1773 1069 1846 quippe
1082 1776 1188 1844 nostri,
1202 1775 1264 1830 ubi-

243 1878 359 1934 cunque
373 1869 540 1915 sanctarum
549 1857 767 1932 scripturarum
778 1857 907 1930 positum
919 1863 979 1926 est,
1002 1857 1187 1930 interpretati
1197 1868 1265 1914 sunt

243 1945 423 1999 servitutem.
438 1940 497 1998 Sed
508 1959 543 1998 ea
553 1942 691 2012 servitus,
699 1956 773 2015 quae
787 1937 908 1996 debetur
920 1936 1094 2010 hominibus,
1108 1940 1265 1997 secundum

244 2043 329 2100 qnam
344 2027 487 2101 praecipit
500 2023 672 2098 Apostolus,
700 2040 801 2079 servos
825 2021 949 2098 dominis
969 2023 1030 2078 suis
1053 2021 1185 2080 subditos
1206 2043 1266 2079 esse

244 2109 366 2180 debere,
385 2110 442 2164 alio
457 2109 576 2164 nomine
590 2107 702 2164 Graece
715 2106 880 2180 nuncupari
893 2105 980 2162 solet:
1007 2098 1127 2180 λατρεία
1138 2125 1208 2163 vero
1222 2126 1266 2163 se-

244 2191 370 2250 cundam
384 2191 624 2248 consuetudinem
637 2209 694 2266 qua
706 2191 796 2246 locuti
808 2198 878 2246 sunt
891 2189 942 2264 qui
951 2188 1035 2246 nobis
1045 2187 1145 2246 <lirina
1154 2193 1268 2266 eloquia

244 2274 452 2346 condiderunt,
478 2284 529 2330 aut
541 2291 669 2348 semper,
696 2281 746 2330 aut
758 2281 817 2328 tam
829 2272 998 2347 frequenter
1011 2281 1045 2328 ut
1055 2291 1131 2347 pene
1144 2291 1266 2349 semper,

245 2378 279 2415 ea
293 2357 401 2412 (licitur
414 2357 550 2429 servitus,
572 2375 646 2432 quae
658 2357 786 2430 pertinet
798 2355 834 2412 ad
848 2347 1000 2413 colendum
1010 2354 1115 2412 Deum.
1141 2355 1266 2414 Proinde

244 2445 270 2498 si
283 2439 482 2497 tantummodo
496 2431 668 2516 cultusipse
681 2439 804 2510 dicamr,
818 2457 877 2496 non
891 2439 948 2494 soli
958 2437 1022 2494 Dea
1034 2437 1134 2494 deberi
1143 2439 1266 2498 videtur.

243 2525 379 2582 Dicimur
393 2523 472 2581 enim
485 2525 580 2580 colere
595 2525 682 2580 etiam
695 2520 837 2594 homines,
852 2540 923 2597 quos
935 2519 1095 2578 honorifica
1108 2525 1157 2578 vol
1169 2542 1267 2580 recor·

244 2609 361 2666 datione
374 2609 421 2664 vel
433 2609 600 2682 praesentia
612 2607 840 2682 frequentamus.
866 2604 928 2662 Nee
942 2606 1035 2660 solum
1048 2623 1082 2660 ea
1095 2605 1200 2680 quibus
1216 2627 1267 2664 nos

243 2693 385 2770 religiosa
396 2689 558 2748 humilitate
572 2691 757 2760 subiicirnus,
783 2689 835 2744 sed
854 2688 994 2763 quaedam
1013 2689 1099 2744 etiam
1112 2706 1185 2763 quae
1198 2693 1266 2748 sub-

243 2778 321 2832 iecta
334 2783 403 2830 sunt
414 2773 508 2845 nobis,
524 2775 580 2832 ooli
592 2771 788 2848 perhibentur.
812 2770 887 2828 Nam
901 2790 938 2828 ex
952 2769 1007 2828 hoe
1018 2771 1107 2828 verbo
1122 2775 1268 2848 agricolae

245 2867 275 2913 et
287 2857 383 2913 coloni
396 2865 425 2910 et
437 2858 550 2912 incolae
563 2865 718 2913 vocantur:
738 2864 767 2911 et
779 2856 858 2930 ipsos
874 2853 942 2910 deos
956 2873 1017 2912 aon
1030 2853 1065 2910 ob
1079 2855 1157 2910 aliutl
1170 2859 1267 2931 appel-

244 2941 310 2996 lant
322 2939 486 3009 coelicolas,
500 2940 557 2994 nisi
570 2937 647 3014 quod
656 2939 767 2994 eoelum
780 2941 893 3010 colant3
907 2957 966 2995 non
977 2939 1078 3013 utique
1089 2939 1268 3012 venerando,

247 3022 298 3078 sed
311 3019 513 3094 inhabitand03
526 3030 664 3097 tanquam
675 3023 749 3080 coeli
759 3021 898 3096 quosdam
912 3023 1043 3078 colonos:
1056 3039 1117 3078 non
1127 3023 1205 3079 sicut
1218 3042 1267 3098 ap-

246 3103 396 3180 pellantur
411 3105 522 3174 ooloni,
549 3107 598 3180 qui
612 3104 807 3162 conditionem
821 3103 926 3160 debent
936 3105 1061 3182 genitali
1073 3106 1135 3160 solo
1147 3117 1268 3180 propter

248 3187 456 3266 agriculturam
469 3188 521 3244 sub
536 3186 651 3244 domino
665 3201 877 3264 possessorum,
903 3187 971 3260 sed,
997 3189 1072 3245 siout
1090 3189 1132 3244 ait
1150 3189 1267 3264 quidam

246 3270 346 3327 Latini
359 3271 468 3345 eloquii
481 3289 604 3348 magnus
618 3281 728 3330 auctor.

330 3351 403 3410 Vrbs
417 3355 535 3428 antiqua
548 3354 614 3424 fuit,
629 3353 714 3429 Tyrii
727 3363 848 3410 tenuero
862 3354 966 3410 coloni.

246 3437 289 3494 Ab
302 3436 458 3493 incolendo
471 3438 549 3494 enim
563 3439 680 3492 colonos
693 3437 827 3507 vocavit,
853 3454 914 3492 non
928 3437 962 3492 ab
976 3437 1165 3514 agricultura.
1191 3435 1270 3496 Hinc

248 3529 278 3576 et
291 3521 423 3577 civitates
437 3538 454 3576 a
467 3520 623 3576 maioribus
635 3517 801 3575 civitatibus
812 3519 892 3575 velut
904 3521 1074 3594 populorum
1087 3522 1269 3578 examinibus

249 3603 393 3676 conditae,
409 3604 540 3659 coloniae
554 3609 768 3675 nuncupantur.
781 3601 822 3658 Ao
834 3617 886 3675 por
897 3599 952 3658 hoc
966 3604 1074 3658 cultum
1083 3602 1201 3677 quidem
1211 3624 1270 3664 non

247 3685 343 3741 deberi
363 3686 419 3741 nisi
431 3683 512 3757 Deo,
538 3686 654 3760 propria
671 3682 792 3758 quadam
808 3685 930 3740 notione
945 3685 1028 3742 verbi
1045 3683 1130 3742 huius
1150 3691 1270 3746 omnino

247 3767 432 3824 verissimum
445 3777 501 3824 est:
530 3767 580 3823 sed
592 3767 660 3841 quio
673 3774 702 3822 et
713 3767 835 3823 aliarum
845 3785 945 3823 rerum
958 3767 1065 3824 dicitur
1078 3769 1192 3842 custus,
1207 3770 1270 3830 idea

247 3849 352 3906 Latine
364 3869 423 3908 nno
437 3849 525 3906 verbo
539 3849 699 3926 significari
715 3851 806 3906 cultus
821 3847 885 3906 Deo
899 3849 1013 3908 debitus
1026 3869 1086 3908 noa
1100 3860 1208 3926 potest.
