2602 4416
120 191 122 196 ’
224 195 244 248 2

223 341 254 395 in
274 337 429 394 duodecim
447 337 664 412 posterioribus
686 335 898 416 redarguamus
918 337 1050 394 adversa.
1094 338 1279 396 Duodecim

223 439 295 500 ergo
313 421 457 477 librorum
477 420 665 498 sequentium
685 420 775 492 primi
801 429 930 496 quatuor
949 423 1105 478 continent
1125 432 1279 478 exortum

223 504 349 562 duarum
362 502 539 575 civitatum,
561 518 686 576 quarum
705 509 751 556 est
769 519 830 558 una
843 501 918 575 Dei,
940 504 1033 559 altera
1046 502 1135 560 huius
1148 504 1278 560 mundi.

224 586 357 646 Secundi
389 596 516 664 quatuor
542 601 702 640 excursum
716 601 815 640 earum
845 587 908 642 sive
933 603 1119 660 procursum.
1166 586 1279 644 Tertii

224 690 295 728 vcro
330 673 380 746 qui
404 678 434 724 et
453 667 614 742 postremi,
642 663 757 723 debitos
775 667 860 724 fines.
909 667 954 726 lta
974 687 1075 725 omnes
1096 670 1213 746 viginti
1243 681 1278 726 ct

224 754 283 811 duo
301 754 383 824 libri,
408 770 476 806 cum
494 753 556 806 sint
583 747 619 806 de
642 758 768 827 utraque
788 749 916 808 Ciuitate
936 753 1113 826 conscripti,
1140 753 1277 808 titulum

223 849 351 893 tamena
368 835 490 890 meliore
506 841 701 906 acceperunt,
727 842 762 890 ut
775 833 810 890 de
823 831 954 893 civitate
972 833 1034 891 Dei
1051 836 1151 908 potius
1171 853 1274 891 voca-

224 927 337 974 rentur.
381 915 415 974 ln
445 934 573 991 quorum
597 913 711 972 decimo
730 916 806 973 libro
833 934 894 973 non
921 916 1023 976 debuit
1040 935 1094 992 pro
1116 917 1274 974 miraculo

222 1001 294 1074 poni
307 999 340 1056 in
352 997 487 1056 Abrahae
513 997 664 1055 sacrificio
689 996 835 1056 flammam
855 1001 979 1056 caelitus
994 1000 1102 1056 iactam
1115 1001 1199 1055 inter
1220 999 1273 1055 di-

221 1087 301 1139 visas
321 1083 457 1139 victimas
479 1082 663 1139 cucurrisse:
697 1083 839 1157 quoniam
856 1079 913 1139 hoc
929 1085 977 1139 illi
989 1084 1021 1139 in
1040 1083 1158 1140 visione
1177 1102 1272 1138 mon-

224 1174 352 1222 stratum
365 1175 419 1222 cst.
464 1164 498 1221 ln
512 1163 626 1221 decimo
639 1167 765 1238 septimo
779 1165 854 1222 libro
869 1163 949 1240 quod
962 1163 1074 1223 dictum
1088 1175 1134 1223 est
1152 1165 1190 1221 dc
1208 1164 1270 1222 Sa-

221 1250 334 1322 muele,
361 1245 425 1308 Non
444 1258 512 1306 erat
526 1248 562 1306 de
568 1246 649 1319 filiis
663 1245 783 1304 Aaron:
810 1247 969 1306 dicendum
980 1251 1080 1323 potius
1101 1249 1174 1320 fuit,
1195 1247 1270 1305 Non

224 1342 288 1390 erat
315 1331 395 1390 filius
422 1329 593 1388 sacerdotis.
643 1327 736 1387 Filios
764 1331 873 1406 quippe
897 1331 1085 1388 sacerdotum
1111 1331 1269 1387 defunctis

223 1415 425 1472 sacerdotibus
452 1413 627 1483 succedere,
654 1414 750 1490 magis
766 1415 894 1492 legitimi
912 1416 1004 1472 moris
1022 1415 1090 1472 fuit.
1134 1413 1212 1470 Nam
1233 1415 1267 1467 in

222 1497 292 1553 filiis
308 1497 410 1553 Aaron
428 1497 577 1570 reperitur
592 1503 678 1568 pater
697 1493 862 1570 Samuelis,
890 1498 943 1554 scd
961 1496 1099 1554 sacerdos
1112 1514 1175 1553 non
1188 1495 1267 1565 fuit3

222 1599 278 1636 nec
292 1581 335 1635 ita
348 1580 381 1635 in
395 1578 480 1651 filiis,
501 1588 537 1635 ut
550 1597 617 1634 eum
631 1579 695 1652 ipse
709 1581 851 1657 genuerit
862 1579 981 1651 Aaron3
999 1577 1052 1634 sed
1066 1579 1146 1633 sicut
1159 1595 1266 1631 omncs

224 1663 305 1718 illius
319 1663 422 1736 populi
435 1660 577 1718 dicuntur
597 1659 653 1717 filii
671 1660 772 1718 lsradl.
817 1661 884 1719 Hoc
899 1677 973 1736 opus
988 1661 1032 1716 sic
1047 1659 1169 1732 incipit:
1189 1655 1264 1712 Glo-

222 1747 418 1802 riosieoe'mem
432 1745 584 1802 civitatem
600 1741 677 1817 Dei,
706 1752 763 1802 etc.
