2576 4396
274 173 337 258 nn
362 199 581 260 crvrrsun
603 201 681 260 nar
702 203 783 262 nra.
804 205 845 264 x.
981 169 983 173 ’
1009 215 1071 270 ιιι

40 375 101 416 non
115 373 182 412 esse
195 350 233 412 ad
245 353 493 410 immortalitatem
504 354 771 432 beatitudinemque
789 359 980 432 perducendis
993 381 1071 421 mor·
1170 407 1175 418 .

41 441 149 499 talibus
165 437 304 507 miseris,
329 437 462 512 aquibus
481 448 607 514 unaque
625 437 789 497 differentia
807 455 988 518 separantur.
1016 449 1073 514 Qui

39 533 140 582 autern
151 520 245 580 medii
257 528 330 577 suut
341 539 523 578 communem
534 521 667 579 habendo
681 524 930 583 immortalitatem
944 547 1010 585 cum
1022 547 1072 586 su-

39 607 220 684 perioribus,
233 605 382 662 miseriam
391 623 457 662 cum
467 605 666 679 inferioribus,
680 610 818 682 quoniam
827 612 933 666 merito
946 613 1073 668 malitiae

40 702 110 749 sunt
129 689 248 760 miseri,
273 688 483 745 beatitudiuem
503 707 589 764 quom
608 710 668 748 non
686 689 808 765 hahent,
832 693 966 751 invidere
988 695 1073 752 uobis

40 783 163 853 possunt
176 773 279 850 potius
293 789 380 847 quarn
392 773 540 848 praehere.
558 772 641 830 Vnde
654 773 727 832 nihil
739 773 847 834 habent
857 780 944 834 amici
957 777 1072 836 (ἰιιιιιι-

42 879 109 916 nnm
119 857 202 934 quod
213 856 299 914 nohis
314 853 432 934 dignum
445 853 580 930 all'erant,
595 877 703 916 eureos
713 867 854 936 tauquam
864 862 1014 919 adiutores
1025 879 1073 918 oo-

42 945 97 1000 lcre
111 942 290 1011 debeamus,
315 957 387 1014 quos
398 942 497 1018 potius
511 940 681 1016 deceptores
696 945 806 1000 evitare
820 945 966 1002 debemus.
993 947 1073 1014 Quos

41 1038 137 1084 autem
148 1027 263 1095 bonos,
278 1033 309 1079 et
320 1021 386 1080 ideo
398 1043 461 1081 nou
474 1027 569 1082 solum
581 1028 775 1099 immensius,
789 1047 891 1085 verum
904 1032 993 1086 etiam
1004 1031 1073 1086 bea-

40 1120 82 1170 tos
102 1111 230 1168 deorum
249 1109 368 1164 nomine
388 1109 480 1164 sacris
498 1117 528 1165 et
547 1109 700 1166 sacrifieiis
719 1121 840 1186 propter
856 1115 947 1170 vitam
960 1113 1075 1170 beatam

42 1201 249 1269 postmortem
267 1191 484 1265 adipiscendam
502 1193 639 1249 colendos
653 1202 772 1267 putant,
802 1196 1019 1272 qualescunque
1031 1197 1076 1251 illi

43 1281 110 1352 siut,
124 1287 155 1334 et
168 1275 303 1354 quolibet
314 1275 457 1333 vocabulo
470 1275 554 1353 digni
567 1278 642 1346 sint,
661 1295 722 1332 non
736 1295 787 1332 eos
799 1280 877 1334 velle
889 1297 941 1353 per
955 1281 1014 1334 tale
1027 1297 1075 1333 re-

43 1364 161 1440 ligionis
175 1361 351 1434 obsequium
363 1361 422 1416 uisi
434 1377 526 1416 unum
537 1358 636 1415 Deum
648 1360 717 1432 coli,
743 1379 761 1417 a
773 1379 830 1436 quo
844 1363 937 1417 creati
951 1371 981 1418 et
993 1363 1076 1417 cuins

42 1446 268 1520 participatione
282 1443 360 1500 beati
373 1452 454 1515 suut,
468 1443 625 1524 adiurante
637 1444 714 1519 ipso,
727 1445 759 1502 iu
772 1446 908 1521 sequenti
921 1444 996 1502 libro
1010 1443 1076 1500 dili·

42 1531 160 1608 gentius
174 1527 361 1585 disseremus.

270 1713 487 1824 nunna
526 1750 863 1828 nucumve.

420 1883 633 1946 cvaT
676 1887 699 1946 l.

48 1983 140 2037 Veram
150 1982 349 2037 beatitudinem
359 1981 413 2034 alae
423 1984 536 2054 angelis,
547 1984 601 2037 sice
611 1984 769 2050 hominibus,
776 2003 828 2055 per
838 2003 920 2040 unum
929 1983 1019 2036 Deum
1029 1986 1077 2037 tsi·

43 2055 92 2119 lai,
102 2055 188 2108 etiam
198 2051 355 2106 Platonicos
367 2051 504 2122 definisse.-
514 2055 560 2105 sed
569 2063 662 2106 atrum
672 2053 709 2117 li,
724 2073 787 2124 quus
797 2055 828 2107 ob
839 2056 887 2107 hoc
898 2055 985 2122 ipsum
995 2057 1079 2106 colea-

113 2127 161 2177 dns
169 2131 284 2194 putant,
294 2121 345 2174 ani
355 2129 461 2175 tautam
471 2121 538 2187 Deo,
549 2139 585 2176 aa
595 2123 677 2176 etiam
687 2125 739 2176 sios·
748 2124 901 2196 sacrficari
911 2125 1001 2196 uelint,

321 2216 325 2222 ·
433 2209 487 2245 etse
500 2193 688 2263 quaerendum.

43 2264 195 2350 Omnium
208 2290 290 2340 certa
301 2284 450 2340 sententie
461 2294 517 2357 est,
531 2285 582 2362 qui
594 2286 710 2342 rationo
722 2301 839 2361 quoquo
852 2283 937 2342 modo
953 2283 999 2340 uti
1010 2301 1078 2360 pos-

44 2380 118 2442 sunt,
146 2369 253 2425 heatos
273 2384 340 2423 esse
361 2383 462 2424 omues
478 2367 613 2426 homines
626 2371 711 2426 velle.
738 2369 1005 2439 uolumenum,
1030 2369 1079 2424 vel

43 2455 115 2511 unde
127 2453 217 2523 fiant,
232 2449 301 2506 dum
313 2451 482 2508 mortalium
495 2453 611 2527 quaerit
622 2451 795 2523 infirmitas,
814 2453 924 2508 multae
937 2469 1077 2528 magnae-

44 2557 94 2612 que
106 2531 332 2595 oontrorersise
345 2535 510 2591 concitatae
523 2543 606 2606 sunt3
620 2536 652 2591 in
664 2535 766 2610 quibua
774 2533 938 2610 philosophi
951 2552 1003 2588 sua
1016 2544 1078 2588 stu·

44 2621 88 2678 dia
99 2631 130 2678 et
142 2621 208 2676 otia
222 2618 442 2690 eontrirerunt3
456 2635 527 2693 quas
540 2619 572 2674 in
585 2615 713 2672 medium
722 2615 866 2672 adducere
879 2626 966 2692 utque
979 2615 1077 2670 discu-

43 2715 118 2778 tere,
145 2713 178 2760 et
196 2704 320 2780 longum
333 2710 394 2774 est,
422 2710 452 2757 et
464 2719 526 2758 non
540 2701 748 2757 necessarium.
774 2697 809 2758 Si
822 2699 900 2758 enirn
912 2699 1017 2756 recolit
1030 2701 1079 2773 qni

44 2786 113 2845 haee
122 2789 217 2866 legit,
246 2785 316 2862 qnid
329 2787 360 2841 in
374 2785 450 2842 lrhro
464 2785 612 2865 egerimus
626 2793 730 2842 octavo
744 2785 775 2842 in
790 2783 934 2864 eligendis
947 2780 1077 2858 philoso-

44 2871 121 2945 phis,
146 2871 198 2948 qui
212 2868 317 2945 quibus
330 2868 402 2926 haec
415 2869 452 2928 de
464 2870 551 2927 beata
564 2871 643 2942 vita,
667 2887 741 2946 quac
758 2878 826 2946 post
842 2877 966 2926 mortem
978 2867 1078 2924 lutura

45 2965 98 3027 est,
113 2955 249 3030 quaestio
262 2961 451 3026 tractaretur,
464 2963 563 3012 utrum
573 2953 609 3010 ad
622 2971 686 3011 eam
695 2953 817 3012 uuilleo
830 2971 913 3026 vero,
927 2953 977 3030 qui
991 2952 1079 3008 etiam

46 3050 88 3096 est
100 3039 223 3097 deorum
237 3034 376 3109 effector,
395 3056 433 3094 au
446 3039 578 3114 plurimis
593 3037 649 3094 diis
661 3039 807 3118 religione
821 3041 970 3116 sacrisque
984 3035 1078 3092 servi·

45 3124 132 3198 eudo,
151 3121 315 3200 pervenire
327 3121 487 3196 possimus3
513 3139 575 3179 non
588 3123 677 3178 ctiam
688 3119 737 3178 hic
751 3123 850 3180 eadem
863 3123 959 3198 repeti
973 3137 1078 3196 exspe-

45 3219 115 3280 ctat,
129 3205 311 3285 pracsertim
324 3223 390 3261 cum
402 3207 496 3280 possit
506 3205 678 3284 relegendo,
699 3207 725 3261 si
738 3206 814 3263 forte
828 3207 936 3264 oblitus
950 3215 1006 3276 cst,
1026 3201 1077 3259 ad·

45 3293 211 3350 miniculori
224 3289 405 3345 memoriam.
435 3287 587 3368 Elegimus
602 3291 680 3345 enim
691 3287 857 3346 Platonicos
872 3291 1001 3346 omnium
1013 3283 1077 3362 phi-

45 3375 235 3452 losophorum
247 3373 354 3429 merito
367 3371 577 3429 nobilissimos:
602 3381 775 3448 propterea,
800 3373 868 3448 quia
886 3373 963 3428 sicut
976 3387 1079 3443 sapere

43 3467 221 3534 potuerunt,
247 3457 320 3512 licet
336 3457 529 3512 immortalem
547 3473 581 3512 ac
599 3455 775 3518 rationalem
786 3455 834 3512 vel
852 3453 1080 3509 intellectualem

7 3561 8 3566 ¹
43 3542 167 3602 hominis
183 3542 329 3611 samam,
355 3541 602 3614 nisipartieipato
620 3541 731 3595 lumine
746 3537 826 3592 illius
840 3535 912 3606 Dei,
938 3554 956 3590 ι
974 3551 1031 3610 quo
1050 3543 1080 3590 et

43 3630 101 3704 ipsa
114 3639 145 3686 et
156 3623 291 3685 muudus
305 3621 398 3680 luctus
412 3631 468 3694 est,
481 3623 595 3680 beatam
608 3641 673 3680 esse
685 3639 744 3678 non
756 3637 855 3696 posse:
869 3619 911 3674 ita
922 3615 995 3673 illud
1004 3616 1079 3694 quod

42 3731 140 3771 omnes
154 3709 295 3768 homiues
309 3715 460 3782 appetunt,
474 3705 573 3777 idest,
587 3708 678 3764 vitam
691 3705 823 3776 beatam,
844 3719 1017 3779 quemqnam
1029 3701 1081 3757 isti

43 3807 251 3856 assecuturum
264 3799 388 3870 negant,
410 3792 460 3865 qui
474 3808 533 3846 uon
546 3789 589 3845 illi
602 3791 654 3846 nni
668 3789 787 3863 optimo,
799 3787 849 3865 qui
863 3793 907 3842 est
919 3787 1088 3843 incommu-¹

43 3881 137 3940 labilis
149 3879 257 3948 Deus,
285 3873 414 3949 puritate
433 3874 506 3930 casti
525 3873 631 3932 umoris
645 3871 818 3929 adhaeserit.
858 3867 917 3927 Sed
937 3871 1006 3947 quia
1023 3869 1080 3944 ipsi
