2576 4396
197 237 285 320 Ι272
451 221 551 284 DlVl
577 217 765 280 AVRELll
785 213 1039 276 AVGVSTlNl

225 387 321 444 Deum
334 381 474 450 dicimus,
502 379 544 434 sic
557 394 575 432 a
587 373 712 430 Platone
729 369 894 447 praedicari
911 377 1078 439 asseverat,
1105 367 1183 442 qnod
1201 369 1268 444 ipse

227 471 267 525 sit
279 469 358 524 solus
371 464 423 540 qui
436 481 496 519 non
509 459 603 536 possit
614 456 738 532 penuria
750 453 892 510 sermonis
904 449 1024 507 huniani
1035 453 1138 525 quavis
1152 453 1268 507 oratio-

225 569 265 608 ne
276 551 324 607 vel
337 545 450 604 modica
464 539 687 617 comprehendl;
713 539 765 595 vix
778 546 875 592 autem
889 534 1069 609 sapientibus
1081 535 1173 605 viris,
1199 553 1270 592 cum

226 647 258 689 se
271 633 375 708 vigore
389 629 491 698 animi,
506 633 647 700 qnantum
661 622 762 692 licuit,
777 636 928 692 acorpore
941 618 1133 686 removerint,
1146 617 1270 672 intelle-

226 725 305 771 ctum
318 713 406 768 huius
420 710 489 780 Dei,
503 718 533 764 et
543 707 573 763 id
587 723 701 782 qnoque
713 702 861 759 interdum
873 702 999 757 velutin
1013 701 1165 755 altissimis
1179 709 1270 754 tenc-

226 798 287 853 bris
300 794 485 870 rapidissimo
500 789 702 847 coruscamine
716 789 814 842 lumen
829 783 984 840 candidum
999 783 1198 838 intermicare.
1235 781 1272 838 Si

228 898 300 956 ergo
315 895 404 950 supra
418 875 516 930 omnia
528 881 599 930 vere
612 887 742 926 summus
756 867 838 924 Deus
849 866 1030 943 intelligibili
1042 863 1167 939 quadam
1180 883 1270 940 prae-

228 961 341 1031 sentia,
368 960 425 1014 etsi
438 955 601 1026 interdum,
628 954 685 1009 etsi
702 961 840 1025 tanquam
858 948 1042 1023 rapidissimo
1063 948 1272 1003 coruscamine

227 1045 327 1099 lumen
339 1039 495 1098 candidum
507 1037 708 1106 intermicans,
722 1033 805 1089 adast
813 1043 912 1088 tamen
922 1031 1096 1106 sapientium
1106 1031 1272 1102 mentibus,

230 1145 296 1181 cum
308 1143 341 1180 se
355 1131 495 1198 quantum
508 1123 607 1190 licuit,
634 1136 651 1173 a
665 1133 788 1191 corpore
801 1115 992 1184 removerint,
1018 1131 1074 1169 nec
1087 1113 1122 1168 ab
1137 1113 1181 1167 eis
1196 1131 1273 1169 con-

230 1208 369 1262 taminari
385 1213 500 1279 potest3
527 1203 597 1278 quid
610 1210 655 1257 est
668 1199 745 1276 quod
758 1199 809 1253 isti
822 1197 863 1252 dii
881 1205 1034 1271 propterea
1046 1197 1274 1252 constituuntur

227 1293 318 1368 longe
330 1291 363 1344 in
381 1289 499 1344 sublimi
518 1289 600 1356 loco,
627 1303 666 1339 no
690 1281 925 1360 contrectatione
950 1279 1190 1334 contaminentur
1212 1276 1274 1334 hu-

230 1369 335 1429 manal
361 1371 451 1438 Quasi
465 1388 534 1426 vero
547 1367 628 1424 aliud
642 1383 765 1440 corpora
776 1365 827 1419 illa
838 1361 968 1418 aetheria
977 1379 1064 1436 quam
1075 1361 1175 1418 videre
1187 1361 1274 1417 suffi-

230 1457 303 1527 ciat,
330 1472 456 1530 quorum
468 1454 534 1508 luca
546 1461 642 1521 terra,
658 1456 805 1529 *quantum
818 1443 941 1517 suflicit,
955 1445 1137 1500 illustratum·
1174 1443 1273 1500 Porro

229 1541 256 1594 si
268 1557 329 1594 non
342 1537 581 1592 contaminantur
594 1532 710 1602 sidera,
737 1547 804 1586 cum
815 1528 971 1600 videntur,
997 1545 1069 1603 quos
1083 1526 1152 1582 deos
1165 1545 1272 1583 omnes

231 1703 362 1778 quamvis
376 1700 411 1756 de
423 1701 556 1774 proximo
569 1697 735 1756 videantur.
760 1694 897 1752 Auferte
910 1694 1030 1751 vocibus
1044 1692 1180 1749 humanis
1195 1711 1270 1750 con-

230 1787 461 1854 taminarentur,
489 1783 540 1857 qui
558 1782 621 1838 acie
634 1799 695 1836 non
710 1779 950 1835 contaminantur
964 1778 1131 1850 oculorum3
1158 1785 1189 1832 et
1202 1776 1272 1832 ideo

232 1867 388 1923 daemones
401 1865 513 1922 medios
526 1863 645 1935 habent,
659 1881 711 1938 per
725 1879 796 1937 quos
811 1863 853 1916 eis
865 1879 952 1917 voces
963 1859 1114 1916 hominum
1127 1862 1271 1916 nuntien-

229 1961 295 2020 tur,
309 1967 327 2004 a
340 1949 446 2024 quibus
459 1949 549 2025 longe
561 1948 678 2017 absunt,
692 1955 726 2002 ut
738 1944 1047 2000 incontaminatissimi
1059 1939 1272 2016 perseveranti

231 2032 309 2098 Quid
332 2033 391 2088 iam
413 2030 449 2086 de
473 2031 597 2086 caeteris
621 2029 756 2086 sensibus
781 2023 893 2083 dicam‘l
929 2025 997 2084 Non
1011 2027 1090 2082 enim
1104 2026 1274 2082 olfaciendo

231 2115 427 2171 contaminari
439 2116 488 2170 vel
501 2113 542 2169 dii
553 2122 689 2188 possent,
718 2113 744 2167 si
757 2111 911 2182 adessent,
937 2111 986 2166 vel
1000 2127 1066 2165 eum
1079 2107 1188 2165 adsunt
1201 2109 1274 2164 dae-

232 2216 350 2270 mones,
376 2205 500 2272 possunt
511 2199 648 2254 virorum
666 2213 821 2269 corporum
835 2193 989 2268 vaporibus
1003 2191 1216 2262 humanorum,
1248 2194 1275 2248 si

232 2282 324 2336 tantis
340 2279 553 2336 sacrificiorum
566 2279 750 2334 cadaverinis
770 2295 831 2332 non
850 2277 1087 2332 contaminantur
1107 2274 1273 2332 nidoribus.

232 2361 266 2418 ln
288 2361 429 2438 gustandi
441 2371 541 2417 autem
554 2379 673 2416 sensum
685 2361 767 2416 nulla
776 2360 953 2414 necessitate
963 2351 1148 2432 recipiendae
1158 2369 1275 2414 morta-

233 2447 326 2500 litatis
350 2453 509 2522 urgentur,
536 2454 569 2500 ut
582 2443 658 2499 lame
671 2442 767 2498 adacti
786 2442 865 2498 cibos
889 2443 924 2520 ab
937 2440 1103 2497 hominibus
1118 2451 1274 2516 quaerant.

233 2525 342 2584 Tactus
357 2546 428 2584 vero
443 2529 474 2582 in
487 2536 631 2601 potestate
644 2535 697 2581 est,
712 2525 787 2582 Nam
800 2527 872 2580 lieet
884 2525 919 2580 ab
934 2543 968 2579 eo
982 2526 1167 2597 potissimum
1181 2543 1275 2582 sensu

233 2612 426 2666 contrectatio
441 2609 519 2666 dicta
532 2610 683 2680 videatur3
696 2607 840 2664 hactenns
855 2617 970 2678 tamen,
985 2609 1011 2662 si
1023 2609 1148 2678 vellent,
1162 2609 1276 2664 misce·

231 2703 335 2750 rentur
347 2692 531 2764 hominibus,
555 2702 589 2748 ut
602 2693 738 2749 viderent
751 2701 781 2748 et
793 2691 980 2761 viderentur,
994 2689 1131 2746 audirent
1142 2699 1172 2745 et
1186 2691 1276 2747 nudi-

202 2785 343 2841 ‚rentnn
388 2774 656 2850 Tangendiautem
670 2769 939 2850 quaenecessitasi
979 2773 1054 2828 Nam
1066 2789 1161 2848 neque
1175 2771 1277 2830 homi-

175 2860 181 2865 “
231 2876 283 2912 nes
297 2857 327 2912 id
342 2858 552 2929 concupiscere
566 2855 722 2926 auderent,
750 2857 949 2912 cumdeorum
962 2857 1011 2912 vel
1028 2855 1275 2913 daemonnnsbo-

191 2952 195 2962 ’
230 2957 339 2993 norum
354 2949 512 3011 conspeetu
526 2940 573 2993 vel
586 2939 730 3013 colloquio
745 2938 925 2994 fruerentur.
963 2937 1030 2994 Etsi
1042 2939 1074 2993 in
1088 2946 1205 2994 tantum
1218 2959 1275 2996 cu-

229 3021 350 3075 riositas
362 3019 605 3096 progrederetur,
617 3030 651 3076 ιιι
665 3023 791 3092 vellent3
805 3039 931 3095 quonam
942 3029 1028 3096 pacto
1042 3023 1188 3095 quispiam
1200 3041 1275 3097 pos-

232 3110 278 3156 set
299 3103 425 3158 invitum
447 3111 571 3180 tangere
594 3101 708 3176 Deum,
736 3105 783 3160 vel
802 3103 989 3175 daemonem,
1016 3105 1067 3178 qui
1080 3105 1139 3159 nisi
1152 3115 1276 3180 captum

231 3203 292 3241 non
304 3193 402 3258 potest
412 3182 577 3258 passereml

293 3265 425 3323 Videndo
444 3269 535 3344 igitur
552 3271 722 3345 visibusque
737 3289 769 3326 se
783 3269 950 3344 praebendo
971 3279 1001 3326 et
1013 3269 1159 3344 loquendo
1174 3280 1206 3327 ct
1219 3289 1275 3328 au-

230 3348 354 3420 diendo,
380 3349 422 3405 dii
436 3354 626 3425 corporaliter
638 3355 757 3410 misceri
777 3351 944 3409 hominibus
962 3360 1092 3426 possent.
1136 3351 1205 3409 Hoc
1219 3372 1270 3410 au·

229 3441 289 3488 tem
301 3431 387 3489 modo
401 3433 555 3490 daemones
569 3437 595 3490 si
608 3437 787 3505 miscentur,
807 3444 840 3490 ut
852 3433 932 3505 dixi,
945 3444 977 3490 et
988 3453 1049 3491 non
1062 3438 1276 3493 contaminan-

229 3523 296 3587 tur,
321 3515 364 3571 dii
376 3525 473 3572 autem
492 3519 783 3588 contaminarentur,
811 3519 838 3572 si
854 3519 1064 3589 miscerentur3
1090 3519 1275 3575 incontami-

230 3599 342 3654 nabiles
364 3597 467 3654 dicunt
489 3599 662 3670 daemones,
690 3608 719 3654 et
737 3599 978 3656 contaminabiles
998 3599 1076 3656 dens.
1121 3599 1156 3656 Si
1170 3611 1275 3660 antem

230 3684 469 3738 contaminantur
484 3690 518 3737 et
538 3679 711 3752 daemones,
740 3683 809 3756 qnid
822 3681 980 3738 conferunt
991 3681 1159 3739 bominibus
1174 3684 1214 3740 ad
1226 3687 1276 3742 vi-

229 3774 289 3818 tam
302 3773 369 3837 post
381 3773 506 3820 mortem
519 3764 649 3833 beatam,
676 3781 749 3838 quos
765 3765 957 3820 contaminati
970 3765 1112 3822 mundare
1126 3784 1190 3823 non
1202 3787 1276 3844 pos·

229 3854 314 3916 sunt,
341 3856 374 3902 ut
400 3863 453 3902 eos
472 3845 594 3902 mundos
615 3845 671 3901 diis
686 3847 938 3905 incontaminatis
957 3849 1071 3924 possint
1094 3846 1277 3929 adiungere,
