2586 4396
205 215 286 278 lbb
451 207 548 266 DlVl
568 203 753 264 AVRELll
778 202 1028 262 AVGVSTlNl

220 373 347 444 peccota
355 358 600 420 Amorrbueorum
613 375 701 434 usque
714 354 816 413 udbuo.
834 354 927 424 Quum
944 347 1041 414 cutem
1055 359 1116 413 ium
1128 359 1176 416 sol
1185 371 1256 418 erat

225 449 266 507 ud
277 461 424 514 occatum,
440 443 536 514 fucta
550 453 595 500 est
606 442 743 518 flammo,
761 449 792 496 et¹
804 458 868 497 ecco
874 439 995 510 formos
1000 439 1210 512 fumabunda,
1226 453 1258 501 et

226 529 377 606 lampados
392 529 481 603 iguis,
496 545 570 602 quoe
577 524 824 602 pertransierunt
831 539 891 598 per
904 523 999 580 medio
1012 524 1113 580 diuiso
1125 524 1186 580 illu.
1214 524 1258 582 In

225 611 345 670 dioillo
363 611 510 686 disposuit
524 607 667 671 Dominus
681 605 763 664 Deus
782 615 987 664 testamcutum
1006 607 1048 664 od
1058 605 1185 678 Abram,
1204 611 1257 666 di-

225 713 310 754 eous:
334 691 447 752 Semini
459 703 509 748 tuo
523 691 596 749 dubo
610 702 723 753 terrum
735 687 826 758 bauo,
852 708 872 744 u
884 688 1007 764 flumine
1019 687 1153 767 Aegypti
1165 709 1260 768 usque

226 765 384 854 odflumon
397 794 532 851 maguum
542 773 735 851 Euphratem,
752 771 889 842 Ceuuoos,
904 782 933 830 et
946 769 1120 843 Gouezueos,
1136 785 1168 832 et
1185 773 1258 832 Ced-

192 909 194 914 .
225 877 375 930 mouueos,
398 869 427 915 ot
443 857 599 928 Obstueos,
623 868 653 916 et
665 854 860 924 Pberoouoos,
880 865 909 912 et
922 853 1086 934 Ropbuim,
1106 867 1137 914 et
1150 856 1257 914 Amor-

225 943 343 1012 rbueos,
359 952 389 1000 et
402 939 604 1012 Gbunomoeos,
618 951 649 1002 et
658 938 783 1009 Euneos,
798 949 827 996 et
842 937 1033 1014 Gorgoneos,
1048 937 1249 998 etIebusueos

289 1023 369 1082 Haec
383 1026 481 1082 omnia
493 1028 525 1082 in
537 1027 602 1082 visu
615 1026 692 1081 facta
706 1022 845 1080 divinitus
860 1031 945 1098 atque
959 1021 1126 1094 dictasunt,
1141 1024 1176 1080 de
1190 1027 1259 1098 qui-

226 1111 279 1167 bus
299 1109 423 1187 siugulis
445 1111 598 1166 enucleate
618 1109 762 1164 disserere
781 1107 903 1184 longum
922 1115 981 1175 est,
1006 1115 1036 1162 et
1057 1109 1262 1164 intentionem

227 1193 331 1270 Operis
344 1191 428 1250 huius
442 1192 566 1250 excedit.
593 1191 677 1261 Quod
689 1209 759 1268 ergo
774 1192 844 1246 satis
858 1199 912 1262 est,
927 1207 1012 1245 nosse
1025 1190 1164 1246 debemus
1176 1206 1262 1263 post-

229 1293 262 1330 ca
303 1295 390 1352 quam
402 1277 512 1334 dictum
525 1286 585 1350 est,
609 1275 765 1334 credidisse
778 1271 921 1330 Abraham
935 1271 1017 1346 Dec,
1042 1283 1071 1330 ct
1085 1273 1263 1350 deputatum

227 1379 292 1418 esse
304 1361 348 1416 illi
362 1360 398 1416 ad
409 1361 567 1433 iustitiam,
581 1379 642 1418 non
655 1379 721 1416 eum
733 1360 766 1416 in
778 1356 835 1414 fide
849 1356 998 1428 defecisse,
1010 1366 1044 1414 ιιι
1056 1357 1185 1430 diceret,
1200 1359 1264 1417 Do-

227 1447 357 1502 miuutor
367 1442 508 1515 Domine,
528 1445 682 1502 secuudum
696 1443 767 1520 quid
777 1435 892 1510 seium,¹
907 1442 976 1518 quio
988 1439 1094 1500 boenes
1109 1443 1178 1500 eius
1195 1441 1264 1502 ero?

206 1552 209 1562 ¹
228 1527 339 1584 Terrae
356 1529 461 1603 quippe
479 1529 559 1584 illius
577 1529 718 1601 promissa
739 1534 801 1582 erat
819 1523 992 1580 haereditas.
1024 1523 1092 1581 Non
1111 1528 1200 1583 enim
1214 1530 1265 1595 ait,

227 1609 310 1666 Vnde
322 1611 422 1680 sciam,
436 1613 519 1684 quasi
531 1609 624 1666 adhue
637 1629 698 1666 non
712 1610 857 1666 crederet:
876 1608 926 1664 scd
939 1609 995 1679 uit,
1008 1605 1178 1668 Secundum
1196 1611 1265 1688 quid

227 1694 329 1762 scium,
343 1701 377 1748 ut
389 1694 416 1748 ei
426 1695 470 1748 rei
482 1711 569 1769 quam
583 1693 759 1763 crediderat,
780 1693 876 1768 aliqua
889 1690 1045 1748 similitudo
1060 1689 1264 1762 adhiberetur,

228 1793 284 1850 qua
297 1777 358 1832 eius
371 1775 470 1834 modus
485 1785 702 1854 agnosceretur.
717 1774 801 1832 Sicut
810 1794 869 1832 non
883 1783 928 1830 est
936 1775 1058 1853 virginis
1072 1774 1194 1834 Mariae
1210 1778 1264 1834 dii-

226 1857 356 1928 fidentia,
370 1859 446 1934 quod
459 1860 514 1918 ait:
545 1857 691 1928 Quomodo
699 1859 761 1930 fiet
772 1860 862 1929 istud,
881 1860 1014 1936 quonium
1027 1861 1125 1918 uirum
1139 1881 1204 1918 non
1220 1883 1263 1920 co
1285 1903 1286 1942 3

226 1940 353 2018 guasco?
378 1942 463 2009 Quod
476 1945 554 2000 enim
566 1943 697 2000 futurum
711 1961 775 1999 esse
790 1951 870 2000 certa
883 1951 956 2014 crat,
971 1941 1164 2016 modumque
1178 1945 1265 2002 lieret
1285 1943 1286 1980 ἕ

227 2026 400 2100 inquirebat.
426 2025 467 2086 Et
478 2025 535 2086 hoo
553 2046 619 2090 eum
632 2029 810 2103 quaesisset,
834 2025 958 2084 audivit:
982 2023 1120 2103 Spiritus
1135 2042 1265 2086 sanctus

227 2111 413 2187 superveniet
426 2113 457 2168 iu
471 2121 511 2181 te,
525 2119 555 2169 et
567 2113 664 2170 uirtus
678 2109 828 2168 Altissimi
839 2109 1019 2168 obumbrabit
1032 2108 1095 2166 tibi.
1119 2109 1266 2187 Denique
1285 2183 1286 2190 ἵ

227 2191 315 2248 ethic
330 2195 489 2250 similitudo
503 2195 570 2251 data
583 2203 627 2250 est
639 2193 675 2250 de
688 2195 781 2256 tribus
795 2195 981 2264 animalibus,
1004 2194 1150 2266 iuvenca,
1175 2215 1266 2270 capra
1285 2197 1286 2228 ¹

227 2284 257 2331 et
269 2277 375 2346 ariete,
401 2286 430 2332 et
443 2277 551 2333 duabus
564 2278 746 2348 volucribus,
768 2285 882 2333 turture
895 2286 924 2332 et
935 2275 1081 2332 columba:
1103 2287 1142 2333 ut
1155 2297 1265 2338 secun-

226 2357 293 2414 dum
304 2357 376 2415 baec
390 2360 520 2416 futurum
530 2363 628 2432 sciret,
643 2361 720 2436 quod
728 2361 860 2418 futurum
870 2379 935 2418 esse
943 2362 1000 2416 iam
1012 2375 1073 2416 non
1085 2362 1265 2438 ambigeret.

226 2440 296 2500 Sive
312 2459 382 2520 ergo
396 2461 449 2517 per
461 2445 614 2502 iuvencam
626 2445 791 2524 significata
808 2445 846 2500 sit
861 2445 942 2520 plebs
954 2445 1050 2518 posita
1063 2444 1116 2500 sub
1132 2447 1205 2522 iugo
1219 2449 1265 2500 le-
1285 2447 1286 2506 l

224 2527 281 2605 gis,
293 2545 345 2602 per
360 2546 474 2604 capram
489 2528 588 2586 eadem
600 2529 682 2604 plebs
694 2530 842 2604 peccatrix
860 2529 976 2599 futura,
998 2545 1050 2602 per
1068 2529 1199 2586 arietem
1212 2550 1265 2586 ea·

225 2610 290 2668 dem
302 2611 383 2686 plebs
396 2621 570 2691 regnatura3
589 2609 677 2691 (quae
691 2614 827 2670 animalia
839 2621 991 2688 propterea
1003 2613 1091 2667 trima
1104 2612 1266 2686 dicuntur,
1285 2621 1286 2640 ³

183 2723 191 2739 ·
224 2696 293 2769 qnia
314 2713 381 2752 curn
399 2697 459 2752 sint
477 2698 610 2774 insignes
631 2699 747 2754 articuli
767 2705 927 2772 temporum
946 2697 982 2752 ab
1000 2695 1093 2752 Adam
1111 2713 1215 2774 usque
1230 2699 1266 2754 ad
1285 2693 1286 2696 ’

223 2775 305 2848 Noti,
330 2788 360 2834 et
372 2779 441 2834 inde
454 2799 546 2855 usquc
560 2781 596 2836 ad
609 2779 767 2852 Abraham,
791 2789 821 2836 et
833 2779 901 2846 inde
914 2798 1005 2854 usquc
1018 2777 1187 2852 esd-David,
1214 2785 1265 2857 qui
1285 2773 1286 2784 ¹

223 2861 376 2934 reprobato
392 2859 482 2918 Saule
494 2865 604 2936 primus
617 2865 649 2920 in
662 2882 756 2940 regno
770 2865 867 2941 gentis
881 2862 1057 2920 lsrailiticae
1075 2872 1121 2918 est
1134 2862 1265 2921 Domini

222 2943 374 3000 voluntate
387 2943 539 3016 fundatus3
559 2946 590 3000 in
604 2943 659 3000 hoc
672 2947 773 3004 ordine
787 2949 890 3018 tertio,
905 2949 955 3022 qui
968 2945 1098 3002 tenditur
1111 2964 1150 3002 ex
1161 2947 1265 3003 Abra·
1285 2959 1286 3022 ᾗ

221 3023 288 3080 ham
305 3025 445 3098 usquead
461 3025 572 3098 David,
596 3038 733 3104 tanquam
746 3033 862 3088 tertiam
880 3039 1004 3088 aetatem
1016 3023 1124 3108 gerens
1137 3031 1188 3084 ille
1204 3050 1263 3104 po·
1285 3031 1286 3064 ¹

221 3108 307 3182 pulus
322 3106 480 3186 adolevim)
503 3113 566 3168 sive
589 3113 699 3188 aliquid
717 3115 795 3170 aliud
818 3115 1039 3172 convenientius
1059 3115 1116 3168 ista
1139 3115 1262 3192 signifi·
1285 3151 1286 3182 ι

222 3199 305 3256 cent;
320 3193 399 3250 nullo
414 3202 511 3252 tamen
525 3196 609 3254 modo
626 3195 830 3268 dubitaverim,
853 3199 997 3272 spiritales
1010 3198 1043 3252 in
1056 3215 1092 3252 ea
1103 3197 1261 3275 praefigu-

221 3283 301 3332 ratos
320 3274 514 3336 additamento
533 3283 657 3338 turturis
677 3291 706 3337 et
726 3281 884 3338 columbae.
919 3280 960 3338 Et
977 3279 1042 3336 ideo
1065 3279 1183 3336 dietum
1205 3293 1263 3350 est,
1285 3291 1286 3352 ι

221 3357 300 3418 Aoos
316 3370 414 3430 autem
427 3381 483 3418 uon
498 3364 618 3422 divisit:
639 3367 776 3439 quoniam
789 3366 920 3422 carnales
934 3367 1012 3420 inter
1025 3381 1057 3418 se
1070 3363 1264 3434 dividuntur,
1285 3357 1286 3428 ᾗ

223 3445 368 3519 spiritales
382 3454 479 3502 autem
493 3449 573 3504 nullo
586 3448 687 3519 modo;
702 3450 765 3504 sive
778 3467 796 3504 a
806 3449 968 3525 negotiosis
980 3449 1263 3504 conversationibus
1285 3447 1286 3488 t

221 3525 372 3586 hominum
393 3547 424 3584 se
442 3539 629 3602 removeant,
653 3533 729 3588 sicut
747 3540 859 3603 turtum
885 3533 948 3588 sive
961 3531 1116 3588 interillos
1133 3530 1264 3610 degant,

223 3611 299 3668 sicut
321 3612 466 3669 columba:
499 3623 622 3689 utraque
643 3623 740 3672 tamen
759 3619 822 3673 avis
846 3626 891 3672 est
913 3617 1034 3690 simplex
1057 3623 1089 3669 et
1111 3615 1263 3672 innoxia:

224 3692 393 3766 significans
406 3697 476 3770 etin
489 3696 718 3770 ipsolsrailitico
729 3701 845 3774 populo,
859 3701 906 3756 cui
919 3708 997 3756 terra
1007 3699 1057 3752 illa
1067 3696 1168 3753 danda
1183 3709 1262 3768 erat,

222 3770 335 3828 futuros
344 3775 512 3836 individuos
523 3773 599 3838 lilios
609 3783 813 3854 promissionis
822 3792 852 3840 et
862 3781 1000 3840 haeredes
1010 3781 1096 3858 regni
1108 3780 1143 3836 in
1158 3793 1259 3838 aeter-

223 3871 261 3910 na
275 3853 413 3914 felicitate
427 3864 556 3922 mansuri
570 3859 756 3943 [mansuros].
780 3867 855 3926 Aves
869 3876 964 3926 autem
977 3862 1192 3923 descendentes
1208 3885 1257 3924 sn-
