2602 4416
171 205 191 260 u
396 199 495 258 DlVl
521 196 708 259 AVRELII
733 195 987 256 AVGVSTlNl

171 354 256 429 Apud
273 353 353 412 hune
382 371 454 430 ergo
486 349 646 428 Virgilium
671 363 777 420 nempe
811 346 883 404 luno
916 348 1068 404 inducitur
1099 347 1245 407 infesta

172 437 324 508 'l'roiauis,
351 436 444 493 Aeolo
458 443 616 492 ventorum
629 432 696 508 regi
709 429 852 488 adversus
867 449 917 486 eos
932 429 1078 498 irritando
1093 429 1214 488 dicere
1229 451 1242 490 ε

236 520 317 578 Gens
332 521 452 576 inimica
466 515 538 573 mihi
549 513 737 591 Tyrrhenum
756 516 878 591 navigat
895 533 1018 590 aequor,

235 602 323 660 Ilium
337 605 369 658 in
382 601 497 657 ltaliam
509 607 648 673 portans,
675 599 829 672 victosque
843 606 975 670 penates.

173 685 256 746 ltane
271 688 337 744 istis
359 683 516 758 penatibus
529 683 637 753 victis,
664 679 798 751 Romam,
816 700 854 738 ne
867 682 1050 753 vinceretur,
1077 680 1237 755 pruden-

173 784 218 828 tes
229 767 433 826 commendare
447 761 631 823 debueruntl
650 761 711 822 Sed
722 762 794 820 hacc
808 762 883 823 luno
897 763 1023 836 dicebat,
1036 766 1119 820 velut
1133 765 1236 822 irata

127 847 129 852 ’
172 855 291 922 mulier,
306 849 376 928 quid
389 851 564 925 loqueretur
584 851 737 926 ignorans.
782 847 861 914 Quid
873 847 989 905 Aeneas
1003 849 1067 921 ipse
1080 849 1147 920 pius
1161 857 1231 904 to-

172 939 229 991 tles
244 935 423 1007 appellatus,
447 951 547 992 nonne
560 933 602 988 ita
615 927 736 988 narrati

239 1015 371 1073 Panthus
385 1015 540 1088 Otriades,
567 1017 645 1072 areis
664 1013 833 1090 Phoebique
847 1013 998 1086 sacerdos,

236 1100 329 1158 Sacra
341 1117 447 1174 manu,
473 1101 631 1175 victosque
650 1098 739 1170 deos,
767 1116 949 1174 parvumque
966 1107 1104 1174 nepotem

236 1182 302 1258 lpse
314 1181 423 1255 trahit,
450 1201 599 1258 cursuque
611 1201 712 1238 amens
727 1182 763 1238 ad
776 1183 879 1238 limina
893 1182 998 1238 tendit.

173 1268 282 1326 Nonne
296 1267 366 1323 deos
377 1268 470 1342 ipsos,
494 1285 568 1343 quos
582 1268 678 1324 victos
694 1285 755 1322 non
767 1265 882 1322 dubitat
895 1264 1010 1338 dicere,
1037 1266 1094 1323 sibi
1107 1266 1219 1342 potius

174 1371 262 1428 quam
276 1371 307 1408 se
321 1353 380 1406 illis
393 1351 528 1425 perhibet
542 1349 762 1408 commendatos
777 1391 786 1416 ,
810 1369 876 1406 cum
891 1351 919 1405 e'i
932 1349 1056 1408 dicitur:

238 1435 331 1490 Sacra
345 1451 475 1508 suosque
491 1436 546 1490 tibi
560 1434 746 1490 commendat
759 1433 852 1492 Troia
865 1443 997 1506 penates.
1045 1457 1054 1463 ·

174 1516 209 1574 Si
222 1518 316 1592 igitur
328 1513 473 1590 Virgilius
486 1517 560 1570 tales
576 1515 662 1584 deos,
689 1525 718 1570 ct
730 1519 827 1573 victos
845 1515 933 1586 dicit,
958 1525 989 1571 et
1008 1525 1042 1572 ut
1066 1517 1114 1572 vel
1139 1519 1219 1574 victi

175 1595 395 1674 quoquomodo
412 1597 572 1654 evaderent
585 1594 698 1652 homini
713 1595 948 1666 commendatos,
970 1615 1045 1670 quae
1061 1595 1218 1656 dementia

177 1692 240 1752 cst,
267 1680 438 1734 existimare
462 1678 509 1736 his
534 1679 683 1734 tutoribus
702 1677 825 1734 Romam
844 1680 995 1750 sapienter
1015 1679 1108 1733 fuisse
1129 1697 1216 1738 eom-

173 1767 310 1834 missam,
344 1771 374 1818 et
391 1763 451 1818 nisi
476 1780 526 1818 eos
545 1762 710 1832 amisisset,
743 1779 804 1817 non
824 1762 959 1833 potuisse
986 1758 1114 1817 vastarit
1145 1761 1212 1821 lmo

174 1865 246 1904 vero
256 1847 352 1902 victos
367 1844 438 1901 deos
452 1855 593 1920 tanquam
606 1843 756 1918 praesides
771 1863 806 1900 ac
821 1843 993 1899 defensores
1009 1845 1117 1916 colere,
1138 1847 1213 1920 quid

174 1939 220 1985 est
245 1927 326 1984 aliud
352 1947 440 2003 quam
458 1937 561 1984 tenere
584 1945 646 1984 non
673 1929 795 1984 numina
820 1928 914 1998 bona,
941 1926 993 1982 sed
1020 1929 1119 1984 omnia
1146 1948 1212 1985 ma-

173 2009 220 2068 lai
236 2013 355 2078 Quanto
371 2013 449 2067 enim
463 2012 626 2084 sapientius
642 2010 784 2081 creditur,
800 2029 860 2069 non
868 2009 990 2066 Romam
1005 2010 1042 2066 ad
1055 2013 1142 2066 istam
1149 2015 1211 2068 cln-

174 2095 240 2150 dem
253 2094 421 2150 consuisse
439 2103 612 2164 venturam,
639 2095 698 2149 nisi
716 2095 799 2166 prius
819 2093 864 2149 illi
882 2095 1047 2166 perissent,
1074 2093 1126 2150 sed
1143 2097 1211 2150 illos

70 2187 73 2192 '
173 2179 274 2252 potius
291 2178 361 2232 olim
374 2177 468 2232 fuisse
481 2179 642 2250 perituros,
663 2177 722 2232 nisi
737 2195 799 2247 eos,
819 2186 963 2251 quantum
975 2179 1133 2250 potuisset,
1148 2176 1210 2234 Ro-

175 2277 223 2316 ma
237 2255 404 2314 servassetl
426 2259 503 2316 Nam
518 2261 583 2334 quis
598 2277 670 2330 non,
689 2278 756 2316 eum
766 2259 940 2332 adverterit,
958 2260 1075 2332 videat,
1099 2269 1210 2335 quanta

174 2344 215 2398 sit
227 2343 360 2399 vanitate
383 2352 602 2416 praesumtum,
629 2361 692 2398 non
705 2361 794 2416 posse
813 2345 895 2400 vinci
922 2344 976 2400 sub
1004 2344 1208 2400 defensoribus

171 2426 277 2496 victis,
304 2433 334 2480 at
359 2425 426 2484 ideo
452 2427 582 2500 perisse,
609 2427 679 2501 quia
698 2427 837 2483 custodes
864 2425 994 2500 perdidit
1023 2427 1107 2498 deos3
1142 2445 1210 2482 cum

172 2509 221 2564 vel
246 2509 310 2563 sola
330 2511 464 2582 potuerit
487 2527 553 2564 esse
575 2527 665 2565 causa
682 2511 843 2583 pereundi,
870 2510 1009 2566 custodes
1028 2509 1135 2566 habere
1153 2529 1208 2566 vo-

172 2593 269 2647 luisse
282 2589 452 2664 perituros?
481 2592 550 2648 Non
569 2594 682 2666 itaque,
705 2613 772 2648 cum
786 2593 821 2649 de
833 2593 889 2650 diis
903 2595 990 2650 victis
1005 2595 1055 2648 illa
1075 2595 1208 2649 conscri-

172 2673 332 2745 berentur,
360 2684 449 2748 atque
464 2683 655 2742 canerentur,
681 2684 784 2746 poetas
798 2677 908 2734 libebat
920 2678 1050 2748 mentiri,
1074 2674 1126 2730 sed
1140 2693 1207 2729 cor-

173 2757 258 2810 datos
272 2755 407 2810 homines
423 2755 549 2830 cogebat
560 2756 671 2812 veritas
687 2756 832 2814 confiteri.
869 2757 980 2814 Verum
993 2761 1051 2812 ista
1066 2766 1208 2830 opportu-

172 2839 241 2892 nius
267 2837 326 2889 alio
351 2837 418 2889 loco
446 2835 607 2911 diligenter
632 2839 811 2915 copioseque
835 2839 989 2897 tractanda
1008 2848 1091 2896 sunt:
1126 2857 1209 2894 nunc

174 2916 253 2992 quod
282 2917 472 2972 institueram
498 2915 534 2972 de
557 2919 685 2996 ingratis
711 2919 880 2980 hominibus
905 2922 1025 2994 dicere,
1050 2939 1210 2996 parumper

173 2999 328 3072 explicem,
356 3007 390 3054 ut
403 3017 539 3073 possum:
568 3003 619 3076 qui
634 3007 759 3060 samaia
786 3025 862 3080 quae
875 3024 929 3080 pro
956 3023 1081 3062 suorum
1093 3023 1208 3061 morum

170 3083 367 3156 perversitate
390 3085 497 3139 merito
515 3086 686 3158 patiuntur,
720 3087 956 3161 blasphemantes
978 3086 1096 3144 Christo
1112 3089 1208 3162 impu-

170 3174 250 3220 tant:
274 3163 354 3238 qucd
372 3173 472 3222 autem
491 3169 550 3222 illis
572 3169 661 3226 etiam
680 3171 789 3227 talibus
804 3181 925 3244 propter
947 3169 1098 3228 Christum
1111 3172 1208 3244 parci-

170 3257 238 3317 tur,
250 3264 305 3302 nec
320 3245 482 3326 dignantur
496 3249 661 3324 attendere,
676 3262 706 3308 et
720 3271 768 3308 eas
783 3256 902 3331 linguas
917 3253 1060 3326 adversus
1075 3256 1139 3310 eius
1154 3273 1208 3309 no-

169 3349 238 3385 men
257 3329 403 3387 dementia
419 3335 583 3412 sacrilegae
600 3339 806 3407 protervitatis
834 3346 994 3408 exercent,
1023 3337 1129 3412 quibus
1150 3338 1207 3392 lin-

170 3414 238 3489 guis
259 3424 481 3486 usurpavcrunt
496 3415 679 3472 mendaciter
691 3421 788 3492 ipsum
802 3438 922 3494 nomen,
941 3429 976 3476 ut
987 3421 1139 3492 viverent,
1161 3421 1208 3474 rel

170 3513 242 3568 quas
269 3497 387 3573 linguas
414 3498 445 3554 ln
472 3501 546 3554 locis
573 3501 601 3555 ei
615 3504 739 3556 sacratis
766 3501 927 3558 metuendo
955 3509 1145 3578 presserunt,
1176 3511 1208 3558 ut

170 3579 229 3631 illic
257 3581 315 3634 tuti
335 3588 423 3652 atque
437 3583 557 3654 muniti,
585 3582 636 3638 ubi
659 3592 781 3656 propter
800 3603 867 3641 eum
893 3587 990 3642 illaesi
1014 3585 1049 3640 ab
1075 3582 1207 3642 hostibus

170 3659 306 3728 suerunt,
331 3660 400 3716 inde
415 3663 446 3718 in
467 3683 534 3720 eum
546 3662 711 3720 maledictis
724 3665 882 3724 hostilibus
897 3668 1079 3742 prosilirent.
