2576 4396
213 205 274 262 266
448 193 549 256 DlVl
571 188 764 254 AVRELll
784 186 1037 256 svovsullll

211 353 282 412 deos
295 350 472 410 mediatores
486 345 571 404 nobis
584 339 751 418 philosophi
762 338 972 416 providerunt,
994 349 1120 414 possunt
1133 341 1262 415 quidem

212 437 309 494 dicere
323 435 359 491 de
372 433 470 490 snimo
483 439 513 485 et
526 443 666 500 corpore,
692 425 823 482 Alterum
836 423 922 480 nobis
941 441 1007 478 oum
1026 421 1096 494 diis,
1124 425 1264 481 alterum

212 538 279 576 eum
291 515 457 575 hominibus
471 528 623 570 commune
638 516 698 564 est:
725 505 777 564 sed
791 507 869 562 sieut
882 504 961 576 dixi,
984 513 1124 580 tunquam
1136 506 1171 562 in
1184 527 1263 582 per-

212 619 331 659 versum
349 597 436 677 ligati
454 605 542 672 etque
560 593 709 666 suspensi,
736 607 855 646 servum
875 606 979 662 eorpus
995 607 1061 644 eum
1073 588 1129 644 diis
1143 588 1264 663 beatis,

213 685 365 741 dominum
378 682 506 738 animum
520 690 587 734 oum
598 674 764 730 hominibus
777 673 892 728 miseris
905 669 1062 743 hebentes,
1075 681 1161 745 porte
1175 673 1263 728 infe-

212 769 291 824 riore
305 764 444 834 exaltati,
458 760 610 834 superiore
624 756 740 813 deiecti.
782 753 866 810 Vnde
880 755 994 810 etiamsi
1011 755 1166 829 quisquam
1183 775 1264 830 pro-

212 859 278 926 pter
290 848 346 904 hoe
359 864 411 902 eos
423 843 572 921 putaverit
584 840 787 896 aeternitatem
799 835 906 896 hebere
919 855 985 892 eum
997 836 1071 908 diis,
1085 838 1156 911 quia
1170 841 1265 896 nulla

212 941 323 1000 morte,
350 930 427 984 sieut
440 926 609 984 animalium
622 923 821 992 terrestrium,
843 921 935 976 enimi
948 938 1050 976 eorum
1063 921 1230 978 solvuntur
1246 941 1266 978 a

213 1030 350 1088 corpore:
374 1030 428 1069 nee
447 1011 490 1066 sie
506 1005 735 1065 existimandum
749 1015 794 1062 est
808 1022 911 1063 eorum
924 1021 1030 1076 eorpus
1044 1010 1187 1077 tanquam
1200 1003 1265 1062 ho-

212 1085 384 1154 nore'torum
401 1102 553 1150 oeternum
566 1088 746 1160 vehiculum,
773 1085 825 1144 sed
839 1095 992 1144 ueternum
1004 1087 1157 1144 vinculum
1172 1085 1266 1144 dam-

212 1188 356 1235 notorum.

628 1253 751 1326 css.
794 1251 836 1310 x.

214 1357 292 1421 Quod
300 1357 443 1409 secundem
453 1352 562 1406 Plotini
571 1349 745 1415 sententiam,
763 1349 850 1403 minus
860 1349 953 1401 miseri
963 1348 1147 1404 sintloms'nes
1157 1350 1268 1406 incor-

426 1439 493 1491 pore
503 1421 628 1485 mortali,
649 1421 720 1493 quod
728 1420 867 1472 daemones
877 1418 907 1474 ιἰι
917 1427 1036 1474 aeterno.

282 1513 417 1570 Plotinus
432 1519 512 1567 certe
525 1518 644 1566 nostrae
660 1509 820 1564 memoriae
837 1508 945 1565 vieinis
962 1507 1160 1582 temporibus,
1188 1508 1266 1567 Ple-

105 1601 108 1608 '
213 1607 314 1653 tonem
337 1596 460 1652 caeteris
484 1593 678 1648 excellentius
700 1592 884 1647 intellexisse
906 1589 1052 1647 laudetur.
1095 1589 1124 1646 ls
1139 1610 1212 1648 eum
1228 1594 1268 1650 de

212 1679 348 1734 humenis
368 1675 474 1732 animis
488 1683 607 1752 egeret,
638 1673 765 1746 „Pster‚
792 1675 904 1748 inquit,
931 1673 1099 1729 miserieors
1117 1680 1267 1734 mortalis

214 1762 295 1833 „illis
308 1761 431 1815 vineuls
444 1755 602 1812 faciebat.“
637 1756 683 1810 lte
694 1755 750 1812 hoe
764 1757 859 1828 ipsum
873 1755 952 1829 quod
964 1757 1102 1812 mortales
1117 1769 1192 1816 sunt
1206 1758 1266 1817 ho-

213 1845 308 1900 mines
327 1857 463 1913 corpore,
492 1837 528 1893 ed
546 1837 778 1894 misericordium
791 1836 849 1894 Dei
862 1839 954 1911 petris
967 1839 1116 1912 pertinere
1128 1840 1267 1900 arbitra-

214 1937 263 1982 tus
278 1932 339 1994 est,
364 1941 403 1978 ne
417 1939 531 1999 semper
543 1918 631 1976 huius
644 1921 724 1977 ritae
742 1921 861 1978 miserie
874 1929 1056 1978 tenerentur.
1086 1920 1151 1979 llee
1165 1926 1266 1982 mise-

213 2007 342 2065 ricordie
355 2005 480 2083 indigne
493 2002 621 2060 iudioete
635 2013 680 2060 est
693 2005 833 2080 iniquitas
846 2003 1036 2075 daemonum,
1055 2021 1130 2080 quoe
1144 2007 1179 2063 in
1193 2011 1268 2066 eni-

213 2093 255 2148 mi
268 2091 379 2165 passivi
388 2088 526 2158 miserie,
549 2105 612 2144 non
624 2089 766 2158 mortale,
787 2089 863 2144 sicut
875 2086 1024 2158 homines,
1038 2088 1090 2144 sed
1103 2098 1269 2150 aeternum

215 2191 319 2248 eorpus
333 2173 455 2247 eooepit.
493 2169 603 2228 Essent
617 2171 722 2246 quippe
736 2169 881 2227 feliciores
891 2168 1077 2244 hominibus,
1092 2172 1119 2228 si
1130 2179 1269 2232 mortale

215 2276 282 2314 eum
297 2257 341 2313 eis
353 2254 497 2312 heberent
511 2270 631 2327 eorpus,
646 2263 676 2310 et
688 2273 756 2312 oum
769 2252 825 2308 diis
838 2253 957 2312 beatum
969 2255 1108 2312 animum.
1144 2254 1269 2316 Essent

214 2348 311 2396 eutem
324 2356 409 2412 peres
422 2335 606 2407 hominibus,
637 2337 664 2392 si
682 2355 748 2394 oum
768 2338 865 2395 auimo
883 2338 992 2394 misero
1010 2339 1114 2394 saltem
1130 2345 1268 2400 mortale

215 2439 282 2479 eum
295 2423 336 2478 eis
349 2420 457 2476 hebere
470 2420 660 2477 meruissent:
685 2421 711 2477 si
723 2429 821 2477 temen
835 2421 1022 2495 acquirerent
1032 2421 1145 2496 aliquid
1159 2425 1267 2497 piete-

213 2507 269 2577 tis,
295 2514 329 2561 ut
350 2505 385 2560 eb'
409 2503 558 2560 aerumnis
581 2505 629 2560 rel
645 2505 678 2560 in
697 2513 792 2560 morte
810 2504 1038 2578 requiescerent.
1081 2503 1171 2562 Nune
1184 2525 1267 2566 vero

212 2607 273 2646 non
293 2589 390 2645 solum
408 2587 555 2644 feliciores
576 2583 742 2644 horninibus
761 2605 822 2644 non
841 2595 911 2642 sunt
928 2587 1026 2644 eniuro
1050 2588 1179 2660 misero,
1210 2593 1269 2649 sed

213 2674 302 2728 etiem
323 2673 491 2729 miseriores
516 2678 587 2726 sunt
608 2678 752 2745 perpetuo
776 2670 907 2745 eorporis
921 2671 1048 2728 vinculo.
1092 2669 1162 2730 Non
1177 2678 1269 2734 enim

213 2757 312 2831 eliqua
324 2757 442 2829 pietatis
454 2761 484 2808 et
497 2753 658 2826 supientiae
672 2751 826 2829 discipline
837 2751 1042 2829 proficientes,
1056 2755 1190 2834 intelligi
1205 2777 1267 2816 vo-

211 2839 278 2894 lunt
291 2855 329 2894 ex
342 2834 531 2892 daemonibus
545 2833 611 2891 lieri
621 2832 709 2907 deos,
736 2855 802 2893 oum
815 2837 997 2913 apertissime
1010 2835 1121 2894 dixerit
1133 2838 1267 2900 doemo-

212 2939 265 2976 nes
276 2929 420 2978 aeternos.

611 2998 745 3060 'CAR
787 3000 856 3060 Xl.

233 3094 274 3152 De
285 3095 407 3164 opinione
418 3096 637 3160 Platonicorum,
656 3113 710 3166 qus
721 3107 825 3166 putant
835 3099 1085 3154 samasiensium
1095 3100 1250 3158 daemones

602 3182 657 3219 esse
663 3176 727 3235 post
736 3183 860 3236 corpora.

274 3245 356 3304 Dicit
369 3246 482 3324 quidem
498 3256 528 3303 et
539 3249 654 3306 enimes
667 3248 817 3306 hominum
831 3248 984 3306 daemones
1001 3267 1080 3322 esse,
1107 3259 1136 3306 et
1150 3270 1191 3310 ex
1207 3254 1268 3314 ho.

212 3331 341 3387 minibus
356 3330 421 3387 fieri
435 3329 537 3405 Lares,
553 3333 580 3388 si
592 3333 663 3395 boni
677 3333 775 3388 meriti
789 3342 873 3404 sunt3
899 3331 1049 3405 Lemures,
1064 3335 1190 3409 sinuli,
1209 3359 1268 3400 seu

212 3413 338 3471 Lnrrus:
364 3413 466 3471 Manes
480 3425 579 3472 sutem
596 3415 665 3470 deos
680 3413 754 3486 diei,
781 3417 807 3470 si
820 3417 965 3472 incertum
978 3415 1183 3477 sassonorum
1197 3442 1268 3499 eos,

177 3527 180 3532 ·
213 3515 265 3554 seu
279 3500 421 3554 melorum
435 3515 500 3553 esse
513 3499 691 3554 meritorum.
735 3495 770 3553 ln
790 3516 847 3574 qus
865 3499 1019 3573 opinione,
1045 3508 1195 3574 quantum
1208 3524 1268 3564 vo-

213 3577 348 3658 reginem
361 3581 495 3654 operient
509 3577 657 3636 sectandis
671 3579 793 3653 perditis
805 3581 954 3654 moribus,
981 3583 1045 3657 quis
1064 3599 1125 3638 nnn
1143 3586 1268 3664 rideat,

214 3663 240 3717 si
261 3665 309 3720 vel
332 3665 480 3738 paululum
503 3657 653 3720 attendetl
682 3663 924 3738 Quandoquidem
945 3664 1103 3740 quemlibet
1125 3685 1270 3745 nequem

213 3743 325 3804 fuerint
336 3746 484 3815 homines,
509 3748 557 3802 vel
571 3745 681 3802 berver
702 3763 734 3802 se
753 3747 818 3802 fieri
837 3745 905 3802 dum
918 3749 1093 3824 opinentur,
1119 3754 1170 3808 vel
1189 3753 1270 3816 dum

214 3825 316 3884 lienes
330 3827 415 3900 deos;
442 3837 523 3884 tento
535 3829 652 3905 peiores
665 3827 755 3905 liunt,
778 3839 886 3906 quanto
900 3840 970 3888 sunt
982 3829 1108 3890 nocendi
1122 3836 1271 3914 eupidim
