<?xml version="1.0" encoding="UTF-8"?>
<!DOCTYPE html PUBLIC "-//W3C//DTD XHTML 1.0 Transitional//EN"
    "http://www.w3.org/TR/xhtml1/DTD/xhtml1-transitional.dtd">
<html xmlns="http://www.w3.org/1999/xhtml" xml:lang="en" lang="en">
 <head>
  <title>
</title>
<meta http-equiv="Content-Type" content="text/html;charset=utf-8" />
  <meta name='ocr-system' content='tesseract 3.04.00' />
  <meta name='ocr-capabilities' content='ocr_page ocr_carea ocr_par ocr_line ocrx_word'/>
</head>
<body>
  <div class='ocr_page' id='page_1' title='image "./saureliiaugusti02augugoog_0079.png"; bbox 0 0 2590 4396; ppageno 0'>
   <div class='ocr_carea' id='block_1_1' title="bbox 208 173 1014 244">
    <p class='ocr_par' dir='ltr' id='par_1_1' title="bbox 208 173 1014 244">
     <span class='ocr_line' id='line_1_1' title="bbox 208 173 1014 244; baseline -0.017 0"><span class='ocrx_word' id='word_1_1' title='bbox 208 189 247 244; x_wconf 80' lang='lat'><strong>72</strong></span> <span class='ocrx_word' id='word_1_2' title='bbox 434 178 535 236; x_wconf 90' lang='lat' dir='ltr'><strong>DlVl</strong></span> <span class='ocrx_word' id='word_1_3' title='bbox 556 174 744 236; x_wconf 83' lang='lat' dir='ltr'><strong>AVRELll</strong></span> <span class='ocrx_word' id='word_1_4' title='bbox 767 173 1014 233; x_wconf 79' lang='lat' dir='ltr'><strong>AVGVSTlNl</strong></span> 
     </span>
    </p>
   </div>
   <div class='ocr_carea' id='block_1_2' title="bbox 206 327 1267 495">
    <p class='ocr_par' dir='ltr' id='par_1_2' title="bbox 206 327 1267 495">
     <span class='ocr_line' id='line_1_2' title="bbox 206 327 1246 406; baseline -0.012 -12"><span class='ocrx_word' id='word_1_5' title='bbox 206 336 345 406; x_wconf 83' lang='lat' dir='ltr'><strong>falsitati3</strong></span> <span class='ocrx_word' id='word_1_6' title='bbox 372 341 405 390; x_wconf 91' lang='lat' dir='ltr'><strong>ut</strong></span> <span class='ocrx_word' id='word_1_7' title='bbox 426 333 466 388; x_wconf 91' lang='lat' dir='ltr'><strong>ibi</strong></span> <span class='ocrx_word' id='word_1_8' title='bbox 479 331 678 406; x_wconf 80' lang='lat' dir='ltr'><strong>intelligamus</strong></span> <span class='ocrx_word' id='word_1_9' title='bbox 692 328 777 400; x_wconf 84' lang='lat' dir='ltr'><strong>plura</strong></span> <span class='ocrx_word' id='word_1_10' title='bbox 791 327 849 380; x_wconf 88' lang='lat' dir='ltr'><strong>iam</strong></span> <span class='ocrx_word' id='word_1_11' title='bbox 862 344 946 382; x_wconf 88' lang='lat' dir='ltr'><strong>sacra</strong></span> <span class='ocrx_word' id='word_1_12' title='bbox 960 335 989 382; x_wconf 86' lang='lat' dir='ltr'><strong>et</strong></span> <span class='ocrx_word' id='word_1_13' title='bbox 1002 329 1086 401; x_wconf 86' lang='lat' dir='ltr'><strong>quasi</strong></span> <span class='ocrx_word' id='word_1_14' title='bbox 1100 329 1246 406; x_wconf 85' lang='lat' dir='ltr'><strong>religiosa</strong></span> 
     </span>
     <span class='ocr_line' id='line_1_3' title="bbox 206 409 1267 495; baseline -0.008 -21"><span class='ocrx_word' id='word_1_15' title='bbox 206 419 339 495; x_wconf 90' lang='lat' dir='ltr'><strong>petuisse</strong></span> <span class='ocrx_word' id='word_1_16' title='bbox 366 415 512 492; x_wconf 85' lang='lat' dir='ltr'><strong>confingi,</strong></span> <span class='ocrx_word' id='word_1_17' title='bbox 539 413 590 468; x_wconf 91' lang='lat' dir='ltr'><strong>ubi</strong></span> <span class='ocrx_word' id='word_1_18' title='bbox 611 418 713 485; x_wconf 84' lang='lat' dir='ltr'><strong>putata</strong></span> <span class='ocrx_word' id='word_1_19' title='bbox 736 417 806 464; x_wconf 87' lang='lat' dir='ltr'><strong>sunt</strong></span> <span class='ocrx_word' id='word_1_20' title='bbox 820 409 933 465; x_wconf 89' lang='lat' dir='ltr'><strong>civibus</strong></span> <span class='ocrx_word' id='word_1_21' title='bbox 948 411 1036 466; x_wconf 88' lang='lat' dir='ltr'><strong>etiam</strong></span> <span class='ocrx_word' id='word_1_22' title='bbox 1049 410 1084 468; x_wconf 87' lang='lat' dir='ltr'><strong>de</strong></span> <span class='ocrx_word' id='word_1_23' title='bbox 1098 413 1170 486; x_wconf 86' lang='lat' dir='ltr'><strong>ipsis</strong></span> <span class='ocrx_word' id='word_1_24' title='bbox 1185 411 1246 466; x_wconf 85' lang='lat' dir='ltr'><strong>diis</strong></span> <span class='ocrx_word' id='word_1_25' title='bbox 1266 484 1267 490; x_wconf 6' lang='grc' dir='ltr'>ἵ</span> 
     </span>
    </p>
   </div>
   <div class='ocr_carea' id='block_1_3' title="bbox 206 498 519 577">
    <p class='ocr_par' dir='ltr' id='par_1_3' title="bbox 206 498 519 577">
     <span class='ocr_line' id='line_1_4' title="bbox 206 498 519 577; baseline -0.029 -18"><span class='ocrx_word' id='word_1_26' title='bbox 206 501 345 577; x_wconf 76' lang='lat' dir='ltr'>prodesse</span> <span class='ocrx_word' id='word_1_27' title='bbox 359 498 519 556; x_wconf 85' lang='lat' dir='ltr'><strong>mendacia.</strong></span> 
     </span>
    </p>
   </div>
   <div class='ocr_carea' id='block_1_4' title="bbox 624 629 820 686">
    <p class='ocr_par' dir='ltr' id='par_1_4' title="bbox 624 629 820 686">
     <span class='ocr_line' id='line_1_5' title="bbox 624 629 820 686; baseline -0.011 0"><span class='ocrx_word' id='word_1_28' title='bbox 624 629 743 686; x_wconf 86' lang='lat' dir='ltr'><strong>CAP</strong></span> <span class='ocrx_word' id='word_1_29' title='bbox 787 629 820 685; x_wconf 93' lang='lat' dir='ltr'><strong>V</strong></span> 
     </span>
    </p>
   </div>
   <div class='ocr_carea' id='block_1_5' title="bbox 208 725 1246 849">
    <p class='ocr_par' dir='ltr' id='par_1_5' title="bbox 208 725 1246 849">
     <span class='ocr_line' id='line_1_6' title="bbox 208 725 1246 799; baseline -0.007 -17"><span class='ocrx_word' id='word_1_30' title='bbox 208 731 268 785; x_wconf 84' lang='lat' dir='ltr'><strong>Non</strong></span> <span class='ocrx_word' id='word_1_31' title='bbox 286 729 408 799; x_wconf 82' lang='lat' dir='ltr'><strong>probari,</strong></span> <span class='ocrx_word' id='word_1_32' title='bbox 427 725 546 795; x_wconf 82' lang='lat' dir='ltr'><strong>quoddii</strong></span> <span class='ocrx_word' id='word_1_33' title='bbox 565 725 729 777; x_wconf 79' lang='lat' dir='ltr'><strong><em>adulterium</em></strong></span> <span class='ocrx_word' id='word_1_34' title='bbox 748 725 861 777; x_wconf 82' lang='lat' dir='ltr'><strong>Paridis</strong></span> <span class='ocrx_word' id='word_1_35' title='bbox 879 727 1029 794; x_wconf 79' lang='lat' dir='ltr'><strong><em>punierint,</em></strong></span> <span class='ocrx_word' id='word_1_36' title='bbox 1050 727 1149 794; x_wconf 85' lang='lat' dir='ltr'><strong>quod</strong></span> <span class='ocrx_word' id='word_1_37' title='bbox 1139 745 1168 778; x_wconf 79' lang='lat' dir='ltr'><strong>sn</strong></span> <span class='ocrx_word' id='word_1_38' title='bbox 1191 725 1246 775; x_wconf 86' lang='lat' dir='ltr'><strong>Ro-</strong></span> 
     </span>
     <span class='ocr_line' id='line_1_7' title="bbox 520 795 927 849; baseline 0.008 -3"><span class='ocrx_word' id='word_1_39' title='bbox 520 795 587 848; x_wconf 84' lang='lat' dir='ltr'><strong>muli</strong></span> <span class='ocrx_word' id='word_1_40' title='bbox 605 804 693 846; x_wconf 85' lang='lat' dir='ltr'><strong>matre</strong></span> <span class='ocrx_word' id='word_1_41' title='bbox 713 813 765 848; x_wconf 85' lang='lat' dir='ltr'><strong>non</strong></span> <span class='ocrx_word' id='word_1_42' title='bbox 785 796 838 846; x_wconf 68' lang='lat' dir='ltr'><strong>vetti</strong></span> <span class='ocrx_word' id='word_1_43' title='bbox 856 807 927 849; x_wconf 81' lang='lat' dir='ltr'><strong>sunt</strong></span> 
     </span>
    </p>
   </div>
   <div class='ocr_carea' id='block_1_6' title="bbox 206 883 1285 2706">
    <p class='ocr_par' dir='ltr' id='par_1_6' title="bbox 206 883 1285 2706">
     <span class='ocr_line' id='line_1_8' title="bbox 266 883 1246 960; baseline -0.004 -17"><span class='ocrx_word' id='word_1_44' title='bbox 266 888 326 944; x_wconf 87' lang='lat' dir='ltr'><strong>Sed</strong></span> <span class='ocrx_word' id='word_1_45' title='bbox 339 897 437 942; x_wconf 90' lang='lat' dir='ltr'><strong>utrum</strong></span> <span class='ocrx_word' id='word_1_46' title='bbox 451 888 581 960; x_wconf 91' lang='lat' dir='ltr'><strong>potuerit</strong></span> <span class='ocrx_word' id='word_1_47' title='bbox 596 883 693 940; x_wconf 90' lang='lat' dir='ltr'><strong>Venus</strong></span> <span class='ocrx_word' id='word_1_48' title='bbox 708 902 746 939; x_wconf 81' lang='lat' dir='ltr'><strong>cx</strong></span> <span class='ocrx_word' id='word_1_49' title='bbox 769 887 926 942; x_wconf 79' lang='lat' dir='ltr'><strong>concubitu</strong></span> <span class='ocrx_word' id='word_1_50' title='bbox 939 886 1086 942; x_wconf 80' lang='lat' dir='ltr'><strong>Anchisae</strong></span> <span class='ocrx_word' id='word_1_51' title='bbox 1112 888 1246 943; x_wconf 80' lang='lat' dir='ltr'><strong>Aeneam</strong></span> 
     </span>
     <span class='ocr_line' id='line_1_9' title="bbox 206 967 1245 1046; baseline -0.004 -20"><span class='ocrx_word' id='word_1_52' title='bbox 206 989 325 1046; x_wconf 88' lang='lat' dir='ltr'><strong>parcre,</strong></span> <span class='ocrx_word' id='word_1_53' title='bbox 352 972 399 1026; x_wconf 88' lang='lat' dir='ltr'><strong>vel</strong></span> <span class='ocrx_word' id='word_1_54' title='bbox 414 969 493 1026; x_wconf 90' lang='lat' dir='ltr'><strong>Mars</strong></span> <span class='ocrx_word' id='word_1_55' title='bbox 521 987 558 1023; x_wconf 87' lang='lat' dir='ltr'><strong>ex</strong></span> <span class='ocrx_word' id='word_1_56' title='bbox 573 967 730 1024; x_wconf 85' lang='lat' dir='ltr'><strong>concubitu</strong></span> <span class='ocrx_word' id='word_1_57' title='bbox 755 968 833 1024; x_wconf 86' lang='lat' dir='ltr'><strong>filiae</strong></span> <span class='ocrx_word' id='word_1_58' title='bbox 847 969 1010 1024; x_wconf 78' lang='lat' dir='ltr'><strong>Numitoris</strong></span> <span class='ocrx_word' id='word_1_59' title='bbox 1025 969 1181 1026; x_wconf 87' lang='lat' dir='ltr'><strong>Romulum</strong></span> <span class='ocrx_word' id='word_1_60' title='bbox 1195 970 1245 1045; x_wconf 90' lang='lat' dir='ltr'><strong>gi-</strong></span> 
     </span>
     <span class='ocr_line' id='line_1_10' title="bbox 207 1051 1247 1131; baseline -0.004 -22"><span class='ocrx_word' id='word_1_61' title='bbox 207 1072 311 1131; x_wconf 87' lang='lat' dir='ltr'><strong>gnere,</strong></span> <span class='ocrx_word' id='word_1_62' title='bbox 337 1055 370 1108; x_wconf 92' lang='lat' dir='ltr'><strong>in</strong></span> <span class='ocrx_word' id='word_1_63' title='bbox 383 1051 479 1108; x_wconf 89' lang='lat' dir='ltr'><strong>medio</strong></span> <span class='ocrx_word' id='word_1_64' title='bbox 492 1053 700 1126; x_wconf 76' lang='lat' dir='ltr'><strong>relinquamus.</strong></span> <span class='ocrx_word' id='word_1_65' title='bbox 740 1051 815 1106; x_wconf 89' lang='lat' dir='ltr'><strong>Nam</strong></span> <span class='ocrx_word' id='word_1_66' title='bbox 827 1071 903 1126; x_wconf 92' lang='lat' dir='ltr'><strong>pene</strong></span> <span class='ocrx_word' id='word_1_67' title='bbox 925 1054 992 1107; x_wconf 84' lang='lat' dir='ltr'><strong>talis</strong></span> <span class='ocrx_word' id='word_1_68' title='bbox 1007 1053 1140 1127; x_wconf 81' lang='lat' dir='ltr'><strong>quaestio</strong></span> <span class='ocrx_word' id='word_1_69' title='bbox 1154 1054 1247 1107; x_wconf 86' lang='lat' dir='ltr'><strong>etiam</strong></span> 
     </span>
     <span class='ocr_line' id='line_1_11' title="bbox 207 1134 1245 1212; baseline -0.003 -20"><span class='ocrx_word' id='word_1_70' title='bbox 207 1138 242 1192; x_wconf 93' lang='lat' dir='ltr'><strong>dc</strong></span> <span class='ocrx_word' id='word_1_71' title='bbox 257 1135 421 1212; x_wconf 85' lang='lat' dir='ltr'><strong>Scripturis</strong></span> <span class='ocrx_word' id='word_1_72' title='bbox 440 1137 551 1191; x_wconf 90' lang='lat' dir='ltr'><strong>nostris</strong></span> <span class='ocrx_word' id='word_1_73' title='bbox 575 1134 722 1205; x_wconf 86' lang='lat' dir='ltr'><strong>oboritur,</strong></span> <span class='ocrx_word' id='word_1_74' title='bbox 748 1151 805 1208; x_wconf 86' lang='lat' dir='ltr'><strong>qua</strong></span> <span class='ocrx_word' id='word_1_75' title='bbox 819 1135 981 1209; x_wconf 87' lang='lat' dir='ltr'><strong>quaeritur,</strong></span> <span class='ocrx_word' id='word_1_76' title='bbox 1007 1145 1106 1190; x_wconf 90' lang='lat' dir='ltr'><strong>utrum</strong></span> <span class='ocrx_word' id='word_1_77' title='bbox 1118 1153 1245 1210; x_wconf 81' lang='lat' dir='ltr'><strong>praeva-</strong></span> 
     </span>
     <span class='ocr_line' id='line_1_12' title="bbox 206 1215 1248 1297; baseline -0.005 -21"><span class='ocrx_word' id='word_1_78' title='bbox 206 1224 351 1277; x_wconf 86' lang='lat' dir='ltr'><strong>ricatores</strong></span> <span class='ocrx_word' id='word_1_79' title='bbox 379 1221 478 1297; x_wconf 83' lang='lat' dir='ltr'><strong>angeli</strong></span> <span class='ocrx_word' id='word_1_80' title='bbox 506 1237 572 1273; x_wconf 92' lang='lat' dir='ltr'><strong>cum</strong></span> <span class='ocrx_word' id='word_1_81' title='bbox 596 1217 711 1272; x_wconf 86' lang='lat' dir='ltr'><strong>filiabus</strong></span> <span class='ocrx_word' id='word_1_82' title='bbox 737 1215 887 1272; x_wconf 91' lang='lat' dir='ltr'><strong>hominum</strong></span> <span class='ocrx_word' id='word_1_83' title='bbox 912 1217 1138 1287; x_wconf 82' lang='lat' dir='ltr'><strong>concubuerint3</strong></span> <span class='ocrx_word' id='word_1_84' title='bbox 1165 1217 1248 1273; x_wconf 91' lang='lat' dir='ltr'><strong>unde</strong></span> 
     </span>
     <span class='ocr_line' id='line_1_13' title="bbox 207 1299 1248 1382; baseline -0.006 -22"><span class='ocrx_word' id='word_1_85' title='bbox 207 1306 286 1360; x_wconf 86' lang='lat' dir='ltr'><strong>natis</strong></span> <span class='ocrx_word' id='word_1_86' title='bbox 300 1303 482 1382; x_wconf 78' lang='lat' dir='ltr'><strong>gigantibus,</strong></span> <span class='ocrx_word' id='word_1_87' title='bbox 509 1302 540 1356; x_wconf 92' lang='lat' dir='ltr'><strong>id</strong></span> <span class='ocrx_word' id='word_1_88' title='bbox 553 1310 609 1371; x_wconf 89' lang='lat' dir='ltr'><strong>cst,</strong></span> <span class='ocrx_word' id='word_1_89' title='bbox 636 1301 759 1355; x_wconf 89' lang='lat' dir='ltr'><strong>nimium</strong></span> <span class='ocrx_word' id='word_1_90' title='bbox 783 1299 942 1376; x_wconf 81' lang='lat' dir='ltr'><strong>grandibus</strong></span> <span class='ocrx_word' id='word_1_91' title='bbox 970 1319 1004 1355; x_wconf 90' lang='lat' dir='ltr'><strong>ac</strong></span> <span class='ocrx_word' id='word_1_92' title='bbox 1018 1299 1142 1356; x_wconf 83' lang='lat' dir='ltr'><strong>fortibus</strong></span> <span class='ocrx_word' id='word_1_93' title='bbox 1156 1302 1248 1370; x_wconf 82' lang='lat' dir='ltr'><strong>viris,</strong></span> 
     </span>
     <span class='ocr_line' id='line_1_14' title="bbox 207 1381 1248 1474; baseline -0.006 -30"><span class='ocrx_word' id='word_1_94' title='bbox 207 1403 280 1445; x_wconf 88' lang='lat' dir='ltr'><strong>tunc</strong></span> <span class='ocrx_word' id='word_1_95' title='bbox 293 1397 375 1442; x_wconf 85' lang='lat' dir='ltr'><strong>terra</strong></span> <span class='ocrx_word' id='word_1_96' title='bbox 388 1387 532 1461; x_wconf 85' lang='lat' dir='ltr'><strong>completa</strong></span> <span class='ocrx_word' id='word_1_97' title='bbox 545 1393 600 1440; x_wconf 88' lang='lat' dir='ltr'><strong>est.</strong></span> <span class='ocrx_word' id='word_1_98' title='bbox 643 1381 660 1422; x_wconf 79' lang='grc'>*</span> <span class='ocrx_word' id='word_1_99' title='bbox 674 1381 803 1439; x_wconf 87' lang='lat' dir='ltr'><strong>Proinde</strong></span> <span class='ocrx_word' id='word_1_100' title='bbox 817 1383 854 1439; x_wconf 90' lang='lat' dir='ltr'><strong>ad</strong></span> <span class='ocrx_word' id='word_1_101' title='bbox 866 1392 1022 1474; x_wconf 92' lang='lat' dir='ltr'><strong>utrumque</strong></span> <span class='ocrx_word' id='word_1_102' title='bbox 1047 1385 1167 1438; x_wconf 89' lang='lat' dir='ltr'><strong>interim</strong></span> <span class='ocrx_word' id='word_1_103' title='bbox 1180 1401 1248 1438; x_wconf 92' lang='lat' dir='ltr'><strong>mo-</strong></span> 
     </span>
     <span class='ocr_line' id='line_1_15' title="bbox 208 1464 1248 1541; baseline -0.006 -15"><span class='ocrx_word' id='word_1_104' title='bbox 208 1472 245 1526; x_wconf 94' lang='lat' dir='ltr'><strong>do</strong></span> <span class='ocrx_word' id='word_1_105' title='bbox 263 1479 366 1525; x_wconf 89' lang='lat' dir='ltr'><strong>nostra</strong></span> <span class='ocrx_word' id='word_1_106' title='bbox 380 1469 539 1540; x_wconf 88' lang='lat' dir='ltr'><strong>disputatio</strong></span> <span class='ocrx_word' id='word_1_107' title='bbox 553 1467 709 1522; x_wconf 80' lang='lat' dir='ltr'><strong>referatur.</strong></span> <span class='ocrx_word' id='word_1_108' title='bbox 753 1464 787 1521; x_wconf 88' lang='lat' dir='ltr'><strong>Si</strong></span> <span class='ocrx_word' id='word_1_109' title='bbox 802 1467 880 1522; x_wconf 89' lang='lat' dir='ltr'><strong>enim</strong></span> <span class='ocrx_word' id='word_1_110' title='bbox 892 1483 964 1522; x_wconf 86' lang='lat' dir='ltr'><strong>vera</strong></span> <span class='ocrx_word' id='word_1_111' title='bbox 978 1475 1057 1536; x_wconf 87' lang='lat' dir='ltr'><strong>sunt,</strong></span> <span class='ocrx_word' id='word_1_112' title='bbox 1082 1485 1156 1541; x_wconf 89' lang='lat' dir='ltr'><strong>quae</strong></span> <span class='ocrx_word' id='word_1_113' title='bbox 1169 1467 1248 1539; x_wconf 90' lang='lat' dir='ltr'><strong>apud</strong></span> 
     </span>
     <span class='ocr_line' id='line_1_16' title="bbox 206 1545 1285 1646; baseline -0.001 -40"><span class='ocrx_word' id='word_1_114' title='bbox 206 1554 273 1607; x_wconf 84' lang='lat' dir='ltr'><strong>illos</strong></span> <span class='ocrx_word' id='word_1_115' title='bbox 287 1552 323 1605; x_wconf 90' lang='lat' dir='ltr'><strong>de</strong></span> <span class='ocrx_word' id='word_1_116' title='bbox 336 1560 430 1604; x_wconf 87' lang='lat' dir='ltr'><strong>matre</strong></span> <span class='ocrx_word' id='word_1_117' title='bbox 443 1550 560 1604; x_wconf 85' lang='lat' dir='ltr'><strong>Aeneae</strong></span> <span class='ocrx_word' id='word_1_118' title='bbox 574 1547 653 1603; x_wconf 92' lang='lat' dir='ltr'><strong>etde</strong></span> <span class='ocrx_word' id='word_1_119' title='bbox 666 1557 750 1620; x_wconf 88' lang='lat' dir='ltr'><strong>patre</strong></span> <span class='ocrx_word' id='word_1_120' title='bbox 764 1545 882 1604; x_wconf 91' lang='lat' dir='ltr'><strong>Romuli</strong></span> <span class='ocrx_word' id='word_1_121' title='bbox 895 1551 1079 1646; x_wconf 82' lang='lat' dir='ltr'><strong>lectitantur,</strong></span> <span class='ocrx_word' id='word_1_122' title='bbox 1101 1549 1246 1623; x_wconf 92' lang='lat' dir='ltr'><strong>quomodo</strong></span> <span class='ocrx_word' id='word_1_123' title='bbox 1284 1589 1285 1592; x_wconf 63' lang='lat'><strong>,</strong></span> 
     </span>
     <span class='ocr_line' id='line_1_17' title="bbox 206 1629 1244 1710; baseline -0.001 -21"><span class='ocrx_word' id='word_1_124' title='bbox 206 1643 331 1710; x_wconf 80' lang='lat' dir='ltr'><strong>possunt</strong></span> <span class='ocrx_word' id='word_1_125' title='bbox 345 1631 401 1687; x_wconf 91' lang='lat' dir='ltr'><strong>diis</strong></span> <span class='ocrx_word' id='word_1_126' title='bbox 415 1632 561 1686; x_wconf 90' lang='lat' dir='ltr'><strong>adulterio</strong></span> <span class='ocrx_word' id='word_1_127' title='bbox 587 1631 743 1702; x_wconf 84' lang='lat' dir='ltr'><strong>displicere</strong></span> <span class='ocrx_word' id='word_1_128' title='bbox 762 1629 922 1702; x_wconf 91' lang='lat' dir='ltr'><strong>hominum,</strong></span> <span class='ocrx_word' id='word_1_129' title='bbox 953 1634 1071 1705; x_wconf 86' lang='lat' dir='ltr'><strong>quaein</strong></span> <span class='ocrx_word' id='word_1_130' title='bbox 1086 1634 1158 1706; x_wconf 83' lang='lat' dir='ltr'><strong>ipris</strong></span> <span class='ocrx_word' id='word_1_131' title='bbox 1173 1651 1244 1688; x_wconf 93' lang='lat' dir='ltr'><strong>con-</strong></span> 
     </span>
     <span class='ocr_line' id='line_1_18' title="bbox 209 1710 1247 1790; baseline -0.003 -16"><span class='ocrx_word' id='word_1_132' title='bbox 209 1717 339 1774; x_wconf 89' lang='lat' dir='ltr'><strong>corditer</strong></span> <span class='ocrx_word' id='word_1_133' title='bbox 354 1710 475 1771; x_wconf 81' lang='lat' dir='ltr'><strong>lerunt‘i</strong></span> <span class='ocrx_word' id='word_1_134' title='bbox 501 1712 535 1769; x_wconf 81' lang='lat' dir='ltr'><strong>si</strong></span> <span class='ocrx_word' id='word_1_135' title='bbox 546 1722 645 1768; x_wconf 87' lang='lat' dir='ltr'><strong>autem</strong></span> <span class='ocrx_word' id='word_1_136' title='bbox 658 1713 733 1768; x_wconf 86' lang='lat' dir='ltr'><strong>falsa</strong></span> <span class='ocrx_word' id='word_1_137' title='bbox 751 1723 839 1785; x_wconf 88' lang='lat' dir='ltr'><strong>sunt,</strong></span> <span class='ocrx_word' id='word_1_138' title='bbox 866 1733 922 1769; x_wconf 90' lang='lat' dir='ltr'><strong>noc</strong></span> <span class='ocrx_word' id='word_1_139' title='bbox 937 1715 980 1770; x_wconf 84' lang='lat' dir='ltr'><strong>sic</strong></span> <span class='ocrx_word' id='word_1_140' title='bbox 993 1715 1110 1790; x_wconf 90' lang='lat' dir='ltr'><strong>quidem</strong></span> <span class='ocrx_word' id='word_1_141' title='bbox 1121 1727 1247 1788; x_wconf 86' lang='lat' dir='ltr'><strong>possunt</strong></span> 
     </span>
     <span class='ocr_line' id='line_1_19' title="bbox 206 1794 1246 1872; baseline -0.002 -17"><span class='ocrx_word' id='word_1_142' title='bbox 206 1801 297 1856; x_wconf 88' lang='lat' dir='ltr'><strong>irasci</strong></span> <span class='ocrx_word' id='word_1_143' title='bbox 311 1799 392 1854; x_wconf 84' lang='lat' dir='ltr'><strong>veris</strong></span> <span class='ocrx_word' id='word_1_144' title='bbox 420 1797 574 1852; x_wconf 84' lang='lat' dir='ltr'><strong>adulteriis</strong></span> <span class='ocrx_word' id='word_1_145' title='bbox 601 1794 747 1867; x_wconf 87' lang='lat' dir='ltr'><strong>humanis,</strong></span> <span class='ocrx_word' id='word_1_146' title='bbox 774 1798 825 1872; x_wconf 92' lang='lat' dir='ltr'><strong>qui</strong></span> <span class='ocrx_word' id='word_1_147' title='bbox 851 1798 940 1853; x_wconf 89' lang='lat' dir='ltr'><strong>otiam</strong></span> <span class='ocrx_word' id='word_1_148' title='bbox 965 1797 1047 1853; x_wconf 86' lang='lat' dir='ltr'><strong>falsis</strong></span> <span class='ocrx_word' id='word_1_149' title='bbox 1062 1799 1246 1854; x_wconf 87' lang='lat' dir='ltr'><strong>delectantur</strong></span> 
     </span>
     <span class='ocr_line' id='line_1_20' title="bbox 207 1879 1244 1954; baseline -0.001 -17"><span class='ocrx_word' id='word_1_150' title='bbox 207 1884 278 1938; x_wconf 87' lang='lat' dir='ltr'><strong>suis.</strong></span> <span class='ocrx_word' id='word_1_151' title='bbox 323 1879 390 1937; x_wconf 88' lang='lat' dir='ltr'><strong>Huc</strong></span> <span class='ocrx_word' id='word_1_152' title='bbox 405 1880 535 1950; x_wconf 88' lang='lat' dir='ltr'><strong>accedit,</strong></span> <span class='ocrx_word' id='word_1_153' title='bbox 560 1881 698 1954; x_wconf 89' lang='lat' dir='ltr'><strong>quoniam</strong></span> <span class='ocrx_word' id='word_1_154' title='bbox 713 1881 739 1934; x_wconf 92' lang='lat' dir='ltr'><strong>si</strong></span> <span class='ocrx_word' id='word_1_155' title='bbox 753 1880 825 1936; x_wconf 92' lang='lat' dir='ltr'><strong>illud</strong></span> <span class='ocrx_word' id='word_1_156' title='bbox 838 1881 873 1935; x_wconf 93' lang='lat' dir='ltr'><strong>de</strong></span> <span class='ocrx_word' id='word_1_157' title='bbox 887 1879 982 1936; x_wconf 87' lang='lat' dir='ltr'><strong>Marto</strong></span> <span class='ocrx_word' id='word_1_158' title='bbox 995 1899 1055 1937; x_wconf 94' lang='lat' dir='ltr'><strong>non</strong></span> <span class='ocrx_word' id='word_1_159' title='bbox 1070 1882 1199 1938; x_wconf 89' lang='lat' dir='ltr'><strong>creditur</strong></span> <span class='ocrx_word' id='word_1_160' title='bbox 1212 1892 1244 1936; x_wconf 86' lang='lat' dir='ltr'><strong>ut</strong></span> 
     </span>
     <span class='ocr_line' id='line_1_21' title="bbox 206 1961 1243 2039; baseline -0.001 -19"><span class='ocrx_word' id='word_1_161' title='bbox 206 1965 262 2020; x_wconf 90' lang='lat' dir='ltr'><strong>hoc</strong></span> <span class='ocrx_word' id='word_1_162' title='bbox 276 1983 391 2039; x_wconf 87' lang='lat' dir='ltr'><strong>quoque</strong></span> <span class='ocrx_word' id='word_1_163' title='bbox 405 1964 441 2019; x_wconf 91' lang='lat' dir='ltr'><strong>de</strong></span> <span class='ocrx_word' id='word_1_164' title='bbox 466 1961 582 2018; x_wconf 87' lang='lat' dir='ltr'><strong>Venere</strong></span> <span class='ocrx_word' id='word_1_165' title='bbox 596 1980 656 2018; x_wconf 92' lang='lat' dir='ltr'><strong>non</strong></span> <span class='ocrx_word' id='word_1_166' title='bbox 683 1962 831 2034; x_wconf 86' lang='lat' dir='ltr'><strong>credatur,</strong></span> <span class='ocrx_word' id='word_1_167' title='bbox 857 1965 937 2020; x_wconf 88' lang='lat' dir='ltr'><strong>nullo</strong></span> <span class='ocrx_word' id='word_1_168' title='bbox 952 1963 1046 2020; x_wconf 91' lang='lat' dir='ltr'><strong>divini</strong></span> <span class='ocrx_word' id='word_1_169' title='bbox 1072 1965 1243 2020; x_wconf 89' lang='lat' dir='ltr'><strong>concubitus</strong></span> 
     </span>
     <span class='ocr_line' id='line_1_22' title="bbox 207 2045 1242 2104; baseline -0.002 0"><span class='ocrx_word' id='word_1_170' title='bbox 207 2049 331 2104; x_wconf 90' lang='lat' dir='ltr'><strong>obtentu</strong></span> <span class='ocrx_word' id='word_1_171' title='bbox 345 2049 448 2102; x_wconf 89' lang='lat' dir='ltr'><strong>matris</strong></span> <span class='ocrx_word' id='word_1_172' title='bbox 475 2045 593 2102; x_wconf 86' lang='lat' dir='ltr'><strong>Romuli</strong></span> <span class='ocrx_word' id='word_1_173' title='bbox 619 2065 707 2101; x_wconf 87' lang='lat' dir='ltr'><strong>eausa</strong></span> <span class='ocrx_word' id='word_1_174' title='bbox 733 2047 909 2102; x_wconf 83' lang='lat' dir='ltr'><strong>defenditur.</strong></span> <span class='ocrx_word' id='word_1_175' title='bbox 952 2045 1133 2104; x_wconf 84' lang='lat' dir='ltr'><strong>Fuitautem</strong></span> <span class='ocrx_word' id='word_1_176' title='bbox 1146 2067 1242 2103; x_wconf 86' lang='lat' dir='ltr'><strong>saeer-</strong></span> 
     </span>
     <span class='ocr_line' id='line_1_23' title="bbox 207 2127 1242 2208; baseline -0.001 -21"><span class='ocrx_word' id='word_1_177' title='bbox 207 2132 259 2188; x_wconf 90' lang='lat' dir='ltr'><strong>dos</strong></span> <span class='ocrx_word' id='word_1_178' title='bbox 275 2130 378 2206; x_wconf 86' lang='lat' dir='ltr'><strong>Sylvia</strong></span> <span class='ocrx_word' id='word_1_179' title='bbox 391 2129 535 2200; x_wconf 85' lang='lat' dir='ltr'><strong>Vestalis,</strong></span> <span class='ocrx_word' id='word_1_180' title='bbox 562 2137 592 2184; x_wconf 91' lang='lat' dir='ltr'><strong>et</strong></span> <span class='ocrx_word' id='word_1_181' title='bbox 605 2127 670 2184; x_wconf 90' lang='lat' dir='ltr'><strong>ideo</strong></span> <span class='ocrx_word' id='word_1_182' title='bbox 685 2130 726 2185; x_wconf 95' lang='lat' dir='ltr'><strong>dii</strong></span> <span class='ocrx_word' id='word_1_183' title='bbox 739 2131 833 2207; x_wconf 86' lang='lat' dir='ltr'><strong>magis</strong></span> <span class='ocrx_word' id='word_1_184' title='bbox 859 2131 891 2184; x_wconf 94' lang='lat' dir='ltr'><strong>in</strong></span> <span class='ocrx_word' id='word_1_185' title='bbox 905 2129 1053 2187; x_wconf 90' lang='lat' dir='ltr'><strong>Romanos</strong></span> <span class='ocrx_word' id='word_1_186' title='bbox 1067 2133 1242 2208; x_wconf 86' lang='lat' dir='ltr'><strong>sacrilegum</strong></span> 
     </span>
     <span class='ocr_line' id='line_1_24' title="bbox 207 2211 1285 2291; baseline 0.001 -22"><span class='ocrx_word' id='word_1_187' title='bbox 207 2215 279 2270; x_wconf 90' lang='lat' dir='ltr'><strong>illud</strong></span> <span class='ocrx_word' id='word_1_188' title='bbox 292 2213 453 2291; x_wconf 86' lang='lat' dir='ltr'><strong>flagitium,</strong></span> <span class='ocrx_word' id='word_1_189' title='bbox 478 2231 565 2286; x_wconf 91' lang='lat' dir='ltr'><strong>quam</strong></span> <span class='ocrx_word' id='word_1_190' title='bbox 587 2213 619 2267; x_wconf 93' lang='lat' dir='ltr'><strong>in</strong></span> <span class='ocrx_word' id='word_1_191' title='bbox 642 2211 789 2268; x_wconf 86' lang='lat' dir='ltr'><strong>Troianos</strong></span> <span class='ocrx_word' id='word_1_192' title='bbox 802 2212 917 2268; x_wconf 89' lang='lat' dir='ltr'><strong>Paridis</strong></span> <span class='ocrx_word' id='word_1_193' title='bbox 932 2213 1119 2286; x_wconf 80' lang='lat' dir='ltr'><strong>adulterium,</strong></span> <span class='ocrx_word' id='word_1_194' title='bbox 1145 2215 1243 2270; x_wconf 91' lang='lat' dir='ltr'><strong>vindi·</strong></span> <span class='ocrx_word' id='word_1_195' title='bbox 1284 2247 1285 2254; x_wconf 30' lang='grc' dir='ltr'>ι</span> 
     </span>
     <span class='ocr_line' id='line_1_25' title="bbox 209 2294 1242 2371; baseline 0.001 -19"><span class='ocrx_word' id='word_1_196' title='bbox 209 2315 277 2352; x_wconf 83' lang='lat' dir='ltr'><strong>aare</strong></span> <span class='ocrx_word' id='word_1_197' title='bbox 292 2296 465 2352; x_wconf 90' lang='lat' dir='ltr'><strong>debuerunt.</strong></span> <span class='ocrx_word' id='word_1_198' title='bbox 510 2295 585 2350; x_wconf 91' lang='lat' dir='ltr'><strong>Nam</strong></span> <span class='ocrx_word' id='word_1_199' title='bbox 599 2303 629 2350; x_wconf 90' lang='lat' dir='ltr'><strong>et</strong></span> <span class='ocrx_word' id='word_1_200' title='bbox 654 2297 711 2370; x_wconf 91' lang='lat' dir='ltr'><strong>ipsi</strong></span> <span class='ocrx_word' id='word_1_201' title='bbox 737 2294 863 2352; x_wconf 91' lang='lat' dir='ltr'><strong>Romani</strong></span> <span class='ocrx_word' id='word_1_202' title='bbox 891 2297 1006 2371; x_wconf 88' lang='lat' dir='ltr'><strong>antiqui</strong></span> <span class='ocrx_word' id='word_1_203' title='bbox 1020 2297 1051 2352; x_wconf 94' lang='lat' dir='ltr'><strong>in</strong></span> <span class='ocrx_word' id='word_1_204' title='bbox 1079 2306 1179 2371; x_wconf 91' lang='lat' dir='ltr'><strong>stupro</strong></span> <span class='ocrx_word' id='word_1_205' title='bbox 1193 2298 1242 2353; x_wconf 91' lang='lat' dir='ltr'><strong>de-</strong></span> 
     </span>
     <span class='ocr_line' id='line_1_26' title="bbox 207 2378 1285 2452; baseline 0.001 -17"><span class='ocrx_word' id='word_1_206' title='bbox 207 2389 302 2436; x_wconf 86' lang='lat' dir='ltr'><strong>tectas</strong></span> <span class='ocrx_word' id='word_1_207' title='bbox 317 2378 425 2434; x_wconf 88' lang='lat' dir='ltr'><strong>Vestae</strong></span> <span class='ocrx_word' id='word_1_208' title='bbox 439 2378 619 2448; x_wconf 88' lang='lat' dir='ltr'><strong>sacerdotes,</strong></span> <span class='ocrx_word' id='word_1_209' title='bbox 644 2381 728 2436; x_wconf 88' lang='lat' dir='ltr'><strong>vivas</strong></span> <span class='ocrx_word' id='word_1_210' title='bbox 755 2381 843 2434; x_wconf 87' lang='lat' dir='ltr'><strong>etiam</strong></span> <span class='ocrx_word' id='word_1_211' title='bbox 870 2379 1071 2452; x_wconf 81' lang='lat' dir='ltr'><strong>defodiebant3</strong></span> <span class='ocrx_word' id='word_1_212' title='bbox 1098 2380 1242 2436; x_wconf 82' lang='lat' dir='ltr'><strong>adulteras</strong></span> <span class='ocrx_word' id='word_1_213' title='bbox 1284 2433 1285 2444; x_wconf 67' lang='grc'>,</span> 
     </span>
     <span class='ocr_line' id='line_1_27' title="bbox 207 2463 1241 2537; baseline 0.003 -21"><span class='ocrx_word' id='word_1_214' title='bbox 207 2473 306 2518; x_wconf 74' lang='lat' dir='ltr'><strong>sautem</strong></span> <span class='ocrx_word' id='word_1_215' title='bbox 319 2463 456 2531; x_wconf 71' lang='lat' dir='ltr'><strong>sentinas,</strong></span> <span class='ocrx_word' id='word_1_216' title='bbox 482 2463 615 2536; x_wconf 90' lang='lat' dir='ltr'><strong>quamvis</strong></span> <span class='ocrx_word' id='word_1_217' title='bbox 631 2463 728 2537; x_wconf 89' lang='lat' dir='ltr'><strong>aliqua</strong></span> <span class='ocrx_word' id='word_1_218' title='bbox 741 2463 940 2534; x_wconf 87' lang='lat' dir='ltr'><strong>damnatione,</strong></span> <span class='ocrx_word' id='word_1_219' title='bbox 960 2463 1041 2518; x_wconf 89' lang='lat' dir='ltr'><strong>nulla</strong></span> <span class='ocrx_word' id='word_1_220' title='bbox 1054 2472 1151 2520; x_wconf 88' lang='lat' dir='ltr'><strong>tamen</strong></span> <span class='ocrx_word' id='word_1_221' title='bbox 1165 2484 1241 2520; x_wconf 82' lang='lat' dir='ltr'><strong>mor·-</strong></span> 
     </span>
     <span class='ocr_line' id='line_1_28' title="bbox 207 2544 1242 2622; baseline 0.002 -21"><span class='ocrx_word' id='word_1_222' title='bbox 207 2559 237 2601; x_wconf 91' lang='lat' dir='ltr'><strong>te</strong></span> <span class='ocrx_word' id='word_1_223' title='bbox 251 2545 432 2619; x_wconf 80' lang='lat' dir='ltr'><strong>plectebant:</strong></span> <span class='ocrx_word' id='word_1_224' title='bbox 461 2544 638 2618; x_wconf 90' lang='lat' dir='ltr'><strong>usqueadeo</strong></span> <span class='ocrx_word' id='word_1_225' title='bbox 653 2548 774 2622; x_wconf 84' lang='lat' dir='ltr'><strong>gravius</strong></span> <span class='ocrx_word' id='word_1_226' title='bbox 788 2564 863 2620; x_wconf 91' lang='lat' dir='ltr'><strong>quae</strong></span> <span class='ocrx_word' id='word_1_227' title='bbox 876 2547 1019 2620; x_wconf 87' lang='lat' dir='ltr'><strong>putabant</strong></span> <span class='ocrx_word' id='word_1_228' title='bbox 1031 2545 1120 2622; x_wconf 87' lang='lat' dir='ltr'><strong>adyta</strong></span> <span class='ocrx_word' id='word_1_229' title='bbox 1133 2547 1242 2618; x_wconf 86' lang='lat' dir='ltr'><strong>divina,</strong></span> 
     </span>
     <span class='ocr_line' id='line_1_29' title="bbox 207 2625 1242 2706; baseline 0 -22"><span class='ocrx_word' id='word_1_230' title='bbox 207 2648 292 2704; x_wconf 90' lang='lat' dir='ltr'><strong>quam</strong></span> <span class='ocrx_word' id='word_1_231' title='bbox 306 2629 433 2686; x_wconf 80' lang='lat' dir='ltr'><strong>hunmna</strong></span> <span class='ocrx_word' id='word_1_232' title='bbox 448 2629 554 2684; x_wconf 89' lang='lat' dir='ltr'><strong>cubilia</strong></span> <span class='ocrx_word' id='word_1_233' title='bbox 568 2627 767 2685; x_wconf 85' lang='lat' dir='ltr'><strong>vindicabant.</strong></span> <span class='ocrx_word' id='word_1_234' title='bbox 793 2663 796 2668; x_wconf 91' lang='lat'>·</span> <span class='ocrx_word' id='word_1_235' title='bbox 988 2625 1024 2696; x_wconf 65' lang='grc' dir='ltr'><strong>ί*</strong></span> <span class='ocrx_word' id='word_1_236' title='bbox 1039 2629 1077 2686; x_wconf 84' lang='lat' dir='ltr'><strong>ul.</strong></span> <span class='ocrx_word' id='word_1_237' title='bbox 1095 2628 1176 2686; x_wconf 77' lang='lat' dir='ltr'><em>CAP.</em></span> <span class='ocrx_word' id='word_1_238' title='bbox 1192 2629 1242 2706; x_wconf 83' lang='lat' dir='ltr'><strong>V.)</strong></span> 
     </span>
    </p>
   </div>
   <div class='ocr_carea' id='block_1_7' title="bbox 613 2779 836 2836">
    <p class='ocr_par' dir='ltr' id='par_1_7' title="bbox 613 2779 836 2836">
     <span class='ocr_line' id='line_1_30' title="bbox 613 2779 836 2836; baseline 0 -1"><span class='ocrx_word' id='word_1_239' title='bbox 613 2779 732 2836; x_wconf 86' lang='lat' dir='ltr'><strong>CAP.</strong></span> <span class='ocrx_word' id='word_1_240' title='bbox 776 2780 836 2836; x_wconf 93' lang='lat' dir='ltr'><strong>Vl.</strong></span> 
     </span>
    </p>
   </div>
   <div class='ocr_carea' id='block_1_8' title="bbox 331 2873 1113 2944">
    <p class='ocr_par' dir='ltr' id='par_1_8' title="bbox 331 2873 1113 2944">
     <span class='ocr_line' id='line_1_31' title="bbox 331 2873 1113 2944; baseline 0.001 -20"><span class='ocrx_word' id='word_1_241' title='bbox 331 2875 376 2926; x_wconf 85' lang='lat' dir='ltr'><strong>De</strong></span> <span class='ocrx_word' id='word_1_242' title='bbox 393 2875 545 2941; x_wconf 76' lang='lat' dir='ltr'><strong>parricidio</strong></span> <span class='ocrx_word' id='word_1_243' title='bbox 565 2873 688 2939; x_wconf 83' lang='lat' dir='ltr'><strong>Romuli,</strong></span> <span class='ocrx_word' id='word_1_244' title='bbox 714 2879 785 2944; x_wconf 83' lang='lat' dir='ltr'><strong>quod</strong></span> <span class='ocrx_word' id='word_1_245' title='bbox 804 2877 843 2928; x_wconf 80' lang='lat' dir='ltr'><strong>dii</strong></span> <span class='ocrx_word' id='word_1_246' title='bbox 862 2893 914 2928; x_wconf 90' lang='lat' dir='ltr'><strong>non</strong></span> <span class='ocrx_word' id='word_1_247' title='bbox 933 2877 1113 2929; x_wconf 78' lang='lat' dir='ltr'><strong>vindicarunt.</strong></span> 
     </span>
    </p>
   </div>
   <div class='ocr_carea' id='block_1_9' title="bbox 203 2979 1285 3890">
    <p class='ocr_par' dir='ltr' id='par_1_9' title="bbox 203 2979 1285 3890">
     <span class='ocr_line' id='line_1_32' title="bbox 268 2979 1238 3059; baseline 0.003 -22"><span class='ocrx_word' id='word_1_248' title='bbox 268 2979 355 3037; x_wconf 80' lang='lat' dir='ltr'><strong>Aliud</strong></span> <span class='ocrx_word' id='word_1_249' title='bbox 368 2981 487 3053; x_wconf 88' lang='lat' dir='ltr'><strong>adiieio,</strong></span> <span class='ocrx_word' id='word_1_250' title='bbox 512 2985 580 3058; x_wconf 87' lang='lat' dir='ltr'><strong>quia</strong></span> <span class='ocrx_word' id='word_1_251' title='bbox 603 2985 629 3038; x_wconf 91' lang='lat' dir='ltr'><strong>si</strong></span> <span class='ocrx_word' id='word_1_252' title='bbox 652 3003 686 3039; x_wconf 91' lang='lat' dir='ltr'><strong>co</strong></span> <span class='ocrx_word' id='word_1_253' title='bbox 700 3001 792 3059; x_wconf 90' lang='lat' dir='ltr'><strong>usque</strong></span> <span class='ocrx_word' id='word_1_254' title='bbox 814 2993 934 3058; x_wconf 86' lang='lat' dir='ltr'><strong>peecata</strong></span> <span class='ocrx_word' id='word_1_255' title='bbox 946 2983 1096 3040; x_wconf 91' lang='lat' dir='ltr'><strong>hominum</strong></span> <span class='ocrx_word' id='word_1_256' title='bbox 1109 2983 1168 3038; x_wconf 86' lang='lat' dir='ltr'><strong>illis</strong></span> <span class='ocrx_word' id='word_1_257' title='bbox 1185 3003 1238 3040; x_wconf 94' lang='lat' dir='ltr'><strong>nu-</strong></span> 
     </span>
     <span class='ocr_line' id='line_1_33' title="bbox 204 3063 1237 3140; baseline 0.002 -19"><span class='ocrx_word' id='word_1_258' title='bbox 204 3065 331 3122; x_wconf 86' lang='lat' dir='ltr'><strong>minibus</strong></span> <span class='ocrx_word' id='word_1_259' title='bbox 358 3065 559 3140; x_wconf 88' lang='lat' dir='ltr'><strong>displicerent,</strong></span> <span class='ocrx_word' id='word_1_260' title='bbox 585 3075 619 3122; x_wconf 91' lang='lat' dir='ltr'><strong>ut</strong></span> <span class='ocrx_word' id='word_1_261' title='bbox 633 3063 737 3122; x_wconf 82' lang='lat' dir='ltr'><strong>oll&#39;ensi</strong></span> <span class='ocrx_word' id='word_1_262' title='bbox 764 3067 878 3122; x_wconf 88' lang='lat' dir='ltr'><strong>Paridis</strong></span> <span class='ocrx_word' id='word_1_263' title='bbox 906 3068 985 3123; x_wconf 86' lang='lat' dir='ltr'><strong>facto</strong></span> <span class='ocrx_word' id='word_1_264' title='bbox 1004 3068 1150 3122; x_wconf 86' lang='lat' dir='ltr'><strong>desertam</strong></span> <span class='ocrx_word' id='word_1_265' title='bbox 1164 3065 1237 3123; x_wconf 88' lang='lat' dir='ltr'><strong>Tro-</strong></span> 
     </span>
     <span class='ocr_line' id='line_1_34' title="bbox 204 3147 1237 3226; baseline 0.003 -23"><span class='ocrx_word' id='word_1_266' title='bbox 204 3151 263 3203; x_wconf 89' lang='lat' dir='ltr'><strong>iam</strong></span> <span class='ocrx_word' id='word_1_267' title='bbox 276 3147 356 3202; x_wconf 84' lang='lat' dir='ltr'><strong>ferro</strong></span> <span class='ocrx_word' id='word_1_268' title='bbox 369 3149 547 3226; x_wconf 83' lang='lat' dir='ltr'><strong>ignibusque</strong></span> <span class='ocrx_word' id='word_1_269' title='bbox 561 3151 720 3206; x_wconf 88' lang='lat' dir='ltr'><strong>donarent·</strong></span> <span class='ocrx_word' id='word_1_270' title='bbox 713 3151 828 3226; x_wconf 74' lang='lat' dir='ltr'><strong>,stragis</strong></span> <span class='ocrx_word' id='word_1_271' title='bbox 841 3169 891 3206; x_wconf 90' lang='lat' dir='ltr'><strong>cos</strong></span> <span class='ocrx_word' id='word_1_272' title='bbox 904 3161 1008 3206; x_wconf 88' lang='lat' dir='ltr'><strong>contra</strong></span> <span class='ocrx_word' id='word_1_273' title='bbox 1019 3149 1166 3206; x_wconf 89' lang='lat' dir='ltr'><strong>Romanos</strong></span> <span class='ocrx_word' id='word_1_274' title='bbox 1177 3169 1237 3206; x_wconf 84' lang='grc' dir='ltr'>ιιιο-</span> 
     </span>
     <span class='ocr_line' id='line_1_35' title="bbox 203 3229 1237 3332; baseline 0.004 -46"><span class='ocrx_word' id='word_1_275' title='bbox 203 3241 288 3287; x_wconf 88' lang='lat' dir='ltr'><strong>voret</strong></span> <span class='ocrx_word' id='word_1_276' title='bbox 301 3229 418 3287; x_wconf 91' lang='lat' dir='ltr'><strong>Romuli</strong></span> <span class='ocrx_word' id='word_1_277' title='bbox 433 3232 526 3288; x_wconf 86' lang='lat' dir='ltr'><strong>frater</strong></span> <span class='ocrx_word' id='word_1_278' title='bbox 552 3235 678 3332; x_wconf 83' lang='lat' dir='ltr'><strong>occisus,</strong></span> <span class='ocrx_word' id='word_1_279' title='bbox 706 3251 792 3308; x_wconf 92' lang='lat' dir='ltr'><strong>quam</strong></span> <span class='ocrx_word' id='word_1_280' title='bbox 802 3245 922 3290; x_wconf 80' lang='lat' dir='ltr'><strong>&#39;contra</strong></span> <span class='ocrx_word' id='word_1_281' title='bbox 948 3233 1093 3290; x_wconf 87' lang='lat' dir='ltr'><strong>Troianos</strong></span> <span class='ocrx_word' id='word_1_282' title='bbox 1109 3232 1237 3290; x_wconf 87' lang='lat' dir='ltr'><strong>Graecus</strong></span> 
     </span>
     <span class='ocr_line' id='line_1_36' title="bbox 203 3297 1237 3396; baseline 0.002 -26"><span class='ocrx_word' id='word_1_283' title='bbox 203 3317 326 3370; x_wconf 79' lang='lat' dir='ltr'><strong>nranitus</strong></span> <span class='ocrx_word' id='word_1_284' title='bbox 342 3315 461 3388; x_wconf 88' lang='lat' dir='ltr'><strong>illusus;</strong></span> <span class='ocrx_word' id='word_1_285' title='bbox 487 3319 582 3396; x_wconf 89' lang='lat' dir='ltr'><strong>magis</strong></span> <span class='ocrx_word' id='word_1_286' title='bbox 597 3317 730 3372; x_wconf 85' lang='lat' dir='ltr'><strong>irritaret</strong></span> <span class='ocrx_word' id='word_1_287' title='bbox 742 3297 933 3389; x_wconf 86' lang='lat' dir='ltr'><strong>parricidium</strong></span> <span class='ocrx_word' id='word_1_288' title='bbox 953 3317 1125 3388; x_wconf 85' lang='lat' dir='ltr'><strong>nascentis,</strong></span> <span class='ocrx_word' id='word_1_289' title='bbox 1154 3335 1237 3391; x_wconf 89' lang='lat' dir='ltr'><strong>quam</strong></span> 
     </span>
     <span class='ocr_line' id='line_1_37' title="bbox 203 3399 1285 3496; baseline 0.006 -43"><span class='ocrx_word' id='word_1_290' title='bbox 203 3399 364 3496; x_wconf 88' lang='lat' dir='ltr'><strong>regnantis</strong></span> <span class='ocrx_word' id='word_1_291' title='bbox 372 3399 548 3456; x_wconf 82' lang='lat' dir='ltr'><strong>adrrlterium</strong></span> <span class='ocrx_word' id='word_1_292' title='bbox 578 3401 716 3456; x_wconf 85' lang='lat' dir='ltr'><strong>civitatis.</strong></span> <span class='ocrx_word' id='word_1_293' title='bbox 761 3399 824 3456; x_wconf 92' lang='lat' dir='ltr'><strong>Nec</strong></span> <span class='ocrx_word' id='word_1_294' title='bbox 850 3401 886 3457; x_wconf 89' lang='lat' dir='ltr'><strong>ad</strong></span> <span class='ocrx_word' id='word_1_295' title='bbox 901 3419 1029 3472; x_wconf 72' lang='lat' dir='ltr'><strong>calisam,</strong></span> <span class='ocrx_word' id='word_1_296' title='bbox 1060 3417 1145 3475; x_wconf 90' lang='lat' dir='ltr'><strong>quam</strong></span> <span class='ocrx_word' id='word_1_297' title='bbox 1160 3419 1236 3456; x_wconf 82' lang='lat' dir='ltr'><strong>nrrnc</strong></span> <span class='ocrx_word' id='word_1_298' title='bbox 1284 3451 1285 3460; x_wconf 71' lang='grc'>,</span> 
     </span>
     <span class='ocr_line' id='line_1_38' title="bbox 203 3481 1235 3559; baseline 0.001 -23.008"><span class='ocrx_word' id='word_1_299' title='bbox 203 3485 329 3559; x_wconf 85' lang='lat' dir='ltr'><strong>agimus,</strong></span> <span class='ocrx_word' id='word_1_300' title='bbox 356 3483 492 3552; x_wconf 88' lang='lat' dir='ltr'><strong>interest,</strong></span> <span class='ocrx_word' id='word_1_301' title='bbox 518 3493 617 3538; x_wconf 90' lang='lat' dir='ltr'><strong>utrum</strong></span> <span class='ocrx_word' id='word_1_302' title='bbox 642 3481 698 3538; x_wconf 88' lang='lat' dir='ltr'><strong>hoo</strong></span> <span class='ocrx_word' id='word_1_303' title='bbox 725 3483 791 3538; x_wconf 80' lang='lat' dir='ltr'><strong>nera</strong></span> <span class='ocrx_word' id='word_1_304' title='bbox 803 3481 943 3541; x_wconf 88' lang='lat' dir='ltr'><strong>Romulus</strong></span> <span class='ocrx_word' id='word_1_305' title='bbox 957 3485 1089 3553; x_wconf 87' lang='lat' dir='ltr'><strong>iusserit,</strong></span> <span class='ocrx_word' id='word_1_306' title='bbox 1112 3493 1163 3539; x_wconf 87' lang='lat' dir='ltr'><strong>aut</strong></span> <span class='ocrx_word' id='word_1_307' title='bbox 1178 3481 1235 3538; x_wconf 90' lang='lat' dir='ltr'><strong>Ro-</strong></span> 
     </span>
     <span class='ocr_line' id='line_1_39' title="bbox 203 3565 1235 3646; baseline 0 -26"><span class='ocrx_word' id='word_1_308' title='bbox 203 3568 297 3620; x_wconf 86' lang='lat' dir='ltr'><strong>mulus</strong></span> <span class='ocrx_word' id='word_1_309' title='bbox 311 3565 427 3635; x_wconf 87' lang='lat' dir='ltr'><strong>feeerit,</strong></span> <span class='ocrx_word' id='word_1_310' title='bbox 455 3565 530 3639; x_wconf 94' lang='lat' dir='ltr'><strong>quod</strong></span> <span class='ocrx_word' id='word_1_311' title='bbox 557 3567 641 3620; x_wconf 91' lang='lat' dir='ltr'><strong>multi</strong></span> <span class='ocrx_word' id='word_1_312' title='bbox 666 3566 847 3640; x_wconf 90' lang='lat' dir='ltr'><strong>impudentia</strong></span> <span class='ocrx_word' id='word_1_313' title='bbox 874 3576 1004 3646; x_wconf 85' lang='lat' dir='ltr'><strong>negant,</strong></span> <span class='ocrx_word' id='word_1_314' title='bbox 1030 3567 1115 3622; x_wconf 91' lang='lat' dir='ltr'><strong>multi</strong></span> <span class='ocrx_word' id='word_1_315' title='bbox 1128 3565 1235 3640; x_wconf 91' lang='lat' dir='ltr'><strong>pudore</strong></span> 
     </span>
     <span class='ocr_line' id='line_1_40' title="bbox 204 3646 1236 3724; baseline 0.002 -22"><span class='ocrx_word' id='word_1_316' title='bbox 204 3648 350 3718; x_wconf 88' lang='lat' dir='ltr'><strong>dubitant,</strong></span> <span class='ocrx_word' id='word_1_317' title='bbox 375 3649 460 3702; x_wconf 93' lang='lat' dir='ltr'><strong>multi</strong></span> <span class='ocrx_word' id='word_1_318' title='bbox 473 3646 574 3703; x_wconf 91' lang='lat' dir='ltr'><strong>dolore</strong></span> <span class='ocrx_word' id='word_1_319' title='bbox 588 3647 783 3704; x_wconf 89' lang='lat' dir='ltr'><strong>dissimulant.</strong></span> <span class='ocrx_word' id='word_1_320' title='bbox 827 3647 890 3704; x_wconf 90' lang='lat' dir='ltr'><strong>Neo</strong></span> <span class='ocrx_word' id='word_1_321' title='bbox 916 3669 971 3705; x_wconf 90' lang='lat' dir='ltr'><strong>nos</strong></span> <span class='ocrx_word' id='word_1_322' title='bbox 990 3651 1090 3724; x_wconf 88' lang='lat' dir='ltr'><strong>itaquo</strong></span> <span class='ocrx_word' id='word_1_323' title='bbox 1104 3651 1135 3704; x_wconf 91' lang='lat' dir='ltr'><strong>in</strong></span> <span class='ocrx_word' id='word_1_324' title='bbox 1160 3667 1193 3704; x_wconf 90' lang='lat' dir='ltr'><strong>ea</strong></span> <span class='ocrx_word' id='word_1_325' title='bbox 1206 3668 1236 3704; x_wconf 87' lang='lat' dir='ltr'><strong>re</strong></span> 
     </span>
     <span class='ocr_line' id='line_1_41' title="bbox 205 3730 1237 3806; baseline 0.004 -22"><span class='ocrx_word' id='word_1_326' title='bbox 205 3730 378 3806; x_wconf 85' lang='lat' dir='ltr'><strong>diligentius</strong></span> <span class='ocrx_word' id='word_1_327' title='bbox 394 3730 570 3804; x_wconf 88' lang='lat' dir='ltr'><strong>requirenda</strong></span> <span class='ocrx_word' id='word_1_328' title='bbox 583 3749 635 3804; x_wconf 91' lang='lat' dir='ltr'><strong>per</strong></span> <span class='ocrx_word' id='word_1_329' title='bbox 660 3735 818 3787; x_wconf 89' lang='lat' dir='ltr'><strong>multorum</strong></span> <span class='ocrx_word' id='word_1_330' title='bbox 834 3733 1013 3804; x_wconf 88' lang='lat' dir='ltr'><strong>scriptorum</strong></span> <span class='ocrx_word' id='word_1_331' title='bbox 1034 3751 1178 3806; x_wconf 88' lang='lat' dir='ltr'><strong>perpensa</strong></span> <span class='ocrx_word' id='word_1_332' title='bbox 1195 3741 1237 3788; x_wconf 87' lang='lat' dir='ltr'><strong>te-</strong></span> 
     </span>
     <span class='ocr_line' id='line_1_42' title="bbox 204 3812 1237 3890; baseline 0.004 -22"><span class='ocrx_word' id='word_1_333' title='bbox 204 3814 342 3868; x_wconf 89' lang='lat' dir='ltr'><strong>stimonia</strong></span> <span class='ocrx_word' id='word_1_334' title='bbox 356 3812 552 3869; x_wconf 87' lang='lat' dir='ltr'><strong>demoremur:</strong></span> <span class='ocrx_word' id='word_1_335' title='bbox 591 3813 706 3870; x_wconf 86' lang='lat' dir='ltr'><strong>Romuli</strong></span> <span class='ocrx_word' id='word_1_336' title='bbox 723 3815 843 3870; x_wconf 84' lang='lat' dir='ltr'><strong>fratrem</strong></span> <span class='ocrx_word' id='word_1_337' title='bbox 857 3817 952 3890; x_wconf 69' lang='lat' dir='ltr'><strong>padam</strong></span> <span class='ocrx_word' id='word_1_338' title='bbox 965 3824 1082 3872; x_wconf 86' lang='lat' dir='ltr'><strong>constat</strong></span> <span class='ocrx_word' id='word_1_339' title='bbox 1097 3817 1237 3888; x_wconf 82' lang='lat' dir='ltr'><strong>oecisun13</strong></span> 
     </span>
    </p>
   </div>
   <div class='ocr_carea' id='block_1_10' title="bbox 0 0 1300 4396">
    <p class='ocr_par' dir='ltr' id='par_1_10' title="bbox 0 0 1300 4396">
     <span class='ocr_line' id='line_1_43' title="bbox 0 0 1300 4396; baseline 0 0"><span class='ocrx_word' id='word_1_340' title='bbox 0 0 1300 4396; x_wconf 95' lang='lat' dir='ltr'><strong> </strong></span> 
     </span>
    </p>
   </div>
  </div>
 </body>
</html>
