2538 4392
242 164 302 228 nb
323 167 541 232 ClVl'l'ATE
564 170 645 232 DEI
666 172 745 232 ΗΒ.
768 174 877 236 XVll.
1027 185 1088 244 lot

8 365 16 401 ῃ
47 321 133 378 iuter
146 336 178 376 se
191 317 326 378 civilibus
338 320 438 394 bellis,
464 329 497 380 ut
506 323 595 382 certis
609 324 818 386 exsistentibus
832 331 944 403 causis,
969 333 1084 392 miseri-

8 451 12 486 :
46 402 153 460 cordia
170 399 229 458 Dei
250 405 299 460 vel
320 405 365 460 ira
386 412 565 480 patesceret3
592 406 685 464 donec
708 411 771 466 eins
792 411 997 490 indignatione
1017 437 1083 474 cre·

7 537 11 546 .
44 494 168 557 scente,
181 486 320 544 universa
331 506 405 566 gens
416 489 468 546 illa
480 507 498 546 a
510 487 663 548 Chaldaeis
676 489 903 567 debellantibus,
917 515 977 554 non
989 500 1082 558 solum

7 561 11 638 ζ
42 569 269 626 subverteretur
285 571 318 628 iu
337 570 453 628 sedibus
472 574 549 646 suis,
575 571 626 630 sed
643 575 731 632 etiam
744 593 782 632 ex
800 579 928 636 maxim
943 581 989 636 sui
1000 593 1083 657 parte

7 649 9 714 J
41 651 260 710 transferretur
271 655 304 710 in
317 663 411 712 terras
424 655 628 732 Assyriorum,
649 659 731 734 prius
745 660 795 716 illa
808 679 891 736 pars,
909 681 983 739 qnae
995 683 1082 722 voca·

6 731 8 740 ’
39 737 135 793 batur
146 733 236 792 lsraiil
248 738 280 793 iu
292 737 427 794 tribubus
438 737 553 803 decem:
566 749 668 814 postea
682 759 752 798 vero
767 745 854 800 etiam
867 743 965 817 ludas,
980 764 1082 804 eversa

40 818 233 876 Hierusalem
247 829 277 876 et
289 823 396 895 templo
409 823 460 878 illo
473 821 672 882 nobilissimo:
698 826 730 882 in
744 827 849 901 quibus
862 829 950 884 terris
962 848 1015 905 per
1027 849 1082 888 an·

39 920 102 959 nos
116 904 305 982 septuaginta
318 905 465 979 captivum
478 906 540 984 egit
552 907 652 964 otium.
696 906 769 966 Post
781 927 854 986 quos
869 909 938 968 iude
952 912 1082 986 diruisse,

38 985 187 1059 templum
199 985 276 1060 quod
288 1005 423 1044 eversum
435 988 547 1062 fuerat,
559 990 749 1049 instauravit:
775 1002 806 1048 et
818 995 951 1070 quamvis
964 997 1081 1070 plurimi

37 1071 111 1125 eius
125 1068 159 1123 in
172 1067 404 1146 alienigenarum
417 1070 559 1151 degerent
572 1075 678 1145 terris,
698 1093 759 1131 nou
771 1073 873 1134 habuit
885 1087 984 1136 tamen
998 1079 1083 1136 deiu-

36 1169 112 1228 ceps
133 1148 204 1207 duas
221 1154 310 1230 regni
326 1162 443 1228 partes,
470 1164 501 1213 et
522 1155 595 1213 duos
615 1156 747 1215 diversos
766 1159 798 1216 in
812 1159 939 1239 singulis
951 1162 1082 1238 partibus

35 1251 147 1314 reges:
174 1233 226 1292 sed
244 1233 276 1292 in
289 1235 475 1294 Hierusalem
487 1239 624 1315 princeps
638 1259 741 1298 eorum
753 1259 830 1299 uuus
845 1252 924 1315 erat,
946 1254 1034 1322 atque
1046 1245 1082 1302 ad

33 1318 102 1377 Dei
113 1319 270 1392 templum,
283 1319 414 1396 quodibi
427 1331 507 1393 erat,
520 1340 622 1380 omues
635 1323 780 1400 undique,
793 1326 959 1404 ubicunque
972 1337 1083 1400 essent,

33 1412 68 1460 et
85 1399 281 1478 undecunque
292 1413 428 1480 possent,
441 1415 588 1482 percerte
601 1416 732 1483 tempora
743 1408 910 1468 veniebant.
954 1409 1014 1468 Sed
1027 1429 1083 1468 nee

31 1496 114 1544 tuno
133 1485 175 1540 eis
193 1481 293 1542 hostes
315 1503 354 1543 cx
368 1489 435 1544 aliis
452 1475 589 1568 gentibus
609 1499 885 1570 expugnatoresque
910 1491 1081 1552 defuerunt:

30 1587 110 1629 narn
126 1568 213 1625 etiam
227 1565 428 1629 Romanorum
440 1573 499 1629 iam
517 1571 686 1632 tributarios
705 1593 756 1632 eos
770 1573 902 1633 Christus
916 1577 1039 1648 invenit.

400 1721 527 1781 CAP.
574 1721 728 1782 XXIV.

28 1817 81 1874 De
92 1815 256 1886 Propitiis,
276 1815 325 1888 poi
332 1820 376 1902 pel
384 1819 459 1903 opud
468 1819 582 1904 ludaeos
588 1822 721 1905 postremi
731 1823 874 1905 ficerunt,
882 1824 927 1876 eei
934 1838 999 1906 quos
1008 1823 1083 1878 cirea

165 1893 268 1958 tempas
278 1895 435 1943 mnesteus
447 1889 553 1943 Chrests
562 1891 732 1963 Eoougebco
739 1893 835 1961 prodet
844 1891 969 1948 bostono.

102 1990 182 2050 Toto
201 2002 299 2050 autem
315 1995 366 2051 illo
383 2003 530 2070 tempore,
560 2015 598 2054 ex
617 2016 674 2074 quo
692 1997 847 2056 redieruut
858 1995 895 2053 de
907 1995 1082 2074 Babylonia,

24 2085 107 2160 post
118 2073 308 2150 Malachiam,
333 2077 502 2158 Aggaeum,
524 2089 554 2136 et
566 2077 757 2151 Zachariam,
781 2081 832 2156 qui
843 2088 915 2136 tuuc
927 2079 1083 2154 propheta·

24 2167 166 2230 verunt,
192 2169 221 2215 et
233 2158 375 2232 Esdram,
394 2179 457 2218 nou
468 2159 637 2220 habuerunt
648 2159 809 2236 Prophetas
822 2178 915 2236 usque
928 2160 965 2218 ad
978 2160 1082 2218 Salva-

22 2245 113 2306 toris
127 2240 306 2316 adventum,
325 2243 383 2302 nisi
396 2245 487 2302 alium
500 2243 675 2302 Zachariam
687 2253 801 2320 patrem
813 2241 951 2316 loannis,
975 2253 1005 2300 et
1017 2243 1081 2302 Eli-

21 2329 123 2388 sabet
138 2327 202 2383 eius
216 2344 355 2401 uxorem,
382 2325 491 2386 Christi
503 2329 659 2386 nativitate
678 2329 738 2384 iam
756 2329 905 2403 proxima,
932 2336 963 2384 et
977 2345 1011 2384 eo
1024 2329 1083 2386 iam

21 2421 127 2482 nato,
142 2406 311 2468 Simeonem
324 2429 435 2482 senem,
449 2419 479 2468 et
488 2411 604 2468 Annam
614 2411 733 2468 viduam
742 2411 859 2488 iamque
872 2409 1083 2488 grandaevam,

20 2507 61 2554 et
77 2496 182 2570 ipsum
194 2489 335 2552 loannem
348 2495 557 2554 novissimum:
571 2495 622 2569 qui
635 2495 769 2565 iuvenis,
783 2495 842 2550 iam
854 2493 992 2550 iuvenem
998 2491 1083 2550 Chri·

19 2591 134 2648 stum,
161 2593 223 2634 uon
237 2577 353 2654 quidem
366 2577 499 2634 futtrrum
515 2575 683 2652 praedixit,
709 2575 761 2632 sed
779 2585 879 2632 tamen
897 2577 1083 2654 incognitum

15 2659 210 2742 prophetica
230 2661 404 2738 cognitione
421 2660 610 2718 monstravit:
636 2666 756 2736 propter
769 2657 847 2734 quod
859 2659 922 2732 ipse
935 2655 1082 2719 Dominus

15 2749 90 2806 ait:
118 2741 186 2801 Lex
199 2753 229 2801 et
241 2739 411 2822 Prophetae
423 2759 515 2820 usque
528 2743 570 2801 ad
582 2739 732 2801 Ioannem.
776 2739 837 2799 Sed
854 2743 978 2800 istorum
996 2742 1082 2818 quiu-

13 2847 95 2907 que
108 2823 296 2902 prophetatio
313 2843 350 2882 ex
362 2824 530 2905 Evangelio
542 2825 628 2884 nobis
641 2834 714 2883 nota
727 2835 788 2884 est:
814 2825 864 2882 ubi
879 2832 909 2880 et
921 2825 986 2900 ipsa
996 2826 1083 2906 virgo

12 2919 130 2973 mater
143 2907 266 2966 Domini
277 2919 347 2968 ante
360 2907 502 2967 loannem
513 2907 703 2986 prophetasse
721 2909 883 2968 invenitur.
931 2905 991 2966 Sed
1007 2907 1084 2966 hauc

12 2999 163 3055 istorum
180 2990 363 3068 prophetiam
380 2989 482 3051 ludaei
498 2993 616 3069 reprobi
634 3011 695 3050 nou
713 2993 875 3070 accipiunt:
906 3001 1084 3069 acceperunt

9 3087 158 3147 autem,
171 3073 221 3152 qui
236 3093 274 3131 ex
287 3076 331 3132 eis
344 3076 574 3136 innumerabiles
588 3075 753 3154 Evangelio
767 3075 965 3134 crediderunt.
998 3075 1083 3134 Tunc

8 3162 114 3220 enim
125 3176 200 3216 vere
212 3155 304 3216 lsrael
315 3158 427 3217 divisus
442 3167 487 3216 est
500 3159 533 3215 in
547 3158 621 3230 duo,
636 3157 784 3216 divisione
798 3159 859 3230 illa,
873 3177 948 3234 quac
960 3178 1013 3234 per
1026 3157 1082 3216 Sa·

5 3244 166 3305 muelem
189 3239 361 3317 prophetam
381 3239 465 3300 Sauli
487 3242 553 3320 regi
578 3251 625 3298 est
648 3241 837 3298 immutabilis
865 3241 1083 3314 praenuntiata.

1 3323 214 3389 Malachiam
226 3343 313 3398 vero,
329 3325 499 3404 Aggaeum,
516 3321 706 3394 Zachariam,
727 3331 757 3378 et
768 3320 909 3392 Esdram,
931 3323 1022 3377 etiam
1034 3319 1080 3376 lu-

12 3437 24 3461 ·
37 3411 97 3467 aei
121 3407 247 3484 reprobi
269 3409 302 3464 in
327 3407 535 3464 auctoritatem
556 3407 730 3464 canonicam
751 3413 884 3479 receptos
908 3403 1084 3460 novissimos

0 3508 3 3547 ι
35 3494 157 3551 abent.
202 3487 280 3548 Sunt
297 3491 377 3548 euim
395 3498 425 3546 et
445 3490 555 3564 scripta
572 3508 689 3560 eorum,
717 3487 795 3544 sicut
816 3487 959 3555 aliorum,
986 3483 1083 3559 quiin

0 3591 149 3655 agna
172 3572 363 3632 multitudine
383 3569 598 3648 Prophetarum
621 3564 870 3650 [prophetarunt]
895 3567 1035 3642 perpauci
1048 3583 1083 3622 ea

4 3692 17 3713 .-
26 3661 241 3736 cripseruut,
254 3673 328 3733 quae
341 3656 547 3714 auctoritatem
559 3655 681 3714 canonis
694 3654 870 3710 obtinerent.
902 3649 949 3706 De
963 3667 1083 3726 quorum

7 3739 208 3810 raedietis,
224 3756 299 3815 quaa
312 3738 348 3798 ad
361 3735 510 3798 Christum
524 3735 746 3813 Ecclesiamque
758 3736 821 3792 eius
834 3734 994 3811 pertinent,
1007 3751 1082 3792 uou-

8 3858 18 3881 .
32 3827 115 3886 ulla
131 3821 212 3884 mihi
224 3823 256 3882 iu
269 3821 324 3882 boc
338 3822 436 3902 Opere
447 3819 535 3880 rideo
549 3839 614 3880 esse
626 3819 776 3896 ponende:
804 3819 881 3896 quod
904 3813 1081 3878 commodius
