2586 4396
212 201 270 259 182
435 193 540 253 DlVl
554 185 742 254 nvnunll
767 185 1020 248 svovs'rlul

573 344 605 403 'C
626 343 705 404 Au.
752 340 864 400 Vlll.
970 365 971 370 ¹

208 447 252 502 De
271 438 541 518 interpretationem
551 442 719 494 naturalium
738 438 890 501 rationein,
907 447 974 506 potos
994 438 1115 494 doctores
1130 445 1245 513 pagani

480 511 660 582 predicatio
673 509 962 565 remuneratorem.
1192 514 1195 522 ’

274 599 609 664 hermenbertum
625 599 841 679 physiologicas
863 597 1018 674 quasdam,
1045 602 1122 657 sicot
1145 603 1243 676 aiunt,

208 691 312 780 idest,
338 687 516 745 naturalium
528 687 675 741 rationum
688 685 953 762 interpretationes.
998 685 1089 750 Quasi
1101 700 1171 741 vero
1186 703 1243 742 nos

208 777 240 830 in
263 773 318 830 hoc
341 769 534 845 disputatione
559 765 773 846 physiologiam
797 779 984 843 quaeramus,
1012 763 1242 826 etnontheolo-

209 845 351 936 giamssid
365 853 424 924 e‘st,
439 852 594 924 rationem,
608 867 667 908 non
681 853 820 926 nttnrae,
835 851 886 906 sed
899 849 965 906 Dei.
1010 849 1147 917 Quamvis
1161 853 1243 907 enirn

209 939 259 1014 qui
272 955 359 995 verus
373 935 453 993 Deus
468 944 528 1006 est,
554 952 614 991 nen
628 937 782 1010 opinione,
809 934 860 989 rad
881 943 986 990 natum
1008 935 1046 990 eil
1059 929 1154 990 Deus:
1179 950 1244 992 non

209 1021 416 1079 tamen‘omnis
429 1018 616 1080 naturadeus
631 1028 690 1090 est,
718 1019 785 1094 quia
798 1022 827 1074 et
840 1017 981 1090 hominis,
1010 1027 1040 1072 et
1061 1019 1184 1092 peeoris,
1213 1028 1246 1074 et

210 1106 336 1175 arboris,
363 1113 393 1159 et
404 1101 508 1175 lapidis
523 1103 625 1176 ntique
638 1111 743 1158 nonna
757 1111 816 1172 oet,
845 1116 966 1178 quorum
989 1099 1063 1157 nihil
1087 1110 1131 1156 est
1149 1101 1242 1156 Deus.

210 1187 244 1244 Si
258 1197 354 1244 autern
366 1186 618 1260 interpretationis
632 1185 733 1256 huius,
749 1184 973 1264 quondeagitur
987 1179 1022 1240 de
1034 1185 1124 1242 sacris
1136 1183 1243 1240 Matris

210 1271 309 1342 deum,
335 1279 421 1345 caput
443 1277 488 1324 est
501 1277 579 1324 certe
593 1271 669 1345 quod
681 1269 775 1326 Mater
789 1269 873 1325 deum
891 1279 970 1324 terra
986 1277 1044 1339 ost,
1071 1265 1139 1342 quid
1162 1269 1244 1323 ultra

210 1355 390 1429 quaerimus,
417 1352 485 1428 quid
512 1363 627 1409 caetere
640 1349 886 1427 'perscrutamurl
913 1352 988 1419 Quid
1003 1351 1165 1408 evidentius
1180 1350 1242 1405 suf·

209 1437 341 1515 fragatur
355 1437 461 1511 eisqui
474 1435 590 1507 meunt,
615 1453 715 1494 omnes
739 1437 813 1492 letos
827 1437 896 1492 deos
907 1431 1163 1491 hominesfuissol
1184 1432 1243 1492 'Sic

209 1521 288 1576 enirn
312 1527 383 1575 sunt
406 1519 590 1596 terrigenae,
617 1521 696 1574 sieut
709 1521 750 1574 oie
764 1527 857 1574 mater
872 1529 918 1576 est
929 1528 1016 1576 terra.
1059 1517 1093 1573 In
1105 1532 1174 1574 vera
1188 1535 1242 1582 an-

208 1611 268 1659 tem
279 1601 426 1680 theologia
437 1619 508 1676 opus
521 1601 579 1658 Dei
592 1611 637 1658 est
648 1611 737 1674 terra,
751 1618 811 1660 non
824 1613 925 1659 metor.
952 1602 1156 1658 Verumtamen
1167 1619 1243 1677 quo-

209 1704 266 1762 quo
281 1685 367 1742 nsodo
381 1700 465 1741 sacra
479 1685 542 1740 eius
555 1686 803 1760 interpretentur,
818 1695 849 1742 et
859 1686 1033 1744 referantad
1042 1700 1140 1741 renum
1153 1693 1242 1740 natu-

207 1785 287 1841 ram3
299 1771 380 1825 viros
391 1767 545 1826 muliebria
556 1770 629 1842 pati,
643 1787 704 1824 non
714 1779 763 1825 eet
776 1770 934 1828 secundum
947 1763 1092 1840 neutram,
1105 1769 1155 1824 sed
1169 1785 1242 1824 oon-

208 1861 255 1908 tra
264 1861 408 1908 naturum.
434 1849 492 1906 Hic
504 1851 638 1924 morbus,
651 1850 707 1908 hoc
721 1855 848 1925 crunon,
861 1853 918 1909 hoe
931 1849 1054 1910 dedecus
1065 1849 1153 1910 hebet
1163 1853 1243 1907 inter

208 1937 261 1992 illa
274 1953 358 1992 sacra
370 1932 597 2009 professionem,
621 1934 700 2011 quod
712 1937 745 1992 in
757 1938 872 1993 vitiosis
885 1935 1036 1994 hominum
1049 1935 1178 1992 moribus
1191 1936 1243 1991 vix

209 2018 297 2082 habet
307 2021 387 2076 inter
406 2027 552 2075 tormento
568 2017 791 2076 eoniessionem.
835 2019 949 2076 Deinde
963 2022 989 2076 si
1000 2022 1058 2076 ista
1071 2034 1154 2076 sacru
1168 2036 1244 2094 quae

209 2105 334 2174 scenicis
342 2101 569 2176 turpitudinibus
578 2103 1012 2175 convineunturessefoediora,
1022 2101 1243 2158 hincexcusan-

209 2196 257 2242 tur
271 2196 359 2262 atque
370 2195 548 2264 purgentur,
562 2184 639 2261 quod
651 2184 760 2241 habent
778 2187 1037 2260 interpretationes
1048 2205 1126 2257 suas,
1139 2186 1244 2261 quihus

210 2270 401 2326 ostendantur
413 2280 512 2326 rerum
525 2268 695 2348 significare
712 2276 863 2340 naturam3
889 2289 943 2326 cur
955 2287 1015 2326 nen
1029 2271 1116 2326 etiem
1126 2271 1246 2344 poetica

210 2354 345 2408 similiter
372 2362 551 2410 excusentur
576 2361 665 2426 atque
687 2349 869 2428 purgenturl
900 2352 985 2410 Multi
998 2353 1076 2410 enim
1089 2361 1119 2409 et
1130 2349 1195 2426 ip'so
1208 2354 1247 2409 ad

210 2435 334 2492 eundem
358 2437 477 2494 medum
502 2436 689 2510 interpretati
714 2441 796 2490 sunt:
809 2453 812 2456 ·
823 2453 916 2512 usque
930 2437 1001 2493 adeo
1015 2447 1050 2493 ut
1062 2437 1139 2512 quod
1151 2435 1190 2492 ob
1202 2439 1245 2492 eis

208 2521 451 2578 irrursanissimum
464 2529 494 2576 et
503 2518 739 2576 infandissimum
752 2517 874 2593 dieitur,
895 2517 1061 2578 ‘Saturnum
1075 2538 1142 2576 suos
1166 2519 1245 2576 filios

209 2603 382 2675 devorasse,
399 2605 442 2660 ita
455 2601 593 2659 nonnulli
605 2601 850 2676 interpretentur,
864 2604 941 2679 quod
953 2604 1156 2682 longinquitas
1169 2613 1244 2659 tem-

208 2689 305 2761 poris,
332 2705 405 2762 quse
419 2685 542 2742 suenni
555 2686 674 2742 nemine
688 2685 891 2764 significetur,
917 2687 1056 2763 quiequid
1069 2689 1167 2766 gignit
1180 2689 1246 2762 ipsa

209 2780 376 2830 consumat:
401 2770 450 2826 vel
469 2769 547 2823 sient
558 2767 637 2822 ¹idom
650 2770 788 2843 opinatur
801 2769 911 2844 Varro,
937 2771 1015 2847 quod
1027 2773 1173 2846 pertineat
1187 2771 1244 2827 Sa-

207 2863 311 2909 turnus
325 2852 361 2907 ed
374 2852 501 2921 seurina,
528 2868 602 2924 quae
615 2852 647 2908 in
660 2858 785 2924 terram,
816 2853 850 2909 de
876 2873 934 2929 qua
960 2856 1109 2926 oriuntur,
1135 2853 1245 2910 iterum

206 2935 350 2991 recidunt.
393 2931 523 3008 Itemque
536 2935 587 2990 alii
600 2937 657 2992 alio
671 2937 775 3007 modo,
798 2947 828 2993 et
841 2939 976 2998 similiter
991 2948 1096 2996 cetera.

155 3013 160 3020 ’
269 3017 310 3074 Et
322 3025 421 3073 tamen
434 3016 583 3095 theologia
596 3018 729 3078 fabulosa
739 3017 861 3092 dieitur,
876 3031 906 3078 et
918 3039 983 3084 cum
993 3022 1125 3078 omnihus
1138 3021 1243 3082 huius-

207 3100 319 3156 cemodi
329 3101 695 3174 interpretationibussuis
708 3102 947 3178 reprehenditur,
967 3105 1118 3179 obiicitur,
1131 3107 1242 3179 impro-

206 3182 309 3254 batur;
333 3203 387 3239 nee
401 3186 495 3242 solum
508 3205 525 3242 a
537 3188 686 3266 naturali,¹
705 3205 778 3262 quae
802 3187 1040 3262 philosophorum
1054 3195 1115 3259 est,
1136 3205 1242 3244 verum

207 3267 295 3322 etiam
305 3267 344 3324 oh
357 3268 415 3324 ista
430 3269 527 3342 civili,
545 3271 589 3330 ,de
602 3287 661 3345 qna
674 3271 802 3347 agimus,
822 3270 947 3345 quae'ad
960 3271 1046 3328 urbes
1059 3273 1243 3346 populosque

205 3351 353 3424 pertinere
365 3355 524 3426 asseritur,
538 3373 574 3410 eo
586 3353 663 3429 quod
675 3353 711 3408 de
724 3353 780 3408 diis
791 3355 915 3432 indigna
928 3354 1120 3427 confinxerit,
1133 3357 1241 3412 merito

204 3434 386 3509 repudianda
400 3437 593 3494 discernitur:
616 3455 650 3492 eo
665 3437 803 3495 nimirum
816 3440 957 3510 oonsilio,
976 3439 1114 3514 quoniam
1127 3441 1241 3495 acutis-

206 3518 272 3576 simi
293 3517 426 3579 homines
450 3531 536 3596 atque
557 3520 735 3592 doctissimi,
760 3539 780 3578 a
791 3522 896 3597 quibus
908 3525 966 3578 iste
980 3525 1145 3597 eonacripta
1158 3531 1240 3591 runt,

205 3602 303 3657 ambas
315 3604 519 3677 improbandas
533 3603 755 3679 intelligebant3
771 3615 801 3662 et
813 3607 894 3664 illam
908 3603 1022 3662 scilicet
1034 3606 1196 3663 fabulosam
1211 3613 1241 3660 ct

204 3683 292 3739 istam
303 3686 434 3753 civilem,
461 3687 542 3741 illam
555 3705 625 3742 vero
639 3686 785 3745 audebant
810 3690 988 3762 improbare,
1015 3688 1090 3744 hane
1108 3707 1167 3744 non
1186 3705 1240 3744 au-

205 3764 326 3836 debant3
340 3768 421 3822 illam
434 3763 606 3837 culpandam
617 3779 843 3842 proposuerunt,
857 3768 932 3826 hanc
944 3772 1005 3826 eius
1020 3773 1144 3826 similem
1159 3791 1239 3828 eorn-

205 3848 364 3921 parandam
379 3858 594 3922 exposuerunt;
617 3868 677 3907 non
691 3861 725 3908 ut
735 3851 806 3909 haee
819 3871 889 3928 prae
903 3855 954 3910 illa
967 3855 1093 3911 tenenda
1111 3857 1238 3934 eligere-
