2590 4396
292 179 353 240 DF.
377 180 594 242 crvllnrss
618 186 697 244 DEl
728 189 807 246 ΗΒ.
833 192 864 247 V.
1035 199 1092 256 ldl

51 343 233 412 „praeterea
251 349 400 390 armerum
418 341 448 390 et
466 351 608 409 equorum
624 339 719 396 maior
739 343 823 416 eopia
837 343 920 402 nobis
934 366 1021 424 quam
1035 353 1095 410 illis

51 428 126 491 „est
141 415 208 475 Sed
220 418 281 473 alia
290 416 374 472 fuere
386 433 461 491 quae
471 419 537 473 illos
549 437 673 497 magnos
680 423 827 496 lecerunt,
840 444 914 502 quae
927 431 1011 490 nobis
1025 438 1092 493 nnl-

50 504 99 572 „la
109 511 198 557 sunt:
214 499 296 555 domi
308 497 465 570 industria,
477 500 550 556 loris
562 501 671 560 iustum
681 507 845 580 imperium,
853 512 967 570 animus
979 517 1011 572 in
1022 536 1092 574 oen-

49 626 56 655 l

48 687 125 738 „nos
140 665 287 722 habemus
297 666 711 743 luxuriamatqueavaritiam,
720 673 837 746 publiee
844 687 1017 754 egestatem,
1030 685 1090 756 prl-

48 752 164 820 ‚,ratim
173 750 375 823 opulentiam:
388 749 538 806 laudamus
548 752 677 826 divitias,
685 759 835 831 sequimur
847 760 999 819 inertiam:
1014 765 1093 822 inter

49 875 65 904 „
72 834 168 890 bonos
183 842 216 888 et
228 834 322 888 malos
336 831 495 892 discrimen
507 837 635 905 nullum
649 839 748 895 omnia
758 842 878 900 virtutis
888 847 1019 918 praemia
1030 866 1091 906 um-

48 917 147 986 „bitio
161 914 307 992 possidet.
339 914 443 990 Neque
455 917 576 974 mirum:
597 920 648 978 ubi
661 940 714 978 vos
728 927 884 998 separatim
897 927 955 984 sibi
967 931 1092 1006 quisque

48 1001 236 1070 „annulinus
245 999 364 1074 eapitis,
377 997 513 1058 ubidomi
522 1003 732 1078 voluptatibus,
745 1005 792 1066 bie
804 1011 946 1083 pecuniae
958 1023 1010 1070 aut
1021 1033 1090 1092 gra-

48 1086 132 1154 „tiae
145 1083 289 1152 servitis,
316 1101 352 1140 eo
365 1082 400 1138 lit
412 1091 446 1140 ut
458 1084 582 1158 impetus
596 1086 649 1144 liat
666 1089 697 1145 iu
712 1107 835 1148 vacuam
849 1095 1089 1168 rempublicam.“

106 1167 168 1232 Qui
191 1164 278 1223 audit
300 1163 373 1222 haee
394 1164 513 1224 Catonis
536 1170 627 1226 verba
648 1173 711 1230 sive
725 1171 869 1246 Sallustii,
885 1186 971 1252 putat
988 1183 1090 1253 quales

48 1249 208 1306 laudantur
221 1247 352 1306 Romani
364 1258 491 1324 veteres,
506 1270 609 1310 omnes
623 1273 675 1310 eos
688 1257 762 1312 tales
776 1265 847 1313 tunc
860 1258 954 1314 fuisse
966 1263 1014 1316 vel
1027 1265 1090 1336 plu·

47 1349 100 1390 res.
128 1333 200 1390 Nou
213 1333 258 1390 ita
271 1342 332 1390 est:
349 1333 481 1410 alioquin
494 1355 565 1393 vera
579 1355 639 1394 uon
653 1347 753 1395 essent
765 1357 839 1414 quae
853 1342 916 1415 ipse
928 1341 1006 1400 idem
1016 1346 1089 1400 sori-

47 1420 104 1488 bit,
129 1435 257 1493 eaquae
271 1420 496 1475 eommemoravi
510 1420 688 1478 insecundo
705 1422 781 1478 libro
794 1420 879 1479 buius
896 1423 1017 1499 Operis,
1042 1427 1092 1484 ubi

47 1501 128 1573 dieit,
142 1499 273 1556 iniurias
286 1500 472 1574 validiorum,
487 1512 518 1559 et
528 1504 564 1560 ob
577 1521 626 1560 aas
638 1504 849 1563 discessionem
861 1508 955 1582 plebis
969 1527 986 1565 a
997 1511 1090 1585 patri-

47 1587 109 1655 bus,
123 1585 259 1659 aliasque
273 1584 473 1644 dissensiones
488 1584 565 1644 domi
578 1586 671 1646 firisse
684 1589 743 1664 iarn
755 1589 825 1646 inde
836 1608 853 1646 s
864 1593 1022 1667 principio,
1037 1613 1089 1650 ue·

49 1687 102 1744 que
115 1669 243 1742 amplius
257 1686 351 1744 aequo
366 1677 397 1724 et
409 1667 542 1726 modesto
557 1671 621 1728 iure
634 1682 742 1744 aetum,
766 1691 852 1747 quam
865 1677 995 1750 expulsis
1009 1678 1089 1754 regi-

49 1751 110 1822 bus,
124 1749 266 1826 quamdiu
279 1761 376 1808 metus
387 1749 577 1828 aTarquinio
591 1754 658 1823 fuit,
673 1754 765 1812 donee
778 1756 885 1814 bellurn
895 1777 999 1836 grave,
1014 1759 1090 1835 quod

49 1843 165 1910 propter
179 1835 278 1907 ipsum
290 1853 356 1892 oum
369 1833 512 1892 Hetruria
525 1848 691 1912 susceptum
704 1839 811 1912 fuerat,
824 1840 973 1899 liniretur:
986 1851 1090 1918 postes

49 1936 115 1973 vero
129 1919 234 1976 servili
248 1918 373 1992 irnperio
386 1917 490 1974 Patres
503 1921 673 1976 exercuisse
685 1923 811 1996 plebem,
829 1925 913 2000 regio
927 1943 1009 1982 more
1022 1945 1089 1983 vern

49 2002 182 2071 beram,
208 2019 282 2078 agro
301 2002 463 2076 pepulisse,
485 2010 515 2056 et
528 2005 653 2060 caeteris
672 2006 840 2078 expertibus
854 2009 932 2063 solos
946 2009 1044 2084 egisse
1057 2011 1089 2064 in

49 2086 184 2157 imperio;
211 2101 337 2158 quarum
352 2082 576 2158 discordiarum,
597 2086 666 2143 dum
679 2089 723 2142 illi
737 2086 882 2144 dominari
894 2091 1017 2161 vellent,
1038 2092 1089 2147 isti

49 2169 158 2223 servire
172 2167 300 2236 nollent,
322 2165 412 2222 finem
425 2166 518 2224 fuisse
531 2168 640 2226 bellum
652 2169 799 2228 Punicum
811 2169 984 2228 seeundum.
1012 2174 1089 2240 Quia

48 2268 148 2307 rursus
162 2251 266 2328 gram
281 2256 378 2304 metus
393 2251 489 2323 eoepit
501 2269 621 2329 urgere,
634 2262 723 2329 atque
737 2254 844 2311 abillis
856 2256 1088 2330 perturbationi-

48 2336 98 2390 bus
111 2335 170 2390 alia
183 2334 299 2388 maiore
314 2349 386 2388 eura
399 2330 536 2390 cohihere
548 2337 661 2392 animos
676 2337 842 2412 inquietos,
870 2338 949 2395 etad
963 2357 1088 2398 coneor-

48 2418 120 2474 diam
133 2433 279 2474 revocare
293 2416 418 2472 eirilem.
452 2413 512 2473 Sed
524 2435 577 2493 per
591 2418 733 2494 quosdam
745 2438 874 2493 paucos,
901 2424 953 2496 qui
965 2439 1019 2495 pro
1033 2442 1088 2480 suo

47 2501 128 2558 nodo
142 2501 215 2557 boni
229 2507 326 2570 erant,
340 2517 448 2578 magna
461 2499 758 2573 administrabantur,
776 2513 867 2577 atque
881 2505 940 2559 illis
954 2507 1089 2562 toleratis

47 2603 78 2640 ae
91 2583 264 2659 temperatis
287 2584 383 2654 malis,
408 2601 571 2658 paucorum
593 2585 738 2642 bonorum
759 2585 945 2658 providentia
966 2604 1015 2642 res
1038 2589 1089 2642 illa

49 2667 208 2738 erescebat,
225 2667 305 2722 siout
317 2665 394 2722 idem
406 2663 566 2722 historiens
582 2665 669 2736 dicit,
690 2667 783 2722 multa
796 2667 852 2722 sibi
866 2668 978 2744 legenti
992 2677 1022 2724 et
1035 2687 1088 2724 au-

48 2750 161 2820 dienti,
185 2768 260 2826 quae
277 2752 402 2826 populus
421 2748 573 2806 Romanus
591 2749 670 2806 domi
688 2750 885 2826 militiaeque,
911 2751 986 2806 mari
999 2760 1088 2826 atque

48 2844 129 2890 terra
140 2833 293 2909 praeclara
307 2833 441 2890 facinora
453 2833 570 2906 feeerit,
597 2853 630 2892 se
643 2833 767 2892 libuisse
779 2832 934 2892 attendere
949 2852 1025 2910 quae
1038 2853 1087 2890 res

46 2919 173 2974 niaxime
186 2926 271 2974 tanta
286 2918 407 2996 negotio
422 2918 627 2974 sustinuisset:
654 2919 795 2992 quoniam
812 2918 923 2974 sciebat
942 2936 1086 2994 saepenu-

45 3020 125 3059 mero
140 3018 236 3076 parra
252 3019 342 3058 manu
361 3019 428 3058 eum
446 3001 561 3080 magnis
575 3002 743 3080 legionibus
756 2997 886 3060 bostium
899 3002 1087 3060 contendisse

45 3084 216 3156 Romanos,
244 3093 427 3164 eognoverat
439 3087 538 3158 parvis
553 3085 645 3161 copiis
663 3085 739 3142 bella
758 3095 843 3163 gesta
858 3104 925 3143 oum
939 3087 1086 3161 opulentis

43 3171 181 3247 regibus3
212 3169 328 3244 sibique
342 3169 434 3226 multa
447 3171 574 3246 agitanti
595 3177 731 3226 constare
750 3168 843 3240 dixit,
869 3187 1031 3244 paucorum
1044 3170 1086 3225 ei·

43 3255 125 3309 vium
139 3253 293 3332 egregiam
306 3253 449 3309 virtutem
463 3261 571 3310 cuneta
579 3253 754 3327 patravisse,
769 3271 863 3328 eoque
875 3252 986 3308 laetum
996 3262 1031 3308 nt
1042 3251 1086 3306 di-

43 3338 131 3393 vitias
145 3344 316 3412 paupertas,
343 3335 564 3394 multitudinem
577 3337 711 3411 paucitas
727 3345 890 3410 superaret.
924 3333 986 3393 Sed
999 3343 1089 3407 „post

43 3439 158 3496 „quam
172 3422 247 3478 luxu
261 3429 351 3496 atque
362 3418 485 3492 desidia,
499 3420 611 3495 inquit,
625 3420 732 3476 civitas
747 3428 886 3496 corrupta
900 3427 963 3489 est,
982 3434 1088 3472 rursus

42 3505 239 3580 „respubliea
251 3503 458 3581 magnitudine
472 3505 519 3560 sui
533 3504 745 3578 imperatorum
757 3511 847 3579 atque
861 3501 1089 3577 magistratuum

41 3589 145 3659 „vitia
159 3587 386 3644 sustentabat.“
423 3585 589 3643 Paucorum
602 3588 696 3666 igitur
709 3586 805 3642 virtus
820 3583 857 3640 ad
870 3583 1012 3661 gloriam,
1035 3579 1088 3638 lm-

40 3689 155 3744 norem,
169 3672 340 3749 imperium,
353 3687 425 3726 vera
436 3672 496 3740 via,
509 3669 540 3726 id
553 3678 600 3726 est
608 3671 722 3727 virtute
736 3669 800 3742 ipsa
813 3665 987 3737 nitentium,
1002 3666 1089 3722 etiam

41 3772 57 3809 a
71 3753 184 3814 Catone
198 3752 322 3812 laudata
335 3761 390 3810 est.
426 3750 506 3809 Hine
521 3762 584 3808 erat
597 3752 676 3809 domi
688 3750 846 3820 industria,
861 3765 949 3824 quam
963 3767 1087 3805 eamme-

43 3842 165 3898 moravit
178 3838 268 3908 Cato,
296 3845 334 3892 ut
346 3837 493 3892 aerarium
507 3845 587 3890 esset
599 3837 784 3908 opulentum,
806 3841 914 3888 tenues
927 3849 975 3888 res
990 3832 1087 3906 priva-
