2530 4392
191 253 253 310 ma
420 237 517 301 n1vr
537 231 729 297 sunnin
754 181 1009 288 saevarum

193 419 294 479 pacem
313 414 395 454 auam
415 411 476 450 non
493 385 727 464 improbandam,
753 400 840 458 quam
860 377 975 456 quidem
994 376 1229 437 nonhabebitis

193 485 273 555 line,
299 481 367 557 quia
386 495 445 535 non
464 493 498 531 ea
510 472 586 529 bene
598 471 691 526 utitur
704 475 773 524 ante
786 465 883 520 linem.
926 460 1014 518 Hanc
1027 471 1133 520 autem
1144 472 1179 518 at
1189 463 1229 520 in-

193 567 282 626 terim
292 562 398 620 hebeat
410 561 442 617 in
454 557 509 614 bac
522 557 595 624 vita,
608 561 711 609 nostra
724 552 811 606 etiam
824 549 962 604 interest:
977 548 1123 620 quoniam
1136 565 1229 621 qnam-

194 649 244 707 diu
257 648 419 724 permixtae
432 649 501 698 sunt
513 637 615 695 ambae
628 635 787 705 Civitates,
813 633 921 687 utimur
934 638 964 684 et
980 647 1035 685 nos
1049 648 1127 705 pace
1141 628 1227 705 Baby·

192 735 284 791 lonis:
299 749 337 788 ex
350 747 407 804 qua
422 729 464 782 ita
475 741 527 799 per
540 721 627 778 fidem
641 717 699 775 Dei
711 718 834 794 populus
847 715 1002 783 liberatur,
1016 722 1052 768 ut
1066 712 1150 786 apud
1163 711 1228 768 bane

194 817 313 874 interim
325 810 541 888 peregrinetur.
564 802 689 877 Propter
702 801 780 876 quod
794 809 824 855 et
837 798 994 873 Apostolus
1008 795 1169 853 admonuit
1180 795 1228 852 Ec·

195 901 328 968 clesiam,
344 903 376 950 ut
389 899 487 949 oraret
498 907 551 964 pro
564 886 683 964 regibus
698 887 760 940 eius
773 893 861 959 atque
874 879 1063 951 sublimibus,
1084 878 1194 936 addens
1205 891 1229 934 ιι

195 984 306 1051 dicens,
320 988 354 1034 ut
367 978 496 1055 quietam
509 983 539 1030 et
553 967 746 1046 tranquillam
756 969 851 1024 vitam
864 980 987 1041 egemus
1000 982 1069 1020 cunc
1083 965 1228 1040 omnipie-
1259 1029 1260 1034 ἵ

195 1075 260 1124 tate
274 1073 304 1120 et
317 1063 459 1118 caritate.
504 1055 545 1112 Et
557 1051 702 1128 Propheta
715 1049 854 1106 [eremias
869 1067 934 1104 cum
946 1047 1055 1121 populo
1070 1045 1134 1104 Dei
1145 1041 1228 1104 ιιιιιί
1259 1075 1260 1122 3

194 1156 349 1206 venturam
362 1141 588 1219 praenuntiaret
601 1136 816 1210 captivitatem,
830 1141 861 1189 et
874 1130 1016 1188 divinitus
1030 1132 1192 1206 imperaret
1202 1139 1229 1184 ιιι
1259 1125 1260 1128 ’

195 1231 366 1290 obedienter
379 1229 411 1282 in
424 1223 617 1300 Babyloniam
635 1222 731 1290 irent,
755 1217 820 1275 Deo
845 1235 899 1272 suo
920 1215 1009 1270 etiam
1021 1215 1083 1271 ista
1096 1214 1231 1289 patientia

195 1315 378 1384 servientes,
392 1311 507 1366 monuit
520 1317 549 1364 et
561 1309 624 1382 ipae
636 1313 672 1360 ut
685 1311 818 1374 oreretur
829 1317 883 1376 pro
897 1300 964 1369 illa,
979 1296 1101 1369 dicens,
1125 1301 1195 1376 puio
1207 1298 1231 1352 ia

188 1419 269 1482 poce
283 1401 345 1456 eius
359 1405 405 1454 eet
415 1401 615 1472 porcestre,
641 1389 744 1464 utique
757 1385 878 1444 interim
891 1383 1083 1456 temporalis,
1101 1401 1177 1458 quae
1187 1381 1231 1436 bo

194 1485 242 1540 nia
256 1483 397 1557 malisque
411 1477 573 1535 eommunis
587 1483 639 1530 est.

542 1639 666 1699 CAP.
710 1635 888 1696 XXVll.

195 1724 315 1796 Depoce
331 1723 505 1776 servientium
515 1719 591 1784 Deo,
613 1721 691 1772 cuim
703 1720 830 1791 perfecto
841 1715 1072 1786 tranquillitatis
1082 1713 1136 1767 bac
1146 1724 1226 1782 tempo

481 1789 604 1843 reticita
615 1806 668 1842 non
674 1797 767 1858 potest
776 1786 949 1856 apprehendi.

258 1898 322 1956 Pax
340 1907 439 1954 autem
457 1906 560 1954 nostra
578 1896 713 1969 propria,
742 1905 772 1951 et
788 1893 835 1952 hie
854 1903 899 1951 est
917 1911 983 1950 cum
995 1891 1062 1950 Deo
1076 1911 1132 1968 per
1146 1892 1232 1960 iidem,

197 1994 227 2042 et
250 1985 283 2040 in
306 1992 461 2040 aeternum
483 1982 541 2036 erit
564 1998 630 2036 cum
648 1979 701 2034 illo
720 1996 774 2052 per
791 1981 928 2054 speciem.
973 1975 1034 2034 Sed
1050 1975 1101 2032 bie
1115 1978 1180 2034 sive
1192 1977 1234 2031 illa

198 2069 377 2138 communis,
394 2067 457 2123 sive
471 2073 573 2122 nostra
587 2063 720 2138 propria,
746 2065 813 2120 talis
828 2072 874 2120 est
886 2079 961 2138 pax,
987 2070 1023 2117 ut
1035 2062 1178 2117 solatium
1189 2061 1235 2115 mi-

197 2154 292 2210 seriae
311 2153 352 2208 sit
364 2152 462 2226 potius
476 2167 564 2224 quam
577 2146 767 2204 beatitudinis
781 2145 930 2226 gaudium.
973 2143 1040 2219 lpse
1053 2163 1176 2220 quoque
1188 2161 1233 2200 no
1259 2133 1260 2210 l

198 2246 260 2294 stra
272 2237 396 2306 iustitia,
410 2234 542 2310 quamvis
557 2251 627 2290 vcra
639 2231 678 2288 sit
689 2239 809 2306 propter
821 2232 887 2288 reri
899 2231 969 2286 boni
982 2228 1073 2285 finem
1080 2267 1091 2298 ,
1105 2227 1145 2283 ad
1158 2245 1234 2304 qnen

197 2318 340 2389 refertur,
353 2327 452 2374 tumen
466 2325 549 2374 tanta
562 2325 608 2372 cst
623 2317 656 2372 in
672 2313 726 2372 hac
739 2317 816 2387 vita,
831 2323 865 2371 ut
875 2315 974 2389 potius
987 2321 1181 2388 peccatorum
1193 2330 1234 2366 re-

196 2403 338 2458 missione
353 2409 485 2471 constet,
504 2418 591 2475 quam
603 2397 786 2474 perfectione
800 2400 951 2456 virtutum.
975 2395 1075 2452 Testis
1090 2405 1138 2452 est
1150 2396 1235 2451 oratio

197 2486 288 2542 totius
303 2483 439 2542 Civitatis
453 2483 526 2553 Dei,
553 2501 629 2558 quoe
648 2484 854 2560 peregrinatur
872 2483 905 2538 in
922 2481 1018 2537 terris.
1062 2477 1122 2535 Per
1146 2481 1236 2536 omnia

198 2570 305 2646 quippe
318 2568 447 2625 membra
459 2585 513 2623 sua
527 2568 633 2624 clamat
645 2565 682 2622 ad
695 2565 806 2622 Deum:
834 2561 964 2622 Dimitte
976 2563 1059 2620 nolis
1075 2562 1181 2621 debita
1193 2581 1236 2618 aa·

198 2663 281 2723 atra,
301 2653 380 2710 sicut
393 2663 424 2710 et
436 2669 489 2710 noe
503 2651 679 2710 dimittimus
694 2649 873 2706 dabitoribus
886 2649 1009 2706 nostris.
1053 2644 1118 2702 Nec
1134 2665 1189 2721 pro
1199 2647 1235 2700 cis

199 2745 245 2792 est
258 2735 363 2794 efficax
374 2734 448 2792 hacc
463 2736 573 2806 oratio,
596 2751 718 2808 quorum
730 2731 802 2788 fides
816 2733 881 2788 sine
896 2730 1033 2805 operibus
1047 2741 1171 2788 mortua
1184 2739 1235 2786 cst:

198 2818 251 2876 sed
264 2836 316 2894 pro
330 2820 372 2874 cis
387 2837 512 2894 quorum
524 2816 595 2874 fides
608 2835 661 2892 per
677 2816 866 2872 dilectionem
879 2823 1025 2890 operatur.
1071 2815 1152 2881 Quia
1166 2815 1235 2870 enim

197 2901 263 2960 Deo
279 2899 397 2974 quidem
411 2902 541 2970 subdita,
564 2903 596 2956 in
610 2899 665 2955 hac
679 2908 778 2956 tamen
792 2897 960 2955 conditione
973 2893 1109 2968 moitali,
1134 2907 1167 2953 et
1180 2915 1235 2953 cor-

197 3001 271 3060 pore
293 2983 476 3056 corruptibili
499 2983 577 3058 quod
599 2991 744 3060 aggravat
764 2984 906 3053 animam,
933 2999 993 3038 non
1015 2979 1151 3056 perfecte
1166 2982 1235 3038 vitiis

147 3123 149 3126 .
198 3065 275 3122 ratio
290 3065 430 3138 imperat,
450 3065 516 3122 ideo
530 3067 697 3122 necessaria
712 3075 756 3122 est
768 3067 853 3122 iustis
867 3066 935 3121 talis
949 3065 1054 3120 oratio.
1083 3063 1164 3120 Nam
1177 3083 1235 3138 pra-
1259 3047 1260 3086 ¹

197 3148 276 3206 lecto
290 3165 456 3223 quanquam
470 3149 648 3223 imperetur,
662 3167 846 3225 nequaquam
859 3150 924 3205 sine
937 3145 1076 3204 conflictu
1091 3150 1177 3205 vitiis
1190 3150 1236 3204 im·
1259 3091 1260 3186 l

197 3241 326 3309 paratur.
364 3229 404 3287 Et
427 3233 529 3308 utiquo
551 3231 661 3307 aliquid
684 3233 816 3308 subrepit
838 3235 870 3290 in
892 3231 947 3289 boc
969 3234 1034 3288 loco
1059 3231 1236 3288 infirmitatis

199 3317 288 3373 etiam
305 3316 381 3372 bene
399 3314 589 3394 confligenti,
616 3317 679 3372 sive
701 3314 835 3374 hostibus
861 3317 966 3372 talibus
989 3317 1078 3372 victis
1102 3314 1237 3372 subditis·

199 3419 257 3477 quc
270 3397 452 3470 dominanti,
478 3398 556 3456 unde
576 3401 602 3456 si
621 3416 682 3456 non
700 3398 781 3456 facili
794 3401 987 3476 operatione,
1006 3408 1088 3455 certe
1102 3398 1188 3454 labili
1200 3399 1236 3453 lo·

199 3485 317 3540 cutione
329 3492 383 3540 aut
394 3485 511 3540 volatili
523 3483 704 3561 cogitatione
717 3493 866 3558 peccetur.
912 3481 952 3540 Et
963 3480 1030 3538 ideo
1044 3481 1188 3557 quamdin
1199 3482 1236 3536 ri·

167 3569 251 3623 'tiis
270 3569 446 3643 imperatur,
473 3568 560 3642 plene
572 3583 631 3641 pax
650 3575 783 3623 nonest:
810 3567 880 3643 quia
893 3567 985 3622 etille
998 3583 1074 3640 quac
1087 3568 1236 3630 resistunt,

198 3651 365 3720 periculoso
380 3649 565 3706 debellantur
577 3651 706 3725 proclia,
730 3658 759 3704 et
771 3651 823 3706 illa
834 3667 907 3726 quae
920 3650 998 3705 victa
1010 3661 1099 3719 aunt,
1114 3647 1237 3706 nondun
1259 3713 1260 3720 ἵ

200 3747 304 3784 securo
318 3731 534 3806 triumphentur
549 3734 626 3804 otio,
649 3733 701 3788 sed
713 3731 808 3789 adbuc
821 3733 948 3790 sollicito
960 3741 1140 3806 premuntur
1153 3733 1236 3806 inpe·
1259 3767 1260 3772 κ

200 3810 253 3862 rio.
297 3809 332 3864 ln
351 3809 484 3890 biserga
502 3816 737 3885 tentationibus,
765 3815 920 3890 dequibus
935 3814 1120 3871 omnibusin
1135 3813 1237 3870 divinia

200 3891 324 3962 eloquiis
338 3890 466 3950 breviter
478 3897 589 3956 dictum
603 3907 662 3956 est:
676 3895 827 3978 Numquid
836 3917 895 3958 aon
909 3897 1037 3958 tentatio
1053 3907 1101 3954 eat
1114 3899 1181 3956 cita
1191 3895 1237 3953 la·
