2592 4396
233 211 294 268 398
461 201 563 263 DlVl
589 193 777 260 Avusslll
797 195 1051 258 AVGVSTlNl

233 364 305 420 iacti
320 369 389 416 eunt
400 360 551 416 voluntate
564 363 649 429 atque
667 352 799 408 coneilio.
842 349 876 408 Si
889 370 959 431 ergo
972 345 1085 410 animae
1096 373 1190 430 poena
1202 367 1252 433 cat,

233 449 266 503 in
283 445 477 519 qualicunque
496 456 616 514 corpore
636 437 783 515 colligari,
809 434 879 510 quid
898 445 943 491 eat
957 436 1033 511 quod
1047 456 1096 494 coa
1108 441 1253 517 alloquens

233 529 314 588 Deua
327 536 463 602 tanquam
477 523 617 580 sollicitos
625 555 640 592 ,·
649 539 687 577 ne
699 521 776 576 forte
787 520 965 591 moriantur,
977 520 1081 593 idest,
1093 523 1252 583 diaeum.

232 623 281 669 tur
294 630 312 668 a
325 629 463 685 corpore,
483 607 518 664 (le
530 624 584 662 aua
596 605 668 661 lacit
680 603 896 684 immortalitate
910 620 1043 676 accuroo3
1068 625 1131 664 non
1143 619 1254 684 propter

233 715 334 753 eorum
346 703 495 764 naturam,
520 709 593 768 quac
608 691 647 745 eit
661 685 822 763 compacta,
845 705 905 743 non
919 689 1055 762 simplex,
1080 691 1131 747 aed
1143 703 1254 767 propter

233 799 316 836 auam
327 779 549 836 invictissimam
561 776 759 845 voluntatem,
783 790 839 848 qua
851 774 1012 846 potena'eat
1024 772 1137 846 lacera,
1156 777 1192 831 'ut
1203 795 1253 832 nec

234 873 298 921 orta
312 861 469 934 ⁴occidant,
492 879 548 917 nec
573 875 707 915 connexa
732 859 899 928 aolrantur,
924 854 974 912 aad
1000 857 1254 934 incorruptibiliter

231 941 436 1022 perseverent?
680 991 684 1000 ,
1014 979 1016 984 -

294 1029 333 1086 Et
344 1028 401 1084 hoc
414 1027 531 1104 quidem
543 1037 642 1084 utrum
653 1026 737 1082 Plato
749 1043 852 1082 verum
871 1021 906 1078 de
924 1021 1068 1080 sideribus
1084 1021 1177 1098 dicat,
1201 1027 1254 1083 alia

232 1115 363 1189 quaestio
376 1123 428 1169 eat.
471 1112 574 1188 Neque
588 1113 666 1170 enim
677 1111 705 1166 ei
719 1110 856 1166 continuo
876 1106 1093 1166 concedendurn
1106 1117 1165 1180 eet,
1192 1111 1254 1187 glo-

232 1198 284 1255 boa
304 1200 379 1254 iatoa
396 1198 538 1253 luminum
556 1198 618 1252 eive
637 1195 780 1252 orbiculos
804 1195 870 1248 luce
889 1209 1029 1266 corporea
1047 1209 1133 1266 anper
1152 1202 1255 1264 terrae,

233 1299 285 1337 eeu
298 1279 360 1353 die,
386 1299 438 1337 eeu
455 1289 542 1337 nocte
559 1279 721 1359 fulgentes,
748 1277 808 1336 auia
827 1275 997 1352 quibasdam
1012 1277 1136 1349 propriia
1152 1277 1255 1333 animia

231 1367 348 1437 vivere,
376 1367 477 1440 eisque
495 1364 740 1421 intellectualibus
759 1371 789 1418 et
808 1361 919 1432 beatio,
945 1359 1022 1435 quod
1041 1359 1129 1416 etiam
1148 1359 1183 1417 tle
1193 1361 1255 1436 ipae

232 1452 371 1507 nni-verae
383 1448 512 1520 mundo,
538 1458 678 1523 tanquam
693 1464 753 1504 uno
773 1446 893 1501 animali
911 1445 1052 1515 maximo,
1078 1461 1139 1519 quo
1155 1455 1255 1502 cuneta

232 1543 346 1590 caetera
360 1535 581 1588 continerentur
594 1533 746 1602 animalia,
772 1531 916 1585 instanter
933 1526 1064 1584 affirmat.
1104 1525 1163 1585 seu
1176 1527 1254 1600 haee,

231 1627 264 1673 ut
277 1618 356 1688 dixi,
380 1618 438 1672 alia
451 1618 584 1691 quaestio
596 1626 656 1687 eet,
671 1633 758 1690 quarn
771 1632 849 1670 nunc
863 1611 1074 1668 diaeutienelarn
1086 1630 1149 1670 non
1161 1631 1254 1670 auree-

230 1703 335 1778 pimus.
378 1699 444 1756 Hoc
456 1710 570 1756 tanturn
584 1709 688 1756 contra
699 1701 772 1754 istoc
786 1695 1067 1754 commemorandum
1079 1698 1198 1770 putavi,
1211 1699 1254 1773 qni

232 1804 264 1840 ae
277 1784 443 1842 Platonicos
455 1785 557 1840 vocari
569 1786 616 1840 vel
630 1801 692 1838 ease
706 1783 886 1860 gloriantur,
913 1782 993 1837 cuiun
1013 1779 1149 1854 anperbia
1166 1779 1252 1838 nomi-

231 1871 280 1926 nia
298 1869 478 1925 erubeaeunt
496 1885 559 1923 esec
579 1865 752 1938 Chriatiani,
779 1884 818 1921 ne
838 1883 991 1922 commune
1009 1865 1067 1920 illia
1085 1882 1152 1920 cun
1170 1867 1253 1943 volgo

231 1953 417 2023 vocabulum,
442 1953 531 2008 vilem
554 1950 643 2007 faeiat
665 1951 864 2025 palliatorum,
889 1958 972 2005 tanto
993 1949 1087 2026 magia
1114 1946 1254 2016 inflatam,

231 2046 340 2112 quanto
358 2037 451 2114 magia
470 2036 604 2113 exiguam
619 2036 807 2108 paucitatem:
837 2043 867 2088 et
880 2042 1052 2109 quaerentea
1065 2031 1135 2107 quid
1147 2035 1180 2089 in
1192 2033 1254 2090 aee-

231 2123 310 2177 trina
323 2119 490 2178 Christiana
502 2117 730 2194 reprehendant,
758 2119 911 2195 exagitant
934 2117 1138 2174 aeternitatem
1156 2134 1254 2190 corpo-

230 2223 310 2275 rum,
334 2214 472 2279 tanquam
484 2202 556 2259 haec
569 2205 629 2260 aint
640 2205 720 2258 inter
733 2218 764 2258 ae
779 2201 942 2272 contraria,
965 2210 999 2256 ut
1011 2208 1041 2256 et
1051 2197 1256 2260 beatitudinem

231 2305 403 2362 quaeramus
417 2288 542 2357 animae,
558 2295 587 2341 et
600 2305 662 2341 eam
676 2303 788 2359 temper
802 2303 868 2340 erae
879 2286 1002 2342 velimus
1015 2285 1047 2340 in
1061 2302 1198 2360 corpore,
1211 2307 1255 2344 ve·

230 2371 275 2425 lnt
287 2387 460 2426 aerumnoao
472 2371 590 2425 vinculo
609 2371 791 2446 colligatam:
818 2387 884 2424 eum
897 2387 996 2424 eorum
1009 2376 1112 2424 auctor
1126 2379 1157 2426 et
1169 2373 1255 2448 magi-

229 2463 291 2510 ater
303 2453 397 2525 Plato,
411 2453 520 2510 donum
534 2451 627 2510 aDeo
641 2469 754 2509 nummo
768 2450 824 2508 diis
837 2453 872 2509 ab
885 2454 937 2508 illo
950 2451 1034 2508 factis
1047 2451 1127 2509 (licat
1141 2473 1256 2511 eonces-

231 2555 310 2609 enm,
325 2557 363 2594 ne
375 2536 529 2612 aliquando
541 2539 720 2610 morientum,
733 2535 764 2593 id
777 2545 838 2607 eat,
852 2555 869 2593 a
882 2536 1069 2613 corporibus,
1091 2538 1199 2612 quibua
1211 2557 1256 2596 eoa

230 2623 404 2695 connexuit,
419 2631 599 2698 reparentur.

599 2771 721 2830 CAP.
764 2771 896 2830 xvll.

230 2870 333 2924 uentre
348 2885 392 2920 eoa
407 2869 606 2937 quieturam,
624 2877 734 2922 terreae
748 2887 862 2939 corpora
875 2869 1096 2939 manupelli&
1102 2871 1173 2942 fieri
1182 2881 1210 2925 et
1219 2888 1260 2924 ee·

625 2947 704 2991 terno
714 2957 766 2994 ιοιι
777 2958 862 3009 potae.

294 3044 485 3103 contendunt
502 3045 590 3102 eoam
606 3045 673 3116 icti,
699 3049 852 3104 terrestria
867 3065 987 3122 corpora
1005 3049 1182 3122 sempiterna
1195 3065 1260 3104 eoae

229 3147 288 3188 non
301 3147 401 3204 pocae,
427 3139 494 3184 cuna
506 3129 599 3202 ipsam
611 3130 776 3186 nniversam
790 3140 900 3187 terram
913 3129 971 3187 Dei
983 3132 1044 3203 eui,
1070 3149 1133 3188 non
1146 3132 1260 3209 quidem

230 3214 349 3284 cummi,
367 3213 417 3269 aed
425 3221 527 3271 tamen
539 3216 655 3292 magni,
668 3213 699 3269 id
712 3224 774 3286 eat,
787 3217 877 3271 tatius
890 3213 975 3270 lanice
988 3215 1090 3272 mnndi
1098 3216 1260 3272 menbrum

229 3299 261 3354 in
274 3296 368 3354 medio
380 3299 507 3372 positum
520 3306 550 3353 et
560 3299 769 3373 sempiternum
781 3317 846 3354 eaae
859 3317 919 3356 non
933 3297 1075 3356 dubitent.
1101 3299 1179 3362 Cum
1192 3319 1260 3380 ergo

228 3381 309 3440 Deua
328 3383 378 3438 ille
391 3399 519 3438 aummun
538 3381 642 3438 lecerit
658 3385 782 3439 alterurn
801 3401 886 3458 quem
904 3392 1010 3458 putant
1021 3383 1136 3456 Deam,
1164 3383 1197 3441 iel
1211 3395 1261 3452 eat,

228 3469 317 3524 iatum
329 3465 485 3536 mundum,
500 3469 622 3522 caeteri·
637 3466 693 3522 diis
707 3469 757 3542 qui
771 3466 849 3524 infra
864 3485 931 3525 enm
944 3477 1013 3524 aunt
1023 3459 1261 3541 praesciendum,

230 3549 412 3626 eundemque
430 3568 494 3605 ecee
515 3551 685 3606 existiment
697 3553 888 3622 animantem,
916 3552 1013 3608 anima
1027 3551 1161 3624 scilicet,
1190 3555 1263 3608 aient

229 3641 385 3706 aaae‘runt,
410 3635 548 3690 rationali
562 3633 609 3689 vel
621 3635 811 3691 intellectuali
827 3637 859 3690 in
875 3643 935 3690 tarn
948 3653 1054 3712 magna
1067 3637 1147 3692 mole
1161 3655 1263 3711 eorpo-

228 3718 271 3771 ria
285 3720 347 3772 elue
361 3719 492 3788 incluaa3
512 3718 662 3790 ipsiusque
675 3719 804 3793 corporis
817 3727 957 3795 tanquam
969 3719 1098 3775 membra
1112 3721 1192 3778 locia
1207 3721 1265 3776 auia

230 3801 326 3872 potita
346 3809 432 3874 atque
450 3801 581 3878 digesta,
607 3809 732 3872 quatuor
748 3803 935 3858 constituerit
954 3804 1113 3874 elementa,
1141 3823 1266 3880 quorun

231 3882 412 3954 iuncturam,
439 3901 476 3938 ne
489 3900 616 3958 unquam
629 3881 697 3940 deus
711 3903 811 3942 eorum
823 3895 883 3943 tam
894 3902 1019 3966 magnae
1030 3888 1196 3960 moriatur,
1222 3889 1266 3946 iu·
