2538 4392
223 179 287 240 DE
309 181 529 244 clvtTnTE
553 184 631 244 DEI
659 186 739 248 bill.
761 189 889 250 xvrut.
1022 203 1079 258 uua

16 399 17 410 ,
57 344 155 398 struet
169 335 202 394 de
220 333 381 412 raeriiiaio,
408 335 485 412 quod
503 337 630 396 Arsades
651 340 799 400 immolato
817 363 926 420 puero,
953 349 1007 406 deo
1025 369 1078 408 suo

57 419 269 500 Lycaeo-faeere
282 420 422 492 solerent,
437 421 470 478 iu
482 423 582 498 lupum
595 422 686 480 luisse
699 435 853 500 mutatum,
868 439 898 486 et
909 449 987 490 anns
1000 433 1078 492 deei-

55 525 100 566 mo
113 503 142 564 iu
153 503 270 584 figuram
284 505 433 578 propriam
445 508 625 578 restitutum,
640 504 703 584 [ad]
717 507 904 590 pugilatu[m]
918 533 983 571 sesa
992 534 1078 574 exer-

53 590 154 662 ouissa,
166 597 192 646 et
204 585 375 664 Olympiaca
388 589 494 648 risisse
508 589 677 650 certamine.
705 591 766 650 Neo
780 594 856 652 idern
868 607 987 672 propter
999 601 1078 660 aliud

51 673 198 732 arbitratur
214 669 374 730 historicus
392 673 424 730 iu
443 672 569 732 Arcadia
589 676 648 732 tale
667 694 774 734 nomeu
792 676 917 738 affictum
931 680 1005 739 Pani
1018 681 1077 760 Ly-

51 775 119 816 eaeo
132 764 158 814 et
169 753 229 814 lori
242 753 368 831 Lyeaeo,
381 756 440 814 nisi
451 767 572 832 propter
584 755 661 816 hana
673 761 706 816 iu
719 762 803 837 lupos
817 759 969 822 homiuum
981 775 1076 824 muta-

49 843 165 912 tionem,
178 837 254 915 quod
268 857 333 896 eam
345 839 448 898 nisisi
461 840 561 900 diviua
573 841 639 900 lieri
651 862 711 902 uon
723 855 871 922 putarent.
884 846 985 923 Lupus
999 853 1075 907 euim

50 924 156 982 Graeee
167 916 254 992 λυκὸς
265 921 383 996 dieitur,
397 923 474 984 uude
484 925 593 1003 Lycaei
603 945 711 986 nomen
722 939 842 1006 apparet
853 927 1002 990 inflexum.
1016 932 1076 992 Ro-

47 1025 145 1068 manos
155 1009 240 1065 etiam
249 1005 396 1083 Lupercos
410 1026 449 1066 ex
461 1010 578 1070 illorum
591 1013 798 1087 mysteriorum
814 1003 1019 1074 rolut'somina
1033 1018 1078 1074 di-

46 1094 89 1150 oit
101 1101 218 1150 exortos.

397 1176 518 1236 CAP.
561 1176 720 1238 xv111.

46 1271 279 1338 Quideredessdum
289 1273 329 1326 stt
337 1275 369 1332 tls
380 1259 681 1348 tramsormcitioaibua,
702 1293 772 1345 qaae
787 1287 848 1332 arte
863 1279 1020 1334 heremum
1035 1280 1079 1333 bo·

357 1343 473 1398 nasibus
488 1344 613 1398 uidentur
628 1345 758 1400 accidere.

108 1429 163 1490 Sed
175 1432 210 1488 de
223 1434 281 1490 ista
300 1441 384 1490 tanta
402 1435 602 1493 ludificatione
621 1436 812 1506 daemonum,
839 1456 893 1495 nos
914 1437 984 1512 quid
998 1438 1076 1496 diea-

41 1534 119 1588 mus,
138 1517 187 1590 qui
209 1513 282 1573 haee
305 1517 418 1594 legent,
442 1513 577 1575 fortassis
602 1528 783 1596 exspectent.
812 1514 893 1595 [quid
916 1519 1077 1581 Christiani

41 1617 133 1679 agere
146 1597 284 1671 deumne,
304 1598 420 1676 quaudo
434 1603 513 1658 inter
526 1601 605 1659 idola
617 1604 752 1682 gentium
763 1603 905 1662 miracula
918 1604 983 1660 lieri
997 1623 1077 1664 asse·

38 1679 167 1757 runem]
188 1681 230 1740 Et
242 1683 312 1759 quid
324 1682 465 1758 disemus,
479 1687 539 1743 nisi
551 1685 695 1744 demedio
706 1686 867 1762 Babylonis
882 1705 946 1744 essa
959 1687 1078 1766 fugien-

38 1762 128 1826 duml
143 1765 225 1834 Quod
236 1775 423 1842 praeseptum
437 1767 640 1846 prophetiouru
651 1773 693 1828 ita
706 1772 879 1848 spiritaliter
891 1773 1078 1850 intelligitur,

38 1861 75 1910 ut
88 1851 125 1908 de
136 1848 221 1907 buius
235 1853 347 1908 saeeuli
360 1850 497 1926 Ciuitate,
522 1873 596 1930 quae
609 1856 742 1930 profesto
756 1864 786 1911 et
798 1857 972 1932 angolorum
985 1864 1015 1911 et
1026 1855 1078 1914 ho·

34 1937 150 1994 minum
164 1936 288 1991 societas
302 1937 459 2008 impiorum
473 1947 528 2007 est,
541 1938 609 1992 fidei
622 1940 767 2011 passibus,
780 1985 783 1992 .
794 1954 868 2010 quae
880 1955 934 2013 per
947 1935 1078 1997 dileetio·

36 2037 108 2078 uem
124 2027 278 2092 operatur,
302 2020 335 2075 in
348 2017 444 2076 Deum
457 2021 558 2076 rivum
575 2019 756 2094 proficiendo
769 2017 925 2097 fugiamus.
961 2022 1078 2088 Quanto

33 2104 143 2179 quippe
161 2101 192 2158 ia
208 2099 282 2158 lraaa
304 2102 362 2156 ima
380 2111 557 2176 potestatem
579 2102 753 2190 daemom'u
775 2103 916 2158 maiorem
937 2104 1080 2178 ridemus,

33 2195 123 2244 tanto
136 2185 269 2242 teneeius
280 2183 438 2243 Mediatori
452 2193 500 2242 est
510 2183 732 2258 inhaerendum,
746 2201 898 2260 perquem
912 2184 948 2241 de
961 2187 1028 2243 irnis
1043 2187 1080 2244 ad

30 2286 150 2328 summa
164 2267 398 2330 conscendimus.
423 2267 458 2328 si
471 2271 550 2327 euim
563 2269 743 2342 dixerimus,
757 2287 792 2325 ea
804 2261 865 2325 nou
878 2287 944 2325 esso
957 2269 1079 2328 ereden-

29 2355 82 2426 da,
98 2370 161 2409 non
174 2351 283 2409 desunt
295 2354 385 2410 etiam
398 2371 489 2427 nune,
503 2355 554 2431 qui
568 2351 709 2412 eiusmodi
722 2351 874 2430 quaedam,
888 2353 936 2410 rel
949 2354 1080 2412 certissi-

26 2457 80 2496 ma
93 2435 224 2506 audisse,
239 2438 285 2493 rel
300 2439 388 2494 etiam
402 2448 540 2513 expertos
554 2457 586 2494 se
599 2455 662 2496 esse
678 2445 857 2494 attererent.
893 2435 969 2494 Nam
983 2447 1013 2495 et
1022 2455 1079 2498 ¹nm

26 2539 127 2598 quum
139 2537 271 2576 essemus
284 2522 317 2577 in
330 2519 426 2593 ltalia,
439 2521 625 2578 audiebamus
637 2522 710 2577 tslia
722 2521 758 2576 de
772 2519 895 2596 quadam
908 2522 1031 2599 regione
1043 2525 1080 2579 il-

25 2609 131 2663 larum
143 2606 284 2678 partium,
306 2605 356 2662 ubi
369 2605 542 2662 stabularias
557 2606 696 2662 mulieres
710 2605 835 2662 imbutas
849 2601 993 2682 hiemalis
1007 2609 1079 2663 arti·

24 2691 105 2762 bus,
130 2689 165 2744 in
179 2705 266 2745 caseo
278 2688 351 2746 dare
364 2690 459 2746 solere
472 2688 625 2759 dicebaut,
649 2687 753 2762 quibus
765 2688 877 2745 vellent
894 2705 946 2744 sou
959 2699 1081 2762 possent

22 2771 223 2845 viatoribus,
250 2771 329 2830 unde
341 2774 373 2830 iu
387 2775 519 2830 iumenta
537 2773 616 2829 illiao
634 2780 841 2843 verterentur,
869 2780 902 2828 et·
912 2775 1081 2830 necessaria

21 2875 171 2935 quaeque
182 2865 352 2932 portarent,
377 2865 502 2932 postque
514 2857 671 2934 perfuncta
683 2873 773 2931 opera
786 2855 943 2912 iterumad
957 2855 1080 2912 teredi-

19 2950 116 2998 rent:
142 2958 201 2996 neo
214 2948 313 2998 tamen
326 2942 358 2998 in
372 2943 415 2998 eis
427 2950 557 2998 mentem
569 2940 635 2998 fieri
649 2940 816 3012 bestialem,
840 2937 892 2996 red
904 2939 1080 2998 rationalem

15 3025 253 3099 humanamque
270 3027 398 3097 servari,
422 3026 500 3102 sieut
511 3026 651 3102 Apuleius
665 3025 793 3082 inlibris
811 3040 884 3100 quos
897 3023 982 3081 Asini
999 3025 1082 3082 aurei

14 3109 117 3166 titulo
132 3106 301 3182 inscripsit,
316 3109 373 3164 sibi
385 3109 446 3183 ipsi¹
455 3109 614 3179 recidisse,
628 3118 662 3164 ut
675 3118 794 3182 aeeepto
807 3125 935 3179 veneno,
950 3103 1079 3166 humano

14 3193 131 3253 animo
144 3199 341 3267 permuente
353 3192 455 3248 asinus
468 3191 569 3263 lieret,
582 3201 634 3247 aut
646 3189 797 3261 indicarit,
811 3200 863 3247 aut
875 3190 972 3248 tinxit.

87 3273 184 3332 Haeo
196 3274 246 3332 rel
259 3273 335 3331 salsa
346 3283 434 3346 suut,
458 3275 506 3330 vel
519 3282 578 3330 tam
591 3274 750 3345 inusitata,
775 3283 808 3329 ut
820 3273 927 3328 merito
941 3291 1001 3329 non
1016 3291 1080 3330 ore-

10 3361 149 3418 dantur.
174 3356 357 3416 Firmissime
368 3365 467 3416 tamen
481 3355 660 3414 credendum
673 3366 728 3428 est,
742 3357 974 3430 omnipotentem
984 3353 1081 3414 Deum

10 3445 130 3501 omnia
144 3460 236 3520 posse
248 3440 347 3498 iuuere
360 3459 434 3518 quaa
446 3443 591 3514 voluerit,
614 3441 678 3497 sive
697 3437 892 3511 vindicando,
916 3441 982 3495 sire
995 3457 1081 3513 prse-

10 3521 159 3600 stando,
188 3545 245 3584 nea
260 3524 418 3584 daemones
438 3525 551 3602 aliquid
569 3524 685 3602 operari
699 3522 860 3580 seeundum
873 3531 997 3579 naturae
1011 3541 1082 3580 suae

10 3613 215 3687 protendam,
236 3599 321 3691 (quia
333 3617 364 3668 et
376 3611 441 3687 ipsa
453 3611 590 3688 angelica
604 3616 740 3666 ereatura
753 3617 811 3678 ert,
824 3607 895 3662 lieet
907 3607 1027 3682 proprio
1041 3609 1081 3663 sit

10 3698 98 3754 uitio
114 3696 276 3773 maligna,
286 3700 295 3766 J)
318 3695 377 3752 nisi
390 3693 469 3770 quod
483 3695 532 3750 ille
544 3693 727 3770 permiserit,
750 3691 833 3752 auius
846 3687 955 3746 iudioia
970 3692 1083 3748 oooulta

10 3790 92 3838 sunt
107 3781 227 3851 multa,
241 3780 351 3836 iniusta
365 3780 456 3836 sulla.
501 3777 563 3834 Nee
577 3795 649 3838 sane
662 3775 820 3832 daemones
833 3784 1081 3844 saturauimus,

10 3867 33 3920 si
51 3862 191 3942 aliquid
205 3863 264 3920 tale
277 3863 408 3938 iaciunt,
426 3862 462 3925 de
475 3861 612 3940 qualibus
625 3859 712 3944 isatis
726 3861 784 3917 ista
796 3860 924 3918 vertitur
937 3859 1083 3938 quaestio;
