2576 4396
218 192 280 252 292
445 188 540 248 DlVI
557 186 747 246 nvuuutt
768 183 1015 244 AVGVSTINI

219 361 288 402 num
304 361 367 404 essa
380 343 551 400 temeritatis
565 350 594 398 et
610 340 717 407 fastus,
737 337 864 416 gaudere
881 301 1044 409 nidoribus,
1063 339 1230 396 adulationi-

219 424 272 482 bus
286 429 367 506 cupi,¹
379 436 409 482 et
422 434 537 482 caetera
550 442 625 499 quae
638 421 672 478 de
684 420 738 478 boc
752 440 860 500 genere
874 419 1017 478 fallacium
1030 423 1230 499 malignorum-

218 527 274 582 que
292 507 458 581 spirituum,
475 509 524 582 qui
539 507 725 562 extrinsecus
738 506 769 560 in
783 506 908 561 animam
928 505 1063 575 veniunt,
1080 502 1227 562 humanos-

217 609 272 666 que
286 605 385 646 sensus
400 591 508 666 sopitos
521 590 715 665 vigilantesve
730 585 943 656 deludunt,uon
956 595 1104 662 tanquam
1102 587 1157 643 sibi
1168 606 1229 662 per-

217 690 303 730 suasa
320 673 488 744 confirmat,
515 672 566 728 sed
583 681 643 728 tarn
660 673 788 728 tenuiter
804 669 965 744 suspicatur
984 678 1035 725 aut
1051 669 1174 741 dubitat,
1199 681 1230 726 ut

216 754 287 812 haee
298 756 374 812 alios
387 764 499 812 asserat
511 756 639 830 opinari.
624 753 772 810 .Diffioile
784 753 890 828 quippe
903 751 960 808 fuit
972 761 1054 809 tanto
1067 751 1228 828 philosopho

217 847 351 896 cunctam
365 837 542 894 diabolicam
548 839 716 895 societatem
729 837 777 894 rel
792 837 940 906 nosse,vel
954 834 1080 892 fidenter
1099 853 1228 912 arguere,

217 939 301 995 quam
311 909 455 994 quaelibet
468 920 584 977 anicula
596 917 761 976 Christiana
773 937 829 974 nec
842 914 1021 993 csse[noase]
1029 928 1187 990 cunctatur,
1202 930 1229 974 et

215 1001 359 1059 liberrime
373 1002 540 1058 detestatur.
569 1002 635 1060 Nisi
648 1002 745 1058 forte
735 1012 804 1072 rste,
818 1013 847 1057 et
858 1001 964 1074 ipsum,
975 1000 1010 1058 ad
1022 1020 1106 1076 quem
1121 1002 1227 1072 scribit,

216 1085 394 1145 Aneboutem
407 1094 546 1160 tauquam
558 1088 660 1142 talium
674 1103 822 1142 sacrorum
842 1085 1100 1158 praeclarissimum
1118 1086 1228 1142 antiati-

216 1177 288 1239 tem,
308 1178 338 1224 et
350 1170 421 1225 alios
435 1169 537 1224 talium
550 1187 668 1243 operum
682 1177 818 1243 tanquam
832 1166 996 1224 divinorum
1009 1166 1087 1224 etad
1101 1166 1165 1224 deos
1181 1186 1228 1224 co-

218 1250 317 1307 lendos
330 1251 535 1323 pertinentium
550 1250 739 1308 admiratores
753 1248 964 1306 verecundatur
978 1247 1130 1306 offendere.

270 1331 415 1409 Sequitur
428 1343 539 1404 tamen,
558 1344 587 1390 et
598 1353 632 1390 ca
644 1335 724 1392 velut
740 1330 912 1408 inquirendo
930 1341 1144 1404 commemorat,
1157 1351 1229 1407 quae

216 1383 310 1474 sobrie
324 1415 505 1497 considerata
515 1417 604 1473 tribui
616 1435 674 1489 non
688 1425 810 1492 possunt
821 1417 879 1472 nisr
871 1417 1028 1493 malignis
1043 1425 1072 1472 et
1084 1415 1230 1472 fallacibus

216 1491 428 1575 potestatibus.
459 1499 579 1566 Quaerit
592 1502 670 1557 enim
683 1517 735 1555 cur
745 1507 882 1582 tanquam
899 1498 1089 1555 melioribus
1081 1501 1231 1562 invocatis

216 1601 298 1658 quast
289 1582 484 1656 “peioribus
475 1592 646 1659 tmperetur,
664 1591 697 1640 ut
713 1583 821 1638 iniusta
838 1567 963 1638 hominis
978 1590 1131 1656 praecepta
1149 1599 1231 1637 exse-

216 1665 354 1740 quantur:
382 1684 434 1722 our
447 1673 631 1723 attrectatum
643 1683 676 1722 re
690 1663 821 1722 Venerea
835 1683 894 1722 non
907 1664 1083 1724 exaudiant
1074 1683 1231 1739 1mprecan·

215 1758 290 1821 tem,
310 1767 376 1804 cum
388 1748 513 1824 ips1·a‘·d‘
504 1758 630 1806 moestos
644 1765 773 1824 quosque
785 1749 954 1806 concubitus
968 1748 1112 1824 quoslibet
1130 1747 1232 1812 ducere

215 1850 274 1888 non
287 1840 448 1890 morentur:
476 1850 527 1888 cur
539 1831 733 1888 animantibus
748 1849 816 1888 suos
836 1833 981 1891 antistites
996 1841 1128 1907 oportere
1146 1831 1231 1888 absti-

215 1932 285 1970 nere
304 1913 491 1984 denuntient,
517 1932 554 1970 ne
575 1909 725 1990 saporibus
742 1915 871 1989 profecto
890 1917 1035 1990 corporeis
1059 1915 1231 1988 polluantur,

215 1999 271 2073 ipsi
285 2016 354 2056 vero
369 2007 398 2054 et
408 1999 480 2068 aliis
498 1999 651 2074 vaporibus
671 1998 830 2054 illiciantur
848 2009 878 2056 et
895 1997 1045 2054 nidoribus
1061 1996 1231 2068 bostimum3

215 2099 337 2156 cumque
350 2099 368 2136 a
381 2081 530 2138 cadaueris
543 2091 677 2138 contactu
690 2079 876 2156 prohibeatur
892 2083 1050 2157 inspector,
1067 2081 1232 2156 plerumque

214 2165 265 2221 illa
279 2163 464 2222 cadaveribus
485 2165 692 2222 celebrentur}
707 2164 775 2238 quid
792 2163 944 2242 sit,:quod
960 2183 1018 2222 non
1037 2163 1171 2220 daemoni
1187 2165 1234 2221 rel

214 2249 303 2304 alicui
317 2249 430 2302 animae
444 2246 582 2320 defuncti,
596 2248 647 2302 scd
661 2249 716 2321 ipsi
728 2248 782 2302 soli
795 2257 825 2303 et
835 2248 922 2306 lunae
935 2257 984 2304 aut
995 2249 1156 2323 cuicunque
1168 2266 1233 2304 eoe-

214 2331 347 2400 lestium,
365 2326 450 2386 homo
466 2329 585 2386 cuilibet
606 2331 675 2386 vitio
696 2329 838 2386 obnoxius
858 2330 985 2388 intendit
1000 2333 1108 2401 minas,
1127 2349 1233 2406 eosque

213 2413 331 2470 territat
345 2411 435 2483 falso,
455 2421 488 2468 ut
501 2413 543 2468 eis
556 2422 727 2488 extorqueat
741 2407 903 2472 veritatem.
944 2413 1017 2471 Nam
1032 2424 1061 2471 et
1074 2415 1184 2470 coelum
1204 2432 1234 2468 sc

215 2493 352 2552 collidere
373 2497 577 2566 comminatur,
605 2506 635 2553 et
653 2505 768 2552 caetera
785 2497 892 2554 similia
908 2495 1016 2554 bomini
1034 2490 1233 2572 impossibilia,

213 2588 246 2634 ut
259 2579 302 2634 illi
315 2577 355 2634 dii
367 2588 505 2656 tanquam
518 2581 751 2656 insipientissimi
761 2581 845 2654 pueri
861 2579 941 2636 falsis
958 2589 988 2635 et
1006 2579 1137 2636 ridiculis
1156 2598 1234 2635 com-

213 2651 420 2720 minationibus
433 2665 541 2734 territi‚
555 2661 655 2738 quod'
646 2672 804 2742 smperatur
817 2661 950 2720 efficient
968 2661 1050 2720 Dicit
1063 2665 1148 2720 etiam
1163 2666 1235 2718 scri·

212 2743 534 2820 psisseraeremonem
547 2746 690 2820 quendam
702 2747 835 2802 talium
814 2763 958 2802 sacrorum
973 2748 1020 2802 rel
1032 2747 1129 2821 potius
1143 2749 1235 2802 sacri-

213 2830 355 2907 legiorum
369 2831 511 2902 peritum,
529 2845 653 2904 eaquae
670 2827 744 2902 apud
758 2827 941 2906 Aegyptios
936 2839 1006 2885 sunt
1022 2829 1166 2886 celebrata
1185 2847 1235 2884 ru-

212 2911 357 3008 moribus,
375 2913 422 2966 rel
442 2911 476 2966 de
494 2909 586 2981 laide,
608 2909 707 2968 valde
725 2909 842 2968 Osiride
861 2914 963 2968 marito
980 2915 1057 2984 eius,
1078 2913 1236 2968 maximam

211 2995 270 3052 vim
288 2991 393 3050 habere
413 2994 537 3076 cogendi
554 2991 637 3064 deos,
655 3003 688 3050 ut
699 2993 829 3050 faciant*
821 3004 975 3068 tmperata,
989 2994 1102 3070 quando
1117 2994 1167 3051 ille
1182 2995 1235 3072 qui

213 3077 386 3132 carminibus
404 3079 497 3154 cogit,
516 3095 550 3133 ea
568 3095 599 3134 se
617 3075 739 3152 prodere
755 3078 803 3134 vel
814 3088 944 3134 evertere
962 3080 1171 3176 comminatur,
1184 3079 1236 3133 ubi

212 3177 244 3216 se
256 3159 344 3214 etiam
358 3158 483 3216 Osiridis
497 3160 624 3217 membra
637 3159 861 3238 dissipaturum
855 3160 1023 3222 terribiliter
1042 3161 1126 3231 dicit,
1146 3163 1173 3216 si
1191 3161 1237 3216 fa-

212 3260 277 3298 cere
291 3243 372 3298 iussa
384 3245 578 3344 neglexeript.
619 3243 700 3300 Haeo
713 3254 799 3318 atque
812 3233 978 3300 huiusmodi
990 3263 1066 3302 vano
1083 3254 1112 3300 ct
1129 3246 1238 3300 insana

213 3325 269 3381 diis
280 3323 426 3384 bominem
438 3329 559 3399 minari,
577 3343 631 3384 nco
649 3326 839 3402 quibuslibet,
858 3327 935 3383 sed
927 3329 996 3402 apsis
1014 3328 1189 3384 coelestibus
1210 3336 1240 3382 et

211 3409 324 3465 siderea
340 3412 407 3468 luce
429 3409 624 3487 fulgentibus,
637 3428 692 3465 nce
710 3411 774 3465 sine
792 3407 909 3481 effectu,
926 3410 975 3466 sed
999 3412 1126 3468 violenta
1153 3419 1240 3485 pote-

211 3501 285 3548 state
299 3503 465 3572 cogentem,
481 3504 569 3568 stque
582 3492 626 3548 bis
639 3491 801 3550 terroribus
814 3491 851 3550 ad
869 3493 1001 3550 faciendo
1019 3511 1091 3569 quae
1107 3494 1243 3550 voluerit

210 3574 715 3652 perducentem,meritePorphyriu
729 3574 901 3632 admiratam:
914 3573 1055 3634 imovero
1070 3577 1122 3633 sub
1137 3580 1240 3652 specie

211 3661 342 3715 mirantis
358 3669 386 3715 et
399 3678 503 3717 causas
517 3670 615 3715 rerum
627 3659 728 3714 talium
740 3659 933 3732 requirentis,
955 3659 1004 3716 dat
1020 3660 1151 3737 intelligi
1170 3661 1241 3716 illos

211 3741 281 3796 baec
295 3759 385 3814 agere
404 3743 537 3817 spiritus,
560 3758 680 3815 quorum
698 3759 790 3818 genus
808 3744 940 3816 superius
961 3743 1012 3800 sub
1029 3745 1157 3800 aliorum
1175 3745 1244 3817 opi-

215 3825 331 3878 natione
346 3823 514 3898 descripsit,
528 3842 602 3900 non,
615 3832 648 3878 ut
662 3825 722 3897 ipse
736 3826 846 3898 posuit,
859 3835 979 3897 natura,
999 3827 1050 3882 sed
1061 3827 1137 3883 vitio
1153 3825 1246 3882 falla-
