2530 4392
151 301 153 308 γ
179 216 237 276 DE
260 215 481 278 ClVlTATE
504 219 583 278 DEl
607 219 687 278 ΜΒ.
713 219 792 278 XX.
939 229 1000 286 :31⁷

41 374 82 452 igi
93 373 121 428 in
133 391 163 428 eo
175 369 249 448 quod
262 369 368 428 dietum
383 381 437 443 eat,
450 368 535 430 Siout
549 371 807 450 dieduapriatiaio‚
822 384 851 432 et
861 377 938 434 aicae
947 397 1000 436 en-

52 455 209 535 priorilar:
235 456 319 511 irtam
336 465 486 529 praetereo
507 457 725 530 quaestionem,
746 475 784 513 ne
802 467 891 536 cogat
913 456 1000 536 (quod

42 541 129 596 lixum
140 531 192 617 eat)
205 548 310 594 eunota
324 537 482 610 discutere,
499 547 534 594 ut
546 539 655 614 aliquid
667 537 771 598 horum
783 543 892 598 veritur
905 545 998 599 mani·

42 633 92 680 :ato
103 621 255 678 confirmet.
277 621 368 678 Video
382 624 485 698 quippe
499 623 620 678 alterum
634 641 763 695 aeneum,
777 643 815 680 ne
828 623 889 680 dier
902 627 1000 700 pristi-

53 715 82 762 et
93 723 178 762 ouuoa
189 706 301 780 priores
319 707 480 762 carnalium
497 705 708 764 sacrificiorum
727 708 810 764 nobie
827 727 881 784 pro
895 727 1001 786 magno

42 809 103 848 uere
122 809 170 865 per
188 787 362 863 Prophetam
385 791 542 865 promissos
568 787 659 862 fuisse
683 791 842 848 eradamus.
878 789 1001 848 Hostiae

42 893 106 950 iqua
118 875 180 930 illae
191 874 299 931 veterio
312 872 400 951 Legio
413 875 445 929 in
458 872 621 949 quibusque
632 873 786 948 paeonibur
800 877 1000 934 immaculatae

42 960 99 1014 rina
111 959 165 1014 ullo
184 974 301 1032 proraua
321 957 394 1014 vitio
414 957 588 1013 iubebantur
607 954 723 1029 offerri,
749 967 779 1014 et
795 958 1002 1036 significabant

42 1044 110 1098 lines
128 1050 250 1112 sanctos,
270 1041 363 1115 qualia
382 1042 459 1096 solua
475 1041 613 1096 inventur
632 1049 678 1096 eat
697 1039 845 1114 Christus,
865 1044 929 1099 aine
942 1044 1000 1098 ullo

42 1127 99 1182 liud
110 1133 233 1200 peceato.
255 1122 381 1180 Proinde
395 1125 463 1200 quia
475 1133 542 1200 poet
553 1122 702 1196 iudicium,
716 1143 781 1182 oum
792 1125 904 1184 fumint
914 1127 1001 1182 etiam

42 1231 49 1266 ι
61 1208 197 1281 mundati,
211 1209 260 1284 qui
274 1207 416 1264 eiusmodi
428 1206 617 1265 mundatione
631 1218 701 1265 runt
714 1208 808 1286 digni,
821 1211 853 1266 iu
866 1209 1000 1268 omnibuo

42 1295 88 1350 otio
101 1295 207 1350 nullum
220 1293 389 1349 invenietur
401 1293 520 1348 omnino
532 1301 700 1366 peeootum,
725 1302 811 1368 atque
824 1294 866 1348 ita
879 1312 910 1348 ae
923 1295 1001 1368 ipaoa

42 1387 102 1434 rent
112 1378 142 1434 in
154 1377 281 1447 iustitia,
305 1384 339 1431 ut
351 1377 423 1432 talea
437 1374 549 1432 hostiae
563 1375 739 1432 omnimodo
752 1377 955 1434 immaculatae
968 1395 1001 1432 ae

54 1463 113 1517 ullo
125 1461 193 1518 vitio
207 1461 268 1516 rint
280 1459 406 1532 futurae,
423 1468 511 1516 erunt
522 1459 653 1534 prolecto
667 1461 744 1516 oieut
755 1461 887 1535 pristinis
902 1459 1002 1516 diebus

43 1548 104 1602 icut
127 1545 209 1602 annia
231 1543 388 1620 prioribus,
416 1541 531 1620 quando
553 1545 585 1599 in
607 1542 709 1599 umbra
726 1541 811 1600 huiur
825 1545 869 1600 rei
888 1543 1002 1599 firturae

42 1629 180 1686 ,diuaimae
192 1625 387 1685 offerebantur
398 1625 522 1684 hostiae.
559 1625 640 1683 Haeo
654 1627 711 1684 erit
723 1645 848 1703 namque
860 1626 1003 1683 munditia

42 1737 45 1766 ι
58 1715 91 1770 in
103 1713 258 1770 immortali
270 1730 358 1768 earne
370 1730 404 1768 ao
417 1720 515 1768 mente
528 1720 711 1782 aenatorum,
736 1729 810 1788 puae
822 1710 1003 1790 figurabatur

42 1800 133 1854 larum
147 1795 315 1870 corporibur
328 1793 497 1852 hostiarum.

42 1879 152 1938 Deinde
163 1890 282 1955 propter
302 1897 351 1936 eor
372 1881 422 1955 qui
440 1897 502 1936 non
518 1879 722 1950 mundatione,
749 1877 800 1934 aed
818 1877 1002 1937 damnatione

55 1965 151 2043 digni:
179 1963 221 2022 Et
234 1965 382 2034 accedam,
401 1964 513 2039 inquit,
527 1964 569 2020 ad
580 1981 630 2020 vor
643 1965 673 2020 ia
687 1963 838 2033 iudicium,
852 1972 882 2020 et
895 1981 945 2019 ero
960 1973 1003 2018 te-

42 2049 128 2108 velox
139 2065 229 2126 nuper
241 2046 389 2118 maleficos
399 2056 429 2104 et
441 2063 531 2123 super
544 2045 707 2116 adulteros,
721 2054 751 2100 et
759 2053 885 2115 caetera,
899 2043 1012 2118 quibua·

42 2131 182 2189 nobilibur
197 2131 375 2188 enumeratio
389 2129 569 2198 criminibus,
582 2127 702 2199 addidit,
720 2125 863 2196 Quoniam
877 2145 929 2202 ego
941 2125 1003 2182 Do-

42 2234 70 2275 ιι
83 2215 166 2276 Deua
179 2225 293 2285 vester,
317 2223 347 2272 et
360 2231 417 2270 noa
429 2222 544 2269 mutor:
572 2220 710 2286 tanquam
723 2209 843 2282 diceret,
866 2208 938 2266 Cum
950 2227 1002 2265 vor

42 2301 129 2358 iverit
143 2308 173 2356 ot
185 2300 218 2356 iu
231 2297 359 2354 deterius
379 2298 464 2372 eulpa
475 2281 590 2366 vestie,
616 2296 690 2351 etin
703 2294 805 2350 melius
818 2295 915 2372 gratia
927 2310 1003 2364 mea,

42 2404 104 2443 nou
118 2393 225 2440 mutor.
258 2381 378 2440 Testem
391 2397 463 2439 voro
478 2398 510 2436 re
523 2378 596 2435 dioit
608 2377 751 2449 futurum,
771 2379 839 2454 quia
851 2379 883 2434 in
896 2376 1003 2432 iudioio

42 2489 99 2527 uon
114 2459 230 2547 indiget
241 2467 380 2523 tentibus:
404 2482 528 2538 eumque
547 2464 692 2535 velocem,
715 2465 777 2519 rive
797 2463 864 2536 quia
882 2469 1004 2534 repente

42 2571 110 2610 urus
124 2560 187 2623 eat,
211 2553 324 2626 eritque
340 2547 479 2604 iudicium
492 2549 556 2621 ipso
570 2547 719 2620 inopinato
733 2547 794 2602 eiua
813 2543 940 2601 adventu
955 2563 1004 2599 ee-

42 2657 130 2708 num,
144 2635 223 2713 quod
235 2633 433 2691 tardissimum
444 2630 611 2698 videbatur3
625 2631 688 2687 aive
701 2631 770 2706 quia
783 2630 862 2702 ipaao
880 2628 1004 2684 convin-

42 2725 94 2778 ine
109 2722 172 2778 ulla
184 2719 330 2776 sermonis
342 2717 511 2792 prolixitate
524 2714 729 2770 eonscientiae.
763 2709 800 2769 In
814 2711 1004 2788 cogitationi·

42 2807 120 2878 nim,
146 2805 227 2862 riout
239 2803 380 2876 seriptum
393 2808 448 2869 eat,
472 2799 557 2876 impii
569 2798 769 2875 interrogatio
783 2797 852 2852 erit.
874 2794 914 2851 Et
925 2794 1004 2868 Apo·

42 2909 69 2962 a,
88 2885 342 2966 Cogitationidae,
355 2885 460 2959 inquit,
474 2881 692 2954 accurantibus,
701 2879 749 2939 vel
760 2881 850 2938 etium
861 2895 1005 2938 exomen-

63 2975 97 3030 in
122 2974 173 3031 die
192 2991 251 3050 qua
270 2968 415 3028 iudicabit
434 2965 516 3025 Deua
535 2965 651 3024 oooultu
665 2963 824 3034 dominum,
849 2963 1005 3022 eorundum

42 3057 165 3135 galiam
179 3075 272 3116 meam
278 3073 339 3134 per
352 3048 449 3112 lerum
465 3049 623 3107 (idriolam.
650 3047 749 3106 Etiam
761 3049 803 3106 aio
818 3067 888 3126 ergo
901 3045 1004 3102 Domi-

42 3145 153 3198 'uturua
171 3141 259 3196 tentia
277 3135 486 3215 intelligendus
500 3143 545 3188 eat
557 3136 660 3204 velox,
685 3151 772 3208 quum
785 3133 850 3188 aine
863 3148 944 3186 mora
956 3148 1004 3184 re-

42 3243 124 3282 urus
144 3233 193 3278 eat
211 3225 244 3280 in
260 3221 445 3288 memorium,
470 3213 548 3271 unde
571 3216 727 3272 convineat
750 3216 910 3288 puniatque
934 3231 1004 3270 eou-

42 3311 130 3366 tiam.

319 3383 442 3444 cnr.
482 3361 662 3440 'xxvm

42 3486 199 3543 paratione
210 3485 337 3536 tonorum
347 3489 375 3534 et
384 3481 527 3544 mulorum,
543 3493 594 3547 per
610 3489 689 3544 quam
703 3469 840 3525 novioduni
853 3469 949 3522 induit
958 3469 1006 3521 dir·

42 3551 45 3559 ’
363 3550 448 3604 cretio
457 3551 620 3602 declaratur.

42 3648 98 3706 lud
115 3649 224 3718 etiam,
239 3641 315 3720 quod
330 3641 410 3698 aliud
423 3658 515 3720 agens
529 3641 560 3694 iu
574 3645 677 3694 ootavo
691 3633 803 3690 decimo
816 3629 891 3687 libro
903 3645 940 3686 ex
950 3630 1007 3686 into

42 3743 108 3790 reta
132 3730 239 3806 posui,
271 3727 306 3784 ad
329 3725 468 3782 iudioium
489 3713 680 3780 novioaimum
706 3717 850 3793 pertinet,
879 3713 929 3770 ubi
952 3714 1008 3770 ait:

42 3830 54 3877 t
69 3815 165 3887 milri,
189 3814 264 3872 dioit
277 3809 420 3868 Dominae
434 3810 624 3886 omnipotens,
638 3805 668 3860 ia
683 3803 730 3860 die
744 3820 801 3880 qua
815 3797 965 3877 egofueio
979 3799 1010 3853 ia

42 3903 218 3960 altionem:
245 3905 275 3954 et
288 3895 395 3973 eligam
410 3909 458 3951 eoo
471 3893 549 3950 oiout
565 3888 650 3966 eligit
663 3887 743 3946 domo
750 3885 850 3958 filiam
864 3899 948 3940 auum
961 3883 1013 3960 qui
