2538 4392
206 199 264 258 1¹44
430 185 529 248 DIVI
550 182 739 244 AVRELll
763 178 1022 244 nvnvsutnl

204 365 262 408 aar
276 342 371 402 ttulit
384 337 454 414 tili3
467 346 497 396 ct
509 345 633 416 quaeret
640 335 783 396 Dominae
794 336 853 394 aiii
863 334 1005 396 hominem
1019 339 1179 398 comedam
1194 361 1239 400 cer

203 447 305 500 raam,
318 435 349 492 et
359 421 514 482 mandabit
527 423 557 480 ci
567 421 728 491 Dominae,
739 437 806 478 care
820 421 850 478 in
857 421 1029 498 principem
1042 439 1136 500 ceper
1142 441 1239 502 papa·

203 513 262 571 iam
275 521 377 582 taam
401 507 473 585 qaia
491 523 549 562 nor
566 505 727 563 caatadieti
746 521 821 581 qaae
836 505 992 562 mandarit
1010 505 1068 562 tibi
1078 504 1239 566 Dareium:

199 613 261 656 aaa
274 595 318 652 sic
331 587 533 665 accipiendum
546 597 602 660 eat,
615 606 649 646 ac
661 589 690 646 ai
702 589 797 662 iprum
810 585 929 646 Saulem
942 585 1025 645 Deae
1040 590 1075 646 in
1086 598 1239 646 aeternum

202 677 390 755 praeparavit
401 681 606 751 regnaturum,
621 681 651 728 et
663 671 718 728 hcc
730 681 831 746 portet
842 671 970 728 noluerit
982 689 1103 729 servare
1116 691 1238 746 pecean-

200 763 239 834 ti3
263 758 453 835 nequeenim
472 774 536 814 eum
551 765 738 830 peccaturum
751 773 818 812 erae
831 753 993 812 nerciclmt:
1019 755 1071 812 red
1083 774 1237 831 praepara·

199 855 284 907 verat
296 859 422 920 regnum
435 840 509 910 eiur,
523 840 555 898 in
567 857 625 914 que
636 839 733 917 figura
744 847 823 896 esset
835 839 923 915 regni
935 840 1059 895 aeterni.
1075 837 1146 896 ltlec
1160 840 1237 896 addi·

201 928 257 986 tit:
271 925 314 984 Et
326 943 403 982 runc
415 941 539 1000 regnam
551 933 632 980 tuum
642 941 699 980 rien
710 921 804 978 atebr't
816 921 878 978 tibi.
897 919 988 978 Stetit
1002 941 1084 1000 erge,
1099 932 1129 978 et
1141 923 1237 994 stabit,

202 1009 281 1087 quad
294 1011 325 1066 in
338 1009 389 1064 illa
402 1005 603 1084 significatum
615 1015 673 1062 ert:
696 1004 748 1062 red
762 1023 822 1062 aaa
841 1003 909 1061 huic
924 1005 1030 1077 stabit,
1054 1007 1121 1081 quia
1132 1024 1191 1062 nau
1205 1009 1238 1064 in

202 1103 354 1150 aeternum
367 1092 431 1164 ipae
444 1090 541 1146 fuerat
553 1099 749 1167 regnaturus,
764 1107 818 1144 nec
830 1090 987 1164 progenies
1001 1091 1079 1161 eiua,
1089 1098 1120 1148 ut
1131 1090 1239 1148 saltem

202 1195 254 1252 per
266 1183 399 1252 posterea
413 1175 539 1232 alterum
553 1174 640 1230 alteri
656 1170 848 1230 succedentes
866 1171 1016 1230 videretur
1033 1173 1150 1246 irnpleri
1162 1172 1239 1248 qued

203 1258 313 1318 dictum
326 1266 383 1329 eat,
403 1258 435 1316 in
447 1267 611 1316 aeternam.
637 1255 679 1313 Et
694 1263 828 1333 quaeret,
842 1255 948 1330 inquit,
961 1253 1106 1313 Dominae
1120 1256 1180 1312 ribi
1191 1256 1239 1314 lra-

202 1343 324 1402 mtrem·
351 1343 413 1399 rive
426 1337 533 1409 David,
553 1341 616 1397 rive
629 1340 725 1413 ipram
738 1335 928 1394 Mediatorem
947 1337 1121 1416 significans
1135 1337 1238 1396 Testa·

203 1426 297 1484 menti
309 1425 398 1496 ucri,
422 1424 472 1498 qui
485 1419 667 1500 figurabatur
680 1422 712 1478 in
727 1419 883 1478 chrismate
901 1423 1060 1496 etiamque
1074 1432 1185 1480 unctus
1199 1435 1240 1480 est

203 1511 267 1585 ipre
280 1507 378 1566 David
391 1514 421 1562 ct
434 1507 594 1583 progeniae
606 1506 679 1562 eiua.
711 1503 779 1562 Nan
793 1511 892 1562 autem
904 1507 988 1580 quati
1000 1507 1116 1562 nesciat
1128 1507 1180 1564 abi
1193 1510 1238 1578 rit,

203 1591 334 1648 itaDcua
345 1590 402 1646 eibi
412 1587 560 1646 hominem
573 1588 701 1664 quaerit:
713 1587 765 1644 red
775 1605 828 1661 per
838 1585 987 1646 homiaem
997 1607 1078 1646 mere
1088 1587 1239 1648 huminum

202 1675 347 1750 loquitur;
387 1671 457 1746 quia
485 1671 528 1728 ric
541 1671 688 1746 loquendo
701 1689 757 1730 aes
766 1673 891 1747 quaerit.
905 1671 972 1730 Nan
982 1675 1077 1730 selum
1087 1675 1169 1730 euim
1177 1675 1237 1734 Dea

202 1756 294 1828 Patri,
307 1773 410 1814 verum
423 1755 513 1812 etiam
524 1755 711 1830 ipriqaaquc
724 1753 885 1832 Vnigenito
900 1757 977 1829 eiua,
990 1758 1040 1833 qui
1052 1759 1139 1816 uenit
1151 1777 1237 1835 quae·

201 1857 268 1897 rere
282 1836 359 1914 qaod
370 1838 516 1914 perierat,
536 1855 629 1913 usque
643 1837 715 1896 adea
729 1839 788 1896 ian
802 1857 919 1898 eramus
932 1842 1006 1912 uati,
1021 1849 1056 1896 ut
1068 1842 1102 1898 in
1114 1843 1182 1917 ipro
1195 1861 1237 1898 er·

201 1939 297 1980 remus
311 1922 399 1980 electi
410 1929 481 1978 ante
493 1922 738 1982 constitutionem
750 1922 862 1982 mundi.
899 1921 1027 1994 Quaerit
1040 1924 1101 1982 eibi
1112 1944 1186 2005 erge
1198 1926 1237 1982 tli-

200 2008 262 2079 xit,
283 2023 369 2064 auum
388 2003 507 2062 habebit
532 2003 599 2082 [pro
617 2023 652 2062 ea
666 2024 701 2062 ae
713 2007 740 2062 si
752 2003 880 2079 diceret,
907 2025 993 2084 quem
1004 2025 1092 2064 auum
1107 2027 1174 2068 erae
1186 2012 1238 2066 ian

201 2090 296 2162 navit,
311 2088 368 2148 ribi
380 2107 446 2149 erre
459 2089 635 2148 familiarem
647 2091 712 2148 aliis
726 2087 885 2166 ostendetl.
919 2089 1003 2146 Vnde
1015 2092 1048 2149 in
1062 2091 1173 2150 Latina
1183 2095 1237 2150 lin·

201 2193 259 2256 gua
276 2171 331 2232 hae
348 2173 470 2232 verbum
493 2175 600 2248 accipit
616 2174 879 2249 praepositionem,
894 2183 934 2230 ct
950 2176 1092 2250 acquirit,
1118 2176 1236 2234 dicitur:

201 2257 280 2333 qued
293 2259 366 2314 tatia
380 2267 512 2332 apertum
526 2267 572 2314 ert
586 2258 656 2334 quid
669 2256 827 2336 aignificet.
866 2258 1042 2332 Quanquam
1060 2268 1091 2314 et
1110 2261 1178 2318 eine
1191 2260 1237 2318 atl-

201 2339 361 2398 ditamenta
383 2342 609 2416 praeponitieuir
633 2359 774 2418 quaerere
798 2341 982 2420 intelligatur
1004 2343 1177 2418 acquirere:
1203 2361 1237 2400 ex

201 2441 258 2499 qua
271 2424 353 2482 lucra
365 2433 511 2485 vocantur
525 2433 555 2481 ct
567 2434 714 2501 quaestus.

547 2623 550 2630 ,
600 2575 714 2636 CAP.
760 2575 845 2634 vlt.

199 2667 242 2727 De
258 2671 424 2742 disruptione
438 2670 689 2742 regnilrratlitici,
709 2689 764 2742 qaa
780 2673 991 2744 praefiguntur
997 2684 1135 2745 mm
1147 2676 1240 2730 Μ,

448 2741 560 2796 Israelis
571 2741 706 2810 spiritalia
716 2741 751 2796 ab
761 2743 863 2798 leratle
873 2743 986 2800 carnali.

263 2845 376 2904 Ramur
389 2849 523 2922 peccarit
536 2845 609 2904 Saul
620 2869 675 2925 per
686 2850 933 2924 inobedientiam,
957 2861 987 2908 et
998 2870 1106 2912 rursm
1119 2853 1239 2912 Samud

199 2931 242 2986 ait
254 2930 298 2984 illi
311 2931 343 2984 in
356 2930 447 2988 verbo
462 2929 597 2988 Domini:
626 2930 707 3002 Quia
720 2937 865 3012 aprovieti
876 2935 994 2993 veriam
1008 2935 1143 3010 Domini,
1155 2955 1239 3015 apro·

198 3013 243 3069 cit
255 3019 285 3068 ta
298 3008 454 3084 Dominae,
467 3023 501 3070 at
513 3031 570 3072 nea
584 3016 697 3074 air-ree
710 3034 801 3096 caper
813 3015 923 3076 Iarail.
952 3017 993 3075 Et
1004 3038 1111 3078 ramur
1123 3039 1175 3097 pre
1188 3039 1239 3077 cc·

198 3093 264 3150 dem
276 3102 415 3167 peccato,
440 3114 506 3152 cum
518 3096 549 3154 id
563 3097 754 3156 confiteretur
766 3099 855 3174 Saul,
878 3109 908 3158 et
919 3103 1038 3160 veniam
1054 3107 1238 3180 precaretur,

198 3185 376 3255 rogaretque
389 3175 569 3253 Samuelem,
591 3191 627 3240 ut
643 3192 847 3242 reverteretur
866 3203 932 3242 eum
944 3187 996 3243 illc
1016 3187 1054 3244 ad
1066 3188 1239 3264 placandum

196 3259 307 3318 Deum:
320 3257 386 3318 Non
397 3273 547 3334 revertar,
560 3264 666 3340 inquit,
681 3277 793 3343 tecam
805 3269 877 3345 qaia
888 3272 1033 3346 sprevisti
1042 3273 1165 3330 corlant
1177 3269 1240 3329 Da·

174 3351 175 3354 ’
195 3345 284 3419 arini;
309 3355 340 3402 et
350 3357 471 3422 rprrrtet
484 3357 513 3404 te
527 3346 682 3421 Dominae,
702 3370 738 3408 ne
752 3353 796 3410 aia
808 3369 865 3410 rar
877 3369 968 3430 eaper-
980 3348 1091 3412 [ercii.
1116 3353 1159 3412 Β
1170 3373 1240 3411 ean-

194 3429 288 3486 rertit
300 3425 544 3501 Samaolfacicm
557 3448 651 3502 raam,
664 3442 699 3490 at
710 3434 826 3492 abiret:
845 3437 985 3493 attonuit
998 3433 1076 3494 Saul
1080 3437 1240 3516 pennula·

196 3509 337 3586 dialaidia
349 3513 423 3584 eiua,
437 3522 467 3570 et
480 3514 612 3591 dirrupit
625 3533 698 3578 eam.
713 3515 757 3574 Et
768 3518 847 3575 dixit
859 3518 901 3575 ad
914 3537 977 3576 aare
982 3517 1113 3590 Samuel,
1126 3518 1241 3578 Diarr-

192 3593 242 3668 pa't
255 3591 401 3652 Dominae
414 3613 537 3672 regnam
550 3596 586 3654 ab
600 3594 703 3656 [erait
712 3601 748 3658 eie
760 3619 850 3658 marta
860 3609 915 3657 tua
927 3599 1023 3672 hodie,
1037 3603 1240 3681 tatemere

194 3691 240 3730 ate
252 3683 302 3732 tao
312 3675 384 3734 lenc
398 3693 489 3757 anper
502 3689 543 3750 te,
557 3690 587 3737 et
600 3680 751 3740 dividatur
761 3680 864 3740 Iarae‘l
871 3684 904 3740 irc
916 3684 989 3742 dae:
1002 3696 1102 3744 etrier
1116 3705 1240 3744 camer-
1261 3731 1262 3750 ,

195 3761 290 3826 tetur,
337 3762 601 3838 aequepaeaitrlit
615 3782 694 3840 earm·
711 3767 849 3844 queniam
861 3785 920 3824 aar
934 3779 980 3826 eet
993 3771 1072 3826 licat
1084 3769 1190 3840 tana,
1210 3780 1241 3826 at

192 3837 349 3908 paeniteat
361 3859 440 3898 carte
452 3845 517 3920 ipae
528 3846 672 3920 minatur,
685 3859 717 3906 et
729 3867 786 3908 aar
793 3862 964 3927 pormanet.
981 3850 1039 3908 late
1052 3853 1103 3910 cui
1116 3851 1242 3924 tlicitur,
