2510 4404
217 183 280 242 DE
303 177 519 244 ClVl'l'ATE
544 185 620 247 DEl
647 187 725 244 ΗΒ.
750 187 866 247 xxti.
992 191 1052 246 389

31 355 95 394 suae
108 354 144 393 ao
155 346 303 394 maternae
316 335 520 415 fraternaeque
543 341 713 396 calamitatis
733 339 873 398 indicavit
890 339 1047 400 historiam.

31 417 169 495 Sequenti
185 423 285 496 itaque
299 421 345 477 die
357 431 423 498 post
436 421 607 479 Sermonem
619 422 779 497 redditum,
797 425 974 482 ornationis
987 427 1048 484 cias

31 503 155 561 libellum
167 500 200 560 in
216 507 376 562 erastinum
387 509 493 582 populo
509 506 692 564 recitandum
704 509 833 582 promisi.
867 507 951 575 Quod
963 526 1048 584 quum

31 605 64 642 ex
76 586 230 645 Dominieo
243 587 372 645 Paschae
385 589 432 646 die
445 592 532 647 tertio
545 589 630 646 fieret
642 591 674 647 in
691 591 830 668 gradibus
850 590 992 663 exedrae,
1018 583 1048 648 in

31 690 81 746 qua
95 671 130 728 de
144 673 293 747 superiore
307 675 446 749 loquebar
458 675 541 745 loco,
555 674 612 730 feci
625 682 703 730 stare
717 673 815 732 ambos
829 674 947 746 iratres,
960 693 1049 750 quum

31 774 124 814 eorum
141 757 290 834 legeretur
307 757 432 814 libellus.
475 755 644 814 lntuebatur
655 760 778 833 populus
792 760 946 815 universus
960 776 1049 814 sexus

31 840 191 914 utriusque,
211 857 301 896 unum
315 850 440 897 stantem
454 842 518 897 sine
532 840 654 897 deformi
667 851 762 914 motu,
781 844 902 898 alteram
915 841 1049 898 membris

31 919 156 978 omnibus
170 933 406 982 contrementem.
428 923 468 981 Et
481 925 532 999 qui
544 926 637 999 ipsum
651 943 711 980 non
723 925 872 996 viderant,
886 925 956 1000 quid
969 926 1000 980 in
1015 944 1049 980 eo

31 1006 139 1062 livinae
161 1007 377 1064 misericordiae
398 1007 508 1064 factum
532 1017 623 1078 esset,
649 1009 681 1064 in
695 1010 755 1064 eius
768 1023 869 1066 sorore
883 1008 1047 1067 cernebant.

31 1089 258 1146 lidebant-enim
271 1090 341 1166 quid
350 1093 382 1147 in
393 1109 427 1147 eo
438 1091 653 1169 gratulandum,
669 1091 737 1166 quid
749 1111 801 1167 pro
815 1094 865 1148 illa
875 1102 952 1149 esset
962 1110 1048 1148 oran·

31 1174 99 1229 lum.
131 1175 207 1230 lnter
216 1171 288 1229 haec
300 1176 423 1232 recitato
435 1193 534 1231 eorum
545 1175 653 1247 libello,
668 1174 703 1231 de
716 1185 873 1250 conspectu
886 1177 986 1250 populi
998 1175 1046 1232 ab·

31 1276 65 1313 re
79 1275 127 1312 eos
140 1259 290 1332 praecepi:
305 1265 335 1314 et
344 1257 379 1314 de
390 1267 452 1314 tota
463 1259 526 1334 ipsa
538 1277 627 1315 causa
637 1259 783 1334 aliquanto
797 1259 967 1337 diligentius
982 1278 1046 1316 coe-

31 1360 119 1397 seram
132 1339 289 1416 disputare,
303 1359 369 1398 eum
383 1361 450 1397 ecce
459 1360 505 1398 me
515 1341 690 1416 disputante,
703 1361 790 1399 voces
803 1344 878 1399 aliae
890 1343 925 1398 de
938 1342 1047 1399 Memo-

31 1423 208 1500 iaMartyris
218 1443 312 1482 novae
323 1427 528 1504 gratulationis
538 1425 706 1482 audiuntur.
722 1425 863 1484 Conversi
873 1436 941 1482 sunt
951 1445 985 1482 eo
998 1427 1047 1499 qui

31 1529 66 1564 ne
80 1508 245 1580 audiebant,
258 1517 473 1585 coeperuntque
484 1528 666 1566 concurrere.
686 1509 739 1567 llla
752 1512 830 1566 anim
839 1510 890 1567 ubi
899 1509 934 1564 de
947 1508 1047 1588 gradi-

31 1611 74 1648 ιιιι
95 1590 259 1664 descendit,
284 1593 433 1669 inquibus
447 1602 581 1665 steterat,
596 1592 632 1650 ad
646 1603 777 1650 sanctum
789 1593 948 1670 Martyrem
963 1611 1047 1649 orare

31 1684 198 1732 correxerat.
212 1676 294 1742 Quae
306 1693 375 1732 mox
388 1686 420 1732 ut
433 1678 578 1735 cancellos
591 1678 702 1756 attigit,
715 1679 840 1753 collapsa
848 1679 982 1736 similiter
995 1695 1047 1733 ve-

32 1769 65 1816 ut
76 1761 107 1815 in
121 1777 264 1831 somnum,
276 1777 347 1816 sana
360 1763 496 1818 surrexit.
521 1759 599 1818 Dum
613 1779 683 1840 ergo
695 1763 909 1838 requireremus
923 1759 992 1836 quid
1002 1761 1047 1816 fa·

31 1853 96 1900 ttum
103 1843 282 1914 luerit‚unde
292 1845 596 1920 istestrepiduslaetus
605 1847 761 1917 exstiterit,
770 1847 1045 1924 ingressisunteum

31 1930 70 1984 lla
81 1929 112 1982 in
121 1927 279 1998 basilicam,
289 1927 339 1983 ubi
352 1946 476 1999 eramus,
490 1928 666 1985 adducentes
677 1947 851 1985 camoenam
861 1928 897 1984 de
907 1927 1046 2002 Martyris

31 2030 94 2068 oco.
108 2009 182 2067 Tum
194 2029 266 2068 vero
280 2019 379 2066 tantus
394 2010 429 2066 ab
442 2019 564 2085 utroque
577 2027 650 2066 sexu
663 2005 862 2068 admirationis
874 2013 981 2066 clamor
994 2027 1047 2064 ax-

31 2104 101 2150 srtus
109 2103 163 2166 est,
172 2103 207 2150 nt
215 2111 275 2150 vox
286 2094 457 2150 continuata
467 2111 532 2148 eum
541 2094 678 2169 lacrymis
689 2109 749 2150 non
758 2093 906 2149 videretur
915 2109 1001 2165 posse
1011 2092 1047 2147 fi-

31 2179 87 2239 siri.
106 2177 252 2234 Perducta
259 2187 304 2234 est
312 2175 421 2234 adeum
428 2177 535 2247 locum,
545 2176 595 2232 ubi
605 2178 690 2250 paulo
702 2184 770 2232 ante
779 2184 901 2232 steterat
910 2184 1046 2232 tremens.

31 2262 213 2320 ixsultabant
227 2279 291 2318 eam
304 2261 425 2318 similem
439 2259 523 2315 fratri
538 2255 691 2334 [factam],
705 2260 753 2316 cui
767 2258 919 2316 doluerant
930 2275 1046 2316 reman-

33 2349 92 2403 isse
106 2343 290 2402 dissimilem:
316 2353 347 2402 et
359 2342 487 2400 nondum
500 2341 579 2400 fissas
590 2361 690 2420 praees
705 2361 771 2400 ssrsa
785 2361 838 2418 pro
850 2345 916 2416 ills,
930 2344 989 2400 iam
1001 2353 1045 2399 ta-

31 2450 86 2486 nen
97 2429 246 2504 praeviam
259 2430 442 2486 voluntatem
454 2436 513 2484 tarn
533 2427 591 2484 cito
610 2427 774 2484 exauditam
794 2446 859 2484 esse
880 2427 1044 2484 cernebant.

31 2512 213 2570 lxsultabant
225 2513 258 2568 in
271 2511 329 2568 Dei
341 2509 456 2568 laudem
468 2529 540 2568 voce
557 2509 678 2588 [socca]
700 2513 764 2566 sine
776 2511 888 2578 verbis,
901 2519 984 2567 tanto
998 2530 1045 2566 so-

31 2601 94 2668 litu,
108 2604 249 2671 quantum
261 2613 347 2652 aures
358 2603 475 2651 nostrae
484 2593 562 2650 ferre
571 2597 623 2651 vix
632 2603 757 2670 possent.
780 2593 857 2661 Quid
867 2603 929 2650 crat
938 2595 969 2650 in
980 2613 1044 2650 cor-

31 2681 101 2738 libus
117 2680 337 2750 exsultantium,
352 2679 409 2735 nisi
422 2677 493 2734 fides
507 2676 626 2750 Christi,
639 2697 692 2754 pro
705 2697 761 2754 qua
772 2676 912 2752 Stephani
924 2679 1044 2756 sanguis

33 2762 123 2820 ffusus
137 2756 199 2818 esti
450 2776 453 2781 ·

415 2845 536 2905 CAP.
580 2846 647 2906 tx.

31 2941 94 3008 laod
104 2941 227 2996 aniame
237 2943 382 3008 miracula,
402 2961 469 3015 quae
481 2961 532 3014 per
543 2944 680 3016 Martyres
689 2945 719 2999 s'rs
730 2943 834 2998 Christi
847 2945 951 2998 nomine
959 2943 1044 3014 flunt,

35 3010 136 3083 eifldes'
144 3013 435 3088 testimoniumserant,
445 3033 498 3086 qua
509 3015 538 3070 in
550 3013 687 3069 Christum
697 3015 833 3086 Martyres
843 3014 1021 3078 crediderant.

75 3101 144 3175 cui,
157 3105 214 3160 nisi
226 3104 294 3167 huie
308 3105 376 3162 fidei
389 3115 564 3162 attestantur
575 3107 632 3162 ista
644 3108 800 3176 miracula,
814 3107 846 3162 in
859 3124 917 3180 qua
929 3105 1043 3180 praedi-

32 3197 99 3244 atur
112 3184 244 3244 Christus
257 3190 453 3244 resurrexisse
466 3189 498 3242 in
511 3205 616 3258 carne,
643 3191 717 3244 etin
731 3191 845 3244 coelum
858 3187 1043 3244 adscendisse

31 3291 81 3327 um
96 3265 203 3325 carnei
229 3271 305 3338 Quia
318 3279 348 3326 et
360 3271 418 3343 ipsi
430 3267 574 3346 Martyres
586 3269 673 3326 huius
686 3270 754 3326 lidei
767 3279 925 3345 martyres,
943 3270 973 3324 id
986 3280 1042 3339 est,

33 3357 98 3409 uius
121 3351 190 3408 fidei
212 3361 302 3409 testes
326 3352 461 3424 luerunt,
487 3351 634 3409 huicfidei
647 3354 845 3410 testimonium
858 3349 1042 3427 perhibentes

31 3435 155 3491 nundum
168 3435 402 3492 inimicissimum
415 3438 611 3510 pertulerunt3
625 3455 759 3513 eumque,
773 3455 832 3493 non
842 3435 1042 3512 repugnando,

31 3517 67 3574 ed
80 3517 233 3576 moriendo
251 3521 392 3576 vicerunt.
438 3519 494 3577 Pro
508 3523 564 3577 ista
577 3519 633 3577 lide
646 3521 754 3578 mortui
767 3529 851 3590 sunt,
878 3519 928 3594 qui
940 3516 1011 3576 haee
1025 3537 1042 3574 a

31 3603 145 3659 lomino
165 3604 320 3678 impetrare
340 3614 476 3679 possunt,
501 3613 618 3680 propter
639 3606 720 3661 cuius
740 3621 846 3661 nomen
859 3603 949 3660 occisi
963 3613 1040 3660 sunt.

31 3688 72 3743 'ro
87 3683 142 3741 hac
155 3685 212 3742 fide
224 3688 383 3762 praecessit
396 3705 495 3745 eorum
507 3689 581 3745 mira
593 3689 749 3764 patientia,
768 3697 801 3744 ut
814 3689 844 3744 in
857 3685 902 3743 his
916 3686 1041 3742 miracu-

31 3773 50 3827 ιι
64 3777 149 3827 tanta
162 3770 219 3826 ista
233 3773 363 3846 potentia
376 3783 546 3848 sequeretur
598 3771 672 3829 Nam
685 3773 711 3828 si
724 3773 820 3829 carnis
837 3770 869 3828 in
888 3779 1039 3827 aeternum

31 3855 192 3912 esurrectio
207 3857 254 3911 vel
269 3874 328 3912 non
340 3858 492 3930 praevenit
505 3858 536 3914 in
550 3855 681 3929 Christo,
707 3857 753 3914 vel
771 3873 830 3912 non
846 3867 971 3913 ventura
985 3863 1039 3927 est,
