2586 4396
157 273 159 276 ¹
244 207 301 264 DE
331 207 547 266 ClVlTATE
574 208 654 266 DEl
680 209 759 266 Lis.
784 209 854 269 XV.
1018 219 1057 276 57

33 365 172 441 tnaginta
186 362 375 434 interpretes,
402 362 432 417 in
445 363 577 436 plurimis
591 379 663 437 quae
676 362 791 420 diversa
803 363 899 420 dicere
911 367 1057 442 videntur,

33 466 75 505 ex
85 445 229 503 Hebraeis
243 443 389 500 codicibus
403 445 556 502 emendare
569 463 656 502 ausus
670 455 715 502 est
727 465 820 504 nemo.
845 446 912 505 Non
925 453 1001 507 enim
1015 465 1059 510 est

31 533 83 587 illa
96 529 254 586 diversitas
266 537 366 602 putata
377 529 567 602 mendositss3
593 547 647 586 nec
666 548 720 608 ego
733 532 793 587 ullo
807 531 892 587 modo
905 535 1059 607 putandam

33 616 180 671 existimo.
225 609 284 667 Sed
303 612 353 668 ubi
371 631 431 669 non
450 622 494 668 est
510 614 658 688 scriptoris
672 631 764 684 error,
778 614 886 690 aliquid
899 633 948 671 eos
962 615 1060 675 divino

33 699 162 773 Spiritu,
184 695 235 750 ubi
249 713 351 752 sensus
366 706 443 752 esset
455 706 668 754 consentaneus
687 699 819 769 veritati,
845 707 874 754 et
890 698 1060 772 praedicans

33 784 198 849 veritatem,
222 797 284 834 non
296 781 550 855 interpretantium
562 799 653 852 more,
667 780 717 838 sed
729 780 959 856 prophetantium
972 785 1060 840 liber-

33 875 96 922 tate
109 865 193 919 aliter
206 861 303 918 dicere
315 865 441 920 voluisse
455 864 628 921 credendum
642 875 693 921 est.
716 863 798 921 Vnde
811 867 927 938 merito,
941 885 1000 924 non
1013 886 1060 924 so-

33 953 94 1005 lum
111 946 272 1018 Hebraeis,
295 965 396 1003 verum
416 949 502 1004 etiam
519 950 605 1022 ipsis,
624 967 690 1005 cum
708 947 824 1005 adhibet
843 951 1008 1007 testimonia
1027 949 1061 1006 de

34 1032 206 1105 scripturis,
220 1031 265 1086 uti
277 1031 442 1105 Apostolioa
454 1033 603 1088 invenitur
616 1034 784 1089 auctoritas.
799 1031 858 1090 Sed
869 1032 937 1090 hinc
950 1053 995 1090 me
1010 1051 1060 1108 op-

33 1117 206 1191 portuniore
220 1115 300 1185 loco,
320 1115 345 1168 si
358 1113 438 1171 Deus
451 1115 611 1188 adiuverit,
630 1117 750 1190 promisi
764 1115 934 1194 diligentius
947 1119 1060 1173 locutu·

33 1218 110 1256 rum:
131 1217 213 1254 nunc
225 1197 301 1272 quod
313 1199 405 1254 instat
418 1199 576 1273 expediam.
619 1197 687 1254 Non
700 1200 777 1255 enim
790 1198 991 1276 ambigendum
1006 1210 1061 1271 est,

34 1284 67 1339 ab
80 1283 215 1353 homine,
233 1282 282 1356 qui
296 1299 333 1336 ex
345 1283 438 1354 primo
451 1281 568 1338 homine
580 1284 690 1357 primus
704 1291 750 1340 est
763 1291 864 1352 natus,
878 1282 991 1357 quando
1004 1291 1060 1342 tarn

36 1365 84 1422 diu
97 1365 244 1436 vivebant,
257 1367 388 1439 potuisse
402 1367 539 1422 constitui
553 1367 712 1437 civitatem,
734 1383 803 1422 sane
817 1373 978 1436 terrenam,
1001 1384 1060 1424 non

35 1452 116 1505 illam
130 1467 202 1524 quae
215 1448 321 1504 dicitur
334 1447 443 1505 Civitas
457 1448 528 1506 Dei:
547 1449 582 1505 de
595 1467 651 1524 qua
663 1458 697 1505 ιιι
709 1449 916 1520 scriberemus,
934 1449 1060 1508 laborem

34 1535 109 1590 tanti
121 1530 205 1590 buius
220 1532 324 1606 Operis
338 1533 369 1590 in
382 1549 484 1591 manus
499 1533 661 1591 sumsimus.

426 1684 547 1741 CAP.
590 1683 666 1740 XV.

36 1783 78 1837 Αιι
88 1783 213 1836 credibile
223 1782 275 1846 eit,
292 1781 375 1849 prinei
384 1781 484 1833 saeculi
493 1781 564 1833 ciros
574 1797 655 1850 usque
665 1783 702 1834 cd
710 1797 768 1834 enm
778 1790 909 1848 aetatem,
930 1781 1060 1853 pusfilios

205 1867 350 1922 generasse
359 1852 528 1926 referuntur,
539 1869 556 1904 c
567 1852 708 1905 concubitu
719 1852 889 1906 continuisse.

98 1959 189 2018 Dicet
199 1977 270 2038 ergo
284 1959 398 2032 aliquis,
412 1956 493 2015 ltane
507 1958 682 2016 credendum
695 1969 750 2032 est,
763 1959 909 2018 hominem
921 1959 996 2017 filios
1010 1979 1062 2038 ge-

35 2055 224 2115 noraturum,
250 2061 305 2098 nec
316 2039 469 2097 habentem
482 2041 661 2118 propositum
674 2044 886 2113 continentiae,
906 2052 1022 2100 centum
1035 2051 1063 2098 ct

35 2129 168 2203 amplius,
180 2128 229 2184 vel
242 2124 399 2182 secundnm
412 2123 559 2182 Hebraeos
573 2144 634 2182 non
647 2128 736 2182 multo
749 2128 857 2197 minus,
869 2126 900 2181 id
913 2135 967 2197 ιιι,
982 2134 1062 2181 οιιο-

35 2214 132 2290 ginta,
145 2211 340 2288 septuaginta,
354 2210 509 2286 sexaginta
521 2227 612 2266 annos
624 2227 641 2266 a
655 2207 864 2265 concumbendi
877 2227 963 2284 opere
976 2225 1062 2265 vaca·

35 2297 129 2366 visse,
148 2303 198 2350 eut
210 2296 237 2350 si
250 2311 309 2350 non
323 2301 450 2362 vacaret,
468 2290 543 2348 nihil
555 2295 645 2367 prolis
658 2293 782 2371 gignere
791 2289 939 2368 potuisset
982 2289 1063 2348 Haec

35 2379 167 2454 quaestio
183 2377 292 2433 duobus
304 2375 395 2433 modis
409 2377 540 2433 solvitur.
566 2377 624 2433 Aut
637 2378 715 2433 enim
727 2386 809 2433 tento
824 2378 916 2433 serior
929 2375 984 2432 fuit
994 2393 1063 2451 pro-

35 2464 169 2536 portione
188 2459 340 2535 pubertas,
366 2468 473 2535 quanto
489 2462 568 2516 ritae
587 2462 676 2516 totius
695 2461 787 2515 maior
807 2462 969 2515 annositas:
1002 2467 1063 2529 aut,

36 2546 112 2620 quod
123 2546 218 2622 magis
233 2543 317 2601 video
332 2561 395 2599 esse
409 2540 561 2614 credibile,
584 2561 645 2598 non
658 2541 705 2598 hic
716 2543 904 2619 primogeniti
917 2541 971 2597 lilii
984 2557 1063 2595 com-

36 2631 188 2684 memorati
200 2637 282 2700 sunt,
302 2626 352 2682 sed
367 2643 440 2702 quos
453 2627 647 2682 successionis
661 2623 731 2680 ordo
743 2624 895 2699 poscebat,
915 2633 948 2680 ut
960 2641 1063 2698 perve-

36 2712 153 2767 niretur
165 2709 200 2768 ad
213 2710 288 2783 Noe,
301 2729 319 2766 a
330 2729 386 2786 quo
400 2727 501 2767 rursus
515 2708 552 2764 ad
563 2706 707 2766 Abraham
719 2706 849 2764 videmus
863 2725 926 2763 esse
939 2723 1063 2781 perven-

36 2805 116 2866 tum;
141 2813 174 2850 ac
186 2794 290 2851 deinde
304 2793 444 2870 usquead
458 2801 568 2849 eertum
582 2793 736 2849 articulum
747 2793 900 2866 temporis,
925 2798 1064 2868 quantum

36 2879 190 2952 oportebat
207 2880 321 2956 signari
340 2879 426 2934 etism
444 2876 680 2956 generationibus
700 2873 928 2933 commemoratis
947 2891 1065 2930 cursum

35 2964 266 3040 gloriosissimae
281 2960 413 3018 Civitatis
427 2962 459 3018 in
470 2959 526 3018 hoc
539 2959 646 3017 mundo
658 2961 889 3038 peregrinantis,
917 2968 946 3016 et
962 2977 1063 3032 super·

35 3064 105 3102 nam
118 3047 244 3122 patriam
257 3046 445 3120 requirentis.
472 3046 554 3112 Quod
568 3045 647 3101 enim
659 3045 763 3124 negari
776 3062 835 3100 non
847 3052 962 3120 potest,
985 3043 1065 3117 prior

35 3132 169 3186 omnium
183 3128 256 3186 Cain
270 3147 307 3184 ex
320 3130 522 3186 coniunctione
535 3131 623 3185 maris
638 3137 668 3184 et
679 3129 805 3184 feminae
819 3138 903 3184 nctus
917 3137 970 3184 ιιι.
1004 3125 1063 3183 Ne·

34 3232 92 3288 que
113 3216 194 3271 enirn
212 3213 262 3270 illo
281 3221 349 3270 nato
367 3213 490 3268 dixisset
507 3211 613 3281 Adam,
640 3211 717 3288 qnod
735 3210 844 3266 dixisse
860 3212 986 3288 legitur,
1005 3207 1064 3265 Ac-

36 3299 148 3373 quieivi
166 3295 308 3354 bominem
323 3313 383 3373 per
401 3294 511 3369 Deum,
536 3297 594 3351 nisi
611 3296 669 3350 illis
689 3295 796 3350 duobus
814 3294 876 3368 ipse
894 3293 998 3348 fuisset
1013 3290 1065 3346 bo-

36 3397 87 3435 mo
100 3379 250 3437 nascendo
264 3379 376 3436 additus
390 3380 508 3456 primus.
540 3377 627 3434 Hunc
641 3386 755 3434 secutus
768 3375 855 3445 Abel,
878 3394 963 3450 quem
975 3375 1067 3431 maior

34 3463 129 3520 frater
148 3463 274 3534 oceidit,
296 3462 541 3540 praefiguratione
559 3461 682 3538 quadam
700 3459 914 3536 peregrinantis
932 3455 1067 3513 Civitatis

34 3545 114 3620 Dei,
138 3547 217 3625 quod
231 3546 356 3602 essetab
370 3547 482 3620 impiis,
508 3554 537 3600 ιι
555 3545 678 3620 quodam
690 3542 773 3599 modo
788 3540 959 3618 terrigenis,
981 3537 1068 3594 idest

32 3640 188 3688 terrenam
210 3632 353 3708 originem
376 3629 579 3708 diligentibus,
601 3638 630 3684 ιι
648 3639 781 3684 terrenae
799 3622 932 3682 Civitatis
950 3631 1066 3678 terrena

31 3714 181 3772 felicitate
197 3714 412 3792 gaudentibus,
438 3713 657 3788 persecutiones
680 3711 794 3784 iniquas
816 3723 936 3782 passura
960 3705 1066 3774 luerat,

30 3801 151 3873 primus
167 3795 303 3854 ostendit.
317 3794 376 3854 Sed
389 3804 460 3872 quot
472 3813 614 3852 annorum
627 3804 690 3852 erat
701 3792 800 3866 Adam,
815 3810 880 3848 cum
892 3809 940 3848 eos
954 3791 1066 3870 genuit,

32 3901 101 3939 non
123 3891 254 3958 apparet.
281 3879 396 3939 Exinde
417 3879 588 3960 digeruntur
606 3879 809 3958 generationes
832 3877 905 3934 aliae
926 3873 961 3932 de
983 3873 1066 3944 Cain,
