2510 4404
218 255 278 313 418
448 251 547 311 Divi
571 249 753 310 AVRELll
777 245 1039 308 AVGVSTlNl

218 405 404 482 scripsimus,
426 404 483 464 Dei
496 403 606 465 Civitas
622 405 682 480 ipsa
703 404 872 461 communis.
909 400 962 458 Sic
978 413 1053 460 sunt
1069 423 1153 484 ergo
1166 406 1231 485 Argi

218 490 326 563 nostri,
340 488 670 569 quisuntAngeliDe1‚
685 485 923 565 quemadmodum
937 485 1081 544 Christus
1099 488 1172 561 Dei,
1187 490 1230 547 Cir·

219 583 281 632 stus
296 581 341 630 est
355 583 463 632 noster.
497 572 554 630 Dei
568 583 647 644 sunt,
664 573 733 649 quio
746 569 840 628 Deum
854 589 913 627 non
927 572 1148 648 reliquerunt:
1178 590 1231 629 non

218 669 298 730 sunt,
312 659 379 735 quis
393 675 460 715 suos
474 660 551 714 cives
567 675 619 714 nos
632 655 738 713 habere
750 669 915 728 coeperunt.
939 655 1035 712 Dixit
1048 667 1158 712 nutem
1170 657 1234 713 Dore

219 759 272 798 nus
287 739 383 799 lesus:
415 739 516 799 Videte
530 761 564 799 uc
578 741 773 798 contemnatis
788 759 873 795 unum
888 739 923 796 de
930 741 1066 816 pusillis
1084 743 1170 798 istis.
1195 741 1235 797 m

218 826 292 882 enim
306 825 401 896 cobis,
420 825 489 904 quia
503 823 611 900 Angeii
623 843 721 880 eorum
735 825 765 879 in
787 821 874 879 coelis
888 839 1007 901 semper
1026 826 1144 883 vident
1152 825 1237 899 sucin

218 905 322 965 Patris
335 909 401 980 mei,
422 909 473 984 qui
486 909 516 964 in
529 907 617 964 coelis
630 917 684 964 est.
721 905 805 962 Siout
818 925 888 984 orgo
902 908 947 962 illi
961 906 1091 981 vident,
1118 912 1162 967 its
1176 921 1201 966 et
1211 927 1236 964 o·

217 992 309 1047 visuri
322 1009 436 1048 sumus:
455 989 506 1046 sed
520 989 649 1048 nondum
661 991 704 1046 ito
716 988 857 1045 videmus.
891 988 1022 1064 Propter
1037 994 1125 1068 quod
1139 997 1183 1050 ait
1192 995 1237 1067 lp

218 1075 322 1145 stolus,
337 1074 414 1150 quod
426 1075 513 1150 poulo
527 1084 596 1130 onte
606 1074 679 1144 dixi,
697 1071 831 1129 Videmus
842 1091 985 1150 nuncpcr
997 1078 1162 1152 speculum
1176 1079 1203 1132 in
1213 1097 1237 1130 u·

217 1159 366 1234 stigmate,
390 1169 460 1216 tunc
474 1168 573 1216 autem
583 1157 675 1230 faeie
689 1156 861 1226 adfaciem.
895 1155 1070 1215 Praemium
1084 1162 1189 1237 itaque
1199 1159 1235 1215 fiir

219 1241 303 1296 nobis
318 1243 393 1298 visio
407 1245 465 1297 isto
478 1251 630 1312 servatur,
655 1240 690 1296 de
704 1257 760 1314 quo
774 1249 803 1294 et
815 1237 938 1296 loannes
951 1240 1123 1315 Apostolus
1138 1247 1236 1320 loquens

221 1323 291 1382 Cum
305 1327 495 1404 apparuerit,
508 1325 619 1401 inquit,
644 1323 754 1380 similes
769 1325 797 1379 ei
810 1325 928 1392 crimus,
943 1328 1090 1400 quoniam
1105 1329 1236 1385 niumm

219 1427 282 1466 eum
295 1411 387 1466 sicuti
400 1419 453 1466 est.
480 1409 582 1468 Facies
596 1417 694 1465 sutem
705 1403 763 1463 Dei
775 1405 972 1463 manifestatio
987 1409 1056 1464 eius
1071 1409 1236 1490 intelligeris

217 1501 272 1563 est,
290 1511 349 1548 non
362 1493 479 1568 aliquod
492 1495 550 1548 tole
563 1492 739 1563 membrum,
753 1492 837 1566 quole
851 1508 904 1546 nos
918 1489 1066 1548 habemus
1083 1497 1120 1551 in
1135 1513 1234 1568 corpore.

218 1585 306 1650 etque
319 1576 377 1632 isto
390 1579 508 1633 nomine
520 1593 729 1651 nuncupamus.

280 1661 462 1734 Quapropter
477 1679 542 1716 oum
556 1679 594 1716 ex
607 1678 653 1715 me
668 1659 831 1734 quaeritur,
849 1657 918 1732 quid
931 1661 1029 1714 semri
1045 1663 1112 1717 sint
1126 1663 1208 1717 saneti
1218 1663 1233 1712 io

217 1743 267 1797 illo
280 1759 402 1816 corpore
416 1742 558 1817 spirituli,
582 1761 642 1800 non
656 1742 720 1797 dico
735 1741 883 1818 quodiam
895 1741 997 1812 video,
1022 1743 1081 1799 sed
1103 1743 1167 1801 dico
1182 1741 1233 1818 quoi

218 1824 318 1880 credo:
333 1826 493 1881 seeundum
507 1827 580 1882 illud
594 1825 672 1900 quod
685 1827 718 1881 in
731 1825 846 1881 Psalmo
860 1827 937 1903 lego,
967 1824 1117 1899 Credidi,
1137 1837 1228 1907 proptu

217 1909 293 1986 quod
305 1907 419 1964 locutus
433 1927 506 1967 sum.
538 1909 613 1966 Dico
627 1911 740 1985 itaque,
761 1907 861 1964 Visuri
874 1919 944 1986 sunt
955 1907 1057 1966 Deum
1071 1913 1107 1968 in
1122 1915 1170 1986 ipso
1179 1927 1218 1963 mr

217 2010 301 2068 porc:
325 1991 377 2047 sed
390 2001 488 2049 utrum
502 1995 671 2068 peripsum,
695 1994 771 2049 siout
783 2011 835 2066 per
849 2011 951 2067 corpus
964 2011 1049 2050 nunc
1066 1996 1225 2052 videnum·

218 2079 284 2150 lem,
298 2079 407 2148 lunam,
422 2079 534 2150 stellas,
547 2094 638 2148 nmre,
661 2096 696 2132 oc
709 2085 834 2148 terrem,
858 2085 888 2131 ct
901 2093 974 2151 quoe
989 2081 1113 2135 suntin
1127 2097 1172 2149 es,
1187 2093 1241 2132 non¹

217 2179 308 2236 parva
320 2162 452 2236 quaestio
466 2171 520 2218 est.
555 2161 671 2218 Durum
685 2169 729 2216 cst
742 2162 819 2216 enim
839 2161 950 2231 dicere,
976 2162 1061 2236 quod
1081 2165 1173 2219 sancti
1184 2155 1241 2226 niul

220 2263 342 2320 corporo
358 2253 430 2302 tuno
452 2243 612 2316 habebunt,
635 2254 746 2300 utnon
764 2245 879 2319 possint
893 2245 993 2300 oeulos
1014 2247 1154 2303 claudere
1168 2229 1241 2320 atqrel

219 2330 334 2403 operire
348 2345 415 2384 eum
428 2331 538 2386 volent.
573 2328 686 2386 Durius
703 2339 813 2399 nutem,
839 2325 915 2404 quod
928 2329 969 2384 ibi
982 2325 1100 2402 Deum,
1125 2331 1231 2406 quisquis

218 2413 319 2468 oculos
335 2413 488 2484 clauserit,
511 2431 572 2469 non
585 2413 704 2469 videbit.
739 2410 773 2468 Si
786 2413 865 2468 enim
877 2409 1023 2486 Propheta
1034 2413 1163 2470 Elissem
1172 2433 1229 2487 pm·

218 2511 284 2552 rum
297 2514 382 2552 suum
394 2495 478 2553 Gioui
490 2497 595 2553 absens
609 2485 732 2574 'corpore
744 2495 819 2552 vidit
831 2497 1023 2570 accipientem
1036 2515 1161 2567 munero,
1172 2515 1241 2572 qum,

218 2578 298 2636 dedit
310 2582 338 2636 ei
351 2579 491 2637 Noomom
498 2579 602 2657 Syrus,
616 2599 702 2657 quem
713 2579 857 2655 Propheta
870 2590 1051 2638 memoratus
1067 2601 1086 2638 u
1098 2585 1183 2657 leprae
1194 2575 1241 2648 ie]

219 2663 368 2720 formitate
389 2665 597 2738 mundaverat,
624 2664 700 2742 quod
720 2681 820 2720 servus
839 2681 964 2740 nequam
981 2663 1106 2722 domino
1120 2684 1169 2722 suo
1185 2649 1241 2722 noni

221 2747 353 2821 ridente,
379 2750 506 2806 latenter
525 2767 556 2805 se
579 2749 686 2806 fecisse
710 2756 877 2822 putoverot3
904 2757 1014 2823 quanto
1036 2752 1132 2829 magis
1152 2752 1179 2804 in
1193 2749 1241 2820 illo¹

218 2849 342 2906 corpore
361 2835 486 2907 spirituli
504 2833 645 2891 videbunt
661 2834 755 2889 suncti
773 2829 886 2903 omnio,
912 2849 973 2888 non
992 2835 1093 2890 solum
1110 2835 1134 2890 si
1149 2834 1226 2888 oeulos

219 2915 367 2986 claudent,
381 2935 483 2973 verum
496 2919 584 2974 etiam
597 2915 674 2974 unde
687 2917 756 2973 sunt
768 2934 888 2991 corpore
901 2913 1059 2973 absentesl
1078 2917 1158 2976 Tunc
1169 2917 1225 2970 eoin

219 2998 276 3051 erit
280 2997 443 3069 perlectum
454 3000 535 3071 illud,
548 2999 585 3054 de
595 3019 652 3076 quo
663 3003 785 3076 loquens
792 3000 961 3074 Apostolus,
972 2999 1023 3057 lis
1029 3015 1134 3080 parto,
1143 2999 1223 3073 inqffl'i,

218 3080 336 3149 somnus,
343 3090 373 3137 et
380 3099 417 3138 ec
421 3093 516 3159 parte
520 3082 753 3161 prophetismum
762 3103 824 3141 cum
835 3093 933 3140 autem
942 3087 1059 3142 venerit
1068 3079 1222 3162 quodperse

219 3172 356 3236 ctumest,
364 3167 441 3243 quod
447 3185 484 3224 es
486 3176 582 3246 porto
590 3177 636 3224 est
644 3169 844 3226 succumbitur.
860 3166 975 3224 Deinde
982 3177 1025 3239 nt,
1035 3167 1224 3244 quonoiopos-

219 3256 274 3319 set,
285 3248 384 3325 aliquo
390 3251 581 3308 similitudine
588 3251 765 3324 ostenderet,
776 3261 916 3326 quantum
923 3251 1188 3326 obffloquaefumn
1193 3257 1225 3303 est

219 3329 306 3390 distet
315 3330 386 3390 hoec
396 3335 467 3408 vito,
481 3353 542 3392 non
554 3337 797 3410 qualiumcunque
810 3333 974 3405 hominum,
988 3353 1092 3392 verum
1104 3338 1181 3392 etiam
1191 3331 1225 3407 qui

217 3416 1224 3498 proecipushiossnetitotcsuntproediti:Comesseminquitpormiss,

219 3501 307 3578 quusi
313 3501 462 3578 parvulus
476 3503 637 3582 sapiebam,
652 3501 895 3580 quusipomuius
909 3501 1057 3578 loquebar,
1082 3504 1162 3580 qussi
1165 3520 1223 3579 pm·

218 3582 303 3640 culus
317 3585 500 3662 cogitabam·
518 3605 582 3643 cum
595 3597 693 3644 cutem
699 3585 812 3656 fuctus
826 3603 889 3642 sum
902 3588 960 3654 vir,
974 3588 1116 3643 evacuavi
1127 3605 1159 3643 co
1171 3599 1223 3662 qum
1240 3647 1241 3664 χ

214 3667 339 3744 parpuii
352 3679 448 3726 erunt.
476 3669 612 3728 Videmus
628 3689 704 3726 nuuc
711 3664 771 3747 pcr'
784 3669 931 3748 speculum
945 3669 976 3726 iu
990 3671 1162 3746 aenigmate,
1174 3679 1222 3724 lm

219 3757 318 3806 sutem
324 3751 415 3822 facie
429 3753 603 3826 adfaciem.
617 3748 708 3811 Nunc
720 3754 780 3810 scio
794 3763 940 3832 exparte,
954 3763 1024 3810 tuno
1036 3763 1130 3810 osten
1141 3766 1221 3828 mgss

220 3845 300 3886 scam
314 3828 392 3890 sicut
405 3843 435 3891 et
447 3838 582 3912 cognitus
595 3853 666 3893 sum.
700 3833 733 3892 si
748 3855 820 3916 ergo
834 3837 865 3892 in
878 3833 931 3890 hoc
944 3837 1022 3907 vito,
1041 3836 1090 3892 ubi
1101 3833 1220 3891 hominu·

219 3912 395 3970 mirabilium
409 3917 559 3994 prophetis
574 3921 615 3976 ito
629 3920 822 3994 comparando
835 3929 880 3974 est
893 3921 935 3976 illi
948 3920 1026 3975 vitoe
1043 3920 1122 3994 qussi
1132 3913 1221 3993 parmi
