<?xml version="1.0" encoding="UTF-8"?>
<!DOCTYPE html PUBLIC "-//W3C//DTD XHTML 1.0 Transitional//EN"
    "http://www.w3.org/TR/xhtml1/DTD/xhtml1-transitional.dtd">
<html xmlns="http://www.w3.org/1999/xhtml" xml:lang="en" lang="en">
 <head>
  <title>
</title>
<meta http-equiv="Content-Type" content="text/html;charset=utf-8" />
  <meta name='ocr-system' content='tesseract 3.04.00' />
  <meta name='ocr-capabilities' content='ocr_page ocr_carea ocr_par ocr_line ocrx_word'/>
</head>
<body>
  <div class='ocr_page' id='page_1' title='image "./saureliiaugusti02augugoog_0302.png"; bbox 0 0 2576 4396; ppageno 0'>
   <div class='ocr_carea' id='block_1_1' title="bbox 269 188 1066 284">
    <p class='ocr_par' dir='ltr' id='par_1_1' title="bbox 269 188 1066 284">
     <span class='ocr_line' id='line_1_1' title="bbox 269 188 1066 284; baseline 0.01 -8"><span class='ocrx_word' id='word_1_1' title='bbox 269 217 331 276; x_wconf 80' lang='lat' dir='ltr'>ne</span> <span class='ocrx_word' id='word_1_2' title='bbox 350 188 573 276; x_wconf 63' lang='lat' dir='ltr'>‘cerrenus</span> <span class='ocrx_word' id='word_1_3' title='bbox 596 217 676 277; x_wconf 80' lang='lat' dir='ltr'>um</span> <span class='ocrx_word' id='word_1_4' title='bbox 704 217 783 276; x_wconf 83' lang='lat' dir='ltr'>mn</span> <span class='ocrx_word' id='word_1_5' title='bbox 805 219 845 276; x_wconf 89' lang='lat' dir='ltr'>x.</span> <span class='ocrx_word' id='word_1_6' title='bbox 1006 227 1066 284; x_wconf 82' lang='lat' dir='ltr'>cos</span> 
     </span>
    </p>
   </div>
   <div class='ocr_carea' id='block_1_2' title="bbox 9 371 1083 3558">
    <p class='ocr_par' dir='ltr' id='par_1_2' title="bbox 9 371 1083 3558">
     <span class='ocr_line' id='line_1_2' title="bbox 10 371 1067 454; baseline -0.004 -21"><span class='ocrx_word' id='word_1_7' title='bbox 10 380 57 436; x_wconf 89' lang='lat' dir='ltr'>illi</span> <span class='ocrx_word' id='word_1_8' title='bbox 71 375 140 454; x_wconf 85' lang='lat' dir='ltr'>legi</span> <span class='ocrx_word' id='word_1_9' title='bbox 153 371 270 450; x_wconf 78' lang='lat' dir='ltr'>magni</span> <span class='ocrx_word' id='word_1_10' title='bbox 283 371 414 426; x_wconf 73' lang='lat' dir='ltr'><strong>miraculi</strong></span> <span class='ocrx_word' id='word_1_11' title='bbox 426 371 609 445; x_wconf 88' lang='lat' dir='ltr'>testimonia,</span> <span class='ocrx_word' id='word_1_12' title='bbox 634 381 752 447; x_wconf 82' lang='lat' dir='ltr'>prester</span> <span class='ocrx_word' id='word_1_13' title='bbox 765 373 823 428; x_wconf 89' lang='lat' dir='ltr'>ista</span> <span class='ocrx_word' id='word_1_14' title='bbox 841 391 915 448; x_wconf 89' lang='lat' dir='ltr'>quae</span> <span class='ocrx_word' id='word_1_15' title='bbox 933 373 1010 449; x_wconf 85' lang='lat' dir='ltr'><strong>dixi,</strong></span> <span class='ocrx_word' id='word_1_16' title='bbox 1037 389 1067 436; x_wconf 72' lang='lat' dir='ltr'>at</span> 
     </span>
     <span class='ocr_line' id='line_1_3' title="bbox 9 455 1069 539; baseline -0.002 -22"><span class='ocrx_word' id='word_1_17' title='bbox 9 469 140 539; x_wconf 88' lang='lat' dir='ltr'>praeter</span> <span class='ocrx_word' id='word_1_18' title='bbox 154 473 257 514; x_wconf 79' lang='lat' dir='ltr'>vocas</span> <span class='ocrx_word' id='word_1_19' title='bbox 272 473 347 532; x_wconf 89' lang='lat' dir='ltr'>quae</span> <span class='ocrx_word' id='word_1_20' title='bbox 360 471 397 510; x_wconf 86' lang='lat' dir='ltr'>ex</span> <span class='ocrx_word' id='word_1_21' title='bbox 416 456 601 513; x_wconf 77' lang='lat' dir='ltr'>illiusrlrcae</span> <span class='ocrx_word' id='word_1_22' title='bbox 621 455 686 512; x_wconf 91' lang='lat' dir='ltr'>loeo</span> <span class='ocrx_word' id='word_1_23' title='bbox 707 455 874 512; x_wconf 77' lang='lat' dir='ltr'><strong>edebantur.</strong></span> <span class='ocrx_word' id='word_1_24' title='bbox 912 457 1069 515; x_wconf 84' lang='lat' dir='ltr'>Nemeum</span> 
     </span>
     <span class='ocr_line' id='line_1_4' title="bbox 12 537 1068 619; baseline -0.004 -18"><span class='ocrx_word' id='word_1_25' title='bbox 12 557 127 602; x_wconf 84' lang='lat' dir='ltr'>terram</span> <span class='ocrx_word' id='word_1_26' title='bbox 140 537 363 619; x_wconf 88' lang='lat' dir='ltr'>promissionis</span> <span class='ocrx_word' id='word_1_27' title='bbox 375 541 551 596; x_wconf 70' lang='lat' dir='ltr'><strong>intrantibus</strong></span> <span class='ocrx_word' id='word_1_28' title='bbox 565 539 664 596; x_wconf 89' lang='lat' dir='ltr'>eadem</span> <span class='ocrx_word' id='word_1_29' title='bbox 674 539 750 596; x_wconf 80' lang='lat' dir='ltr'>Area</span> <span class='ocrx_word' id='word_1_30' title='bbox 760 542 900 596; x_wconf 88' lang='lat' dir='ltr'>transiret</span> <span class='ocrx_word' id='word_1_31' title='bbox 908 539 1068 612; x_wconf 81' lang='lat' dir='ltr'>Iordanem,</span> 
     </span>
     <span class='ocr_line' id='line_1_5' title="bbox 13 621 1069 699; baseline -0.004 -15"><span class='ocrx_word' id='word_1_32' title='bbox 13 628 124 686; x_wconf 79' lang='lat' dir='ltr'>fluvius</span> <span class='ocrx_word' id='word_1_33' title='bbox 142 643 189 682; x_wconf 85' lang='lat' dir='ltr'>ex</span> <span class='ocrx_word' id='word_1_34' title='bbox 205 632 295 699; x_wconf 80' lang='lat' dir='ltr'>porte</span> <span class='ocrx_word' id='word_1_35' title='bbox 309 625 458 698; x_wconf 87' lang='lat' dir='ltr'>superiore</span> <span class='ocrx_word' id='word_1_36' title='bbox 467 621 641 697; x_wconf 85' lang='lat' dir='ltr'>subsistens,</span> <span class='ocrx_word' id='word_1_37' title='bbox 656 633 685 681; x_wconf 89' lang='lat' dir='ltr'>et</span> <span class='ocrx_word' id='word_1_38' title='bbox 698 641 736 681; x_wconf 82' lang='lat' dir='ltr'>ex</span> <span class='ocrx_word' id='word_1_39' title='bbox 748 623 889 680; x_wconf 83' lang='lat' dir='ltr'>inferiore</span> <span class='ocrx_word' id='word_1_40' title='bbox 900 623 1069 696; x_wconf 80' lang='lat' dir='ltr'><strong>decurrens,</strong></span> 
     </span>
     <span class='ocr_line' id='line_1_6' title="bbox 14 707 1070 788; baseline -0.004 -20"><span class='ocrx_word' id='word_1_41' title='bbox 14 725 41 768; x_wconf 88' lang='lat' dir='ltr'>et</span> <span class='ocrx_word' id='word_1_42' title='bbox 53 714 116 788; x_wconf 90' lang='lat' dir='ltr'>ipsi</span> <span class='ocrx_word' id='word_1_43' title='bbox 133 719 170 768; x_wconf 89' lang='lat' dir='ltr'>et</span> <span class='ocrx_word' id='word_1_44' title='bbox 185 709 301 783; x_wconf 86' lang='lat' dir='ltr'>populo</span> <span class='ocrx_word' id='word_1_45' title='bbox 313 709 425 763; x_wconf 89' lang='lat' dir='ltr'>siccum</span> <span class='ocrx_word' id='word_1_46' title='bbox 437 708 569 783; x_wconf 83' lang='lat' dir='ltr'>prsehuit</span> <span class='ocrx_word' id='word_1_47' title='bbox 580 707 754 766; x_wconf 88' lang='lat' dir='ltr'>transeundi</span> <span class='ocrx_word' id='word_1_48' title='bbox 767 709 872 764; x_wconf 85' lang='lat' dir='ltr'>locum.</span> <span class='ocrx_word' id='word_1_49' title='bbox 899 707 1014 766; x_wconf 90' lang='lat' dir='ltr'>Deinde</span> <span class='ocrx_word' id='word_1_50' title='bbox 1028 710 1070 765; x_wconf 91' lang='lat' dir='ltr'>ei-</span> 
     </span>
     <span class='ocr_line' id='line_1_7' title="bbox 14 789 1070 872; baseline -0.005 -20"><span class='ocrx_word' id='word_1_51' title='bbox 14 798 137 866; x_wconf 86' lang='lat' dir='ltr'>ritutis,</span> <span class='ocrx_word' id='word_1_52' title='bbox 155 811 243 869; x_wconf 88' lang='lat' dir='ltr'>quae</span> <span class='ocrx_word' id='word_1_53' title='bbox 257 792 352 864; x_wconf 76' lang='lat' dir='ltr'>prinu</span> <span class='ocrx_word' id='word_1_54' title='bbox 363 789 479 848; x_wconf 90' lang='lat' dir='ltr'>hostilis</span> <span class='ocrx_word' id='word_1_55' title='bbox 494 795 635 865; x_wconf 85' lang='lat' dir='ltr'>occurrit,</span> <span class='ocrx_word' id='word_1_56' title='bbox 657 811 738 850; x_wconf 89' lang='lat' dir='ltr'>more</span> <span class='ocrx_word' id='word_1_57' title='bbox 751 794 883 872; x_wconf 84' lang='lat' dir='ltr'>gentium</span> <span class='ocrx_word' id='word_1_58' title='bbox 896 793 965 848; x_wconf 88' lang='lat' dir='ltr'>deos</span> <span class='ocrx_word' id='word_1_59' title='bbox 978 794 1070 869; x_wconf 92' lang='lat' dir='ltr'>pluri·</span> 
     </span>
     <span class='ocr_line' id='line_1_8' title="bbox 13 875 1071 952; baseline -0.005 -16"><span class='ocrx_word' id='word_1_60' title='bbox 13 899 76 936; x_wconf 87' lang='lat' dir='ltr'>mos</span> <span class='ocrx_word' id='word_1_61' title='bbox 90 881 224 945; x_wconf 87' lang='lat' dir='ltr'>colens,</span> <span class='ocrx_word' id='word_1_62' title='bbox 238 877 349 950; x_wconf 84' lang='lat' dir='ltr'>septies</span> <span class='ocrx_word' id='word_1_63' title='bbox 362 875 462 932; x_wconf 89' lang='lat' dir='ltr'>eadem</span> <span class='ocrx_word' id='word_1_64' title='bbox 474 877 550 933; x_wconf 80' lang='lat' dir='ltr'>Arca</span> <span class='ocrx_word' id='word_1_65' title='bbox 564 878 754 948; x_wconf 87' lang='lat' dir='ltr'>circumacta,</span> <span class='ocrx_word' id='word_1_66' title='bbox 773 877 849 932; x_wconf 91' lang='lat' dir='ltr'>muri</span> <span class='ocrx_word' id='word_1_67' title='bbox 861 886 982 952; x_wconf 91' lang='lat' dir='ltr'>repente</span> <span class='ocrx_word' id='word_1_68' title='bbox 994 878 1071 932; x_wconf 92' lang='lat' dir='ltr'>ceci·</span> 
     </span>
     <span class='ocr_line' id='line_1_9' title="bbox 15 959 1071 1039; baseline -0.004 -20"><span class='ocrx_word' id='word_1_69' title='bbox 15 965 139 1034; x_wconf 87' lang='lat' dir='ltr'>derunt,</span> <span class='ocrx_word' id='word_1_70' title='bbox 156 962 252 1018; x_wconf 89' lang='lat' dir='ltr'>nulla</span> <span class='ocrx_word' id='word_1_71' title='bbox 265 977 353 1016; x_wconf 88' lang='lat' dir='ltr'>mauu</span> <span class='ocrx_word' id='word_1_72' title='bbox 366 963 535 1039; x_wconf 76' lang='lat' dir='ltr'>oppugnati,</span> <span class='ocrx_word' id='word_1_73' title='bbox 549 964 628 1018; x_wconf 92' lang='lat' dir='ltr'>nullo</span> <span class='ocrx_word' id='word_1_74' title='bbox 641 963 733 1018; x_wconf 89' lang='lat' dir='ltr'>ariete</span> <span class='ocrx_word' id='word_1_75' title='bbox 746 963 887 1036; x_wconf 88' lang='lat' dir='ltr'>percussi.</span> <span class='ocrx_word' id='word_1_76' title='bbox 915 960 987 1016; x_wconf 90' lang='lat' dir='ltr'>Post</span> <span class='ocrx_word' id='word_1_77' title='bbox 998 959 1071 1016; x_wconf 84' lang='lat' dir='ltr'>haec</span> 
     </span>
     <span class='ocr_line' id='line_1_10' title="bbox 14 1044 1071 1118; baseline -0.003 -15"><span class='ocrx_word' id='word_1_78' title='bbox 14 1049 103 1104; x_wconf 82' lang='lat' dir='ltr'>etiam</span> <span class='ocrx_word' id='word_1_79' title='bbox 119 1063 202 1103; x_wconf 87' lang='lat' dir='ltr'>cum</span> <span class='ocrx_word' id='word_1_80' title='bbox 216 1044 322 1098; x_wconf 81' lang='lat' dir='ltr'>iamin</span> <span class='ocrx_word' id='word_1_81' title='bbox 336 1051 413 1098; x_wconf 84' lang='lat' dir='ltr'>terre</span> <span class='ocrx_word' id='word_1_82' title='bbox 425 1046 626 1118; x_wconf 74' lang='lat' dir='ltr'>promissionis</span> <span class='ocrx_word' id='word_1_83' title='bbox 640 1055 747 1116; x_wconf 88' lang='lat' dir='ltr'>essent,</span> <span class='ocrx_word' id='word_1_84' title='bbox 762 1054 792 1101; x_wconf 89' lang='lat' dir='ltr'>et</span> <span class='ocrx_word' id='word_1_85' title='bbox 805 1044 905 1100; x_wconf 88' lang='lat' dir='ltr'>eadem</span> <span class='ocrx_word' id='word_1_86' title='bbox 916 1045 991 1101; x_wconf 83' lang='lat' dir='ltr'>Arce</span> <span class='ocrx_word' id='word_1_87' title='bbox 1003 1061 1071 1118; x_wconf 92' lang='lat' dir='ltr'>pro·</span> 
     </span>
     <span class='ocr_line' id='line_1_11' title="bbox 14 1119 1072 1206; baseline -0.005 -19"><span class='ocrx_word' id='word_1_88' title='bbox 14 1143 79 1206; x_wconf 90' lang='lat' dir='ltr'>pter</span> <span class='ocrx_word' id='word_1_89' title='bbox 93 1147 215 1186; x_wconf 88' lang='lat' dir='ltr'>eorum</span> <span class='ocrx_word' id='word_1_90' title='bbox 226 1135 351 1202; x_wconf 80' lang='lat' dir='ltr'>peecata</span> <span class='ocrx_word' id='word_1_91' title='bbox 363 1126 469 1183; x_wconf 83' lang='lat' dir='ltr'>luisset</span> <span class='ocrx_word' id='word_1_92' title='bbox 482 1128 517 1184; x_wconf 82' lang='lat' dir='ltr'>ab</span> <span class='ocrx_word' id='word_1_93' title='bbox 532 1119 665 1186; x_wconf 79' lang='lat' dir='ltr'>hostibus</span> <span class='ocrx_word' id='word_1_94' title='bbox 678 1138 777 1204; x_wconf 82' lang='lat' dir='ltr'>eapte,</span> <span class='ocrx_word' id='word_1_95' title='bbox 803 1126 834 1183; x_wconf 91' lang='lat' dir='ltr'>hi</span> <span class='ocrx_word' id='word_1_96' title='bbox 847 1130 898 1204; x_wconf 91' lang='lat' dir='ltr'>qui</span> <span class='ocrx_word' id='word_1_97' title='bbox 913 1147 975 1184; x_wconf 85' lang='lat' dir='ltr'>eam</span> <span class='ocrx_word' id='word_1_98' title='bbox 988 1147 1072 1202; x_wconf 88' lang='lat' dir='ltr'>cepe-</span> 
     </span>
     <span class='ocr_line' id='line_1_12' title="bbox 15 1209 1073 1288; baseline -0.006 -17"><span class='ocrx_word' id='word_1_99' title='bbox 15 1225 97 1287; x_wconf 84' lang='lat' dir='ltr'>rant,</span> <span class='ocrx_word' id='word_1_100' title='bbox 110 1217 148 1271; x_wconf 89' lang='lat' dir='ltr'>in</span> <span class='ocrx_word' id='word_1_101' title='bbox 161 1212 282 1286; x_wconf 88' lang='lat' dir='ltr'>templo</span> <span class='ocrx_word' id='word_1_102' title='bbox 293 1210 351 1266; x_wconf 88' lang='lat' dir='ltr'>Dei</span> <span class='ocrx_word' id='word_1_103' title='bbox 365 1213 422 1282; x_wconf 86' lang='lat' dir='ltr'>sui,</span> <span class='ocrx_word' id='word_1_104' title='bbox 436 1229 523 1288; x_wconf 91' lang='lat' dir='ltr'>quem</span> <span class='ocrx_word' id='word_1_105' title='bbox 532 1231 602 1288; x_wconf 85' lang='lat' dir='ltr'>prae</span> <span class='ocrx_word' id='word_1_106' title='bbox 615 1213 739 1268; x_wconf 78' lang='lat' dir='ltr'>coeteris</span> <span class='ocrx_word' id='word_1_107' title='bbox 754 1211 898 1282; x_wconf 82' lang='lat' dir='ltr'>colebant,</span> <span class='ocrx_word' id='word_1_108' title='bbox 911 1209 1073 1266; x_wconf 86' lang='lat' dir='ltr'>honorilice</span> 
     </span>
     <span class='ocr_line' id='line_1_13' title="bbox 14 1292 1074 1372; baseline -0.006 -17"><span class='ocrx_word' id='word_1_109' title='bbox 14 1301 227 1367; x_wconf 77' lang='lat' dir='ltr'>collocarunt,</span> <span class='ocrx_word' id='word_1_110' title='bbox 242 1294 442 1372; x_wconf 69' lang='lat' dir='ltr'>abeuntesque</span> <span class='ocrx_word' id='word_1_111' title='bbox 456 1298 635 1369; x_wconf 82' lang='lat' dir='ltr'>clauserunt,</span> <span class='ocrx_word' id='word_1_112' title='bbox 648 1303 804 1372; x_wconf 89' lang='lat' dir='ltr'>apertoque</span> <span class='ocrx_word' id='word_1_113' title='bbox 817 1292 970 1369; x_wconf 75' lang='lat' dir='ltr'>postridie,</span> <span class='ocrx_word' id='word_1_114' title='bbox 984 1296 1074 1349; x_wconf 85' lang='lat' dir='ltr'>simu·</span> 
     </span>
     <span class='ocr_line' id='line_1_14' title="bbox 16 1376 1076 1453; baseline -0.006 -16"><span class='ocrx_word' id='word_1_115' title='bbox 16 1385 142 1438; x_wconf 83' lang='lat' dir='ltr'>lacrum</span> <span class='ocrx_word' id='word_1_116' title='bbox 156 1381 211 1436; x_wconf 86' lang='lat' dir='ltr'>eui</span> <span class='ocrx_word' id='word_1_117' title='bbox 222 1379 446 1453; x_wconf 75' lang='lat' dir='ltr'>supplicabant,</span> <span class='ocrx_word' id='word_1_118' title='bbox 472 1381 652 1436; x_wconf 86' lang='lat' dir='ltr'>invenerunt</span> <span class='ocrx_word' id='word_1_119' title='bbox 670 1379 830 1452; x_wconf 88' lang='lat' dir='ltr'>collapsum</span> <span class='ocrx_word' id='word_1_120' title='bbox 850 1376 1076 1452; x_wconf 79' lang='lat' dir='ltr'>deformiterque</span> 
     </span>
     <span class='ocr_line' id='line_1_15' title="bbox 16 1460 1075 1543; baseline -0.008 -21"><span class='ocrx_word' id='word_1_121' title='bbox 16 1466 228 1522; x_wconf 83' lang='lat' dir='ltr'>confractum.</span> <span class='ocrx_word' id='word_1_122' title='bbox 254 1461 372 1518; x_wconf 89' lang='lat' dir='ltr'>Deinde</span> <span class='ocrx_word' id='word_1_123' title='bbox 390 1463 448 1538; x_wconf 90' lang='lat' dir='ltr'>ipsi</span> <span class='ocrx_word' id='word_1_124' title='bbox 468 1463 612 1543; x_wconf 78' lang='lat' dir='ltr'>prodigiis</span> <span class='ocrx_word' id='word_1_125' title='bbox 631 1465 705 1534; x_wconf 86' lang='lat' dir='ltr'>acti,</span> <span class='ocrx_word' id='word_1_126' title='bbox 732 1461 948 1536; x_wconf 81' lang='lat' dir='ltr'>deformiusque</span> <span class='ocrx_word' id='word_1_127' title='bbox 968 1460 1075 1534; x_wconf 90' lang='lat' dir='ltr'>puniti,</span> 
     </span>
     <span class='ocr_line' id='line_1_16' title="bbox 15 1543 1075 1622; baseline -0.008 -15"><span class='ocrx_word' id='word_1_128' title='bbox 15 1552 133 1607; x_wconf 76' lang='lat' dir='ltr'>Arcem</span> <span class='ocrx_word' id='word_1_129' title='bbox 149 1547 250 1603; x_wconf 80' lang='lat' dir='ltr'>divini</span> <span class='ocrx_word' id='word_1_130' title='bbox 270 1548 431 1602; x_wconf 87' lang='lat' dir='ltr'>testimonii</span> <span class='ocrx_word' id='word_1_131' title='bbox 452 1548 572 1622; x_wconf 89' lang='lat' dir='ltr'>populo,</span> <span class='ocrx_word' id='word_1_132' title='bbox 598 1547 676 1603; x_wconf 91' lang='lat' dir='ltr'>unde</span> <span class='ocrx_word' id='word_1_133' title='bbox 698 1554 850 1621; x_wconf 87' lang='lat' dir='ltr'>ceperant,</span> <span class='ocrx_word' id='word_1_134' title='bbox 876 1543 1075 1602; x_wconf 89' lang='lat' dir='ltr'>reddiderunt.</span> 
     </span>
     <span class='ocr_line' id='line_1_17' title="bbox 16 1623 1076 1709; baseline -0.008 -18"><span class='ocrx_word' id='word_1_135' title='bbox 16 1634 85 1709; x_wconf 85' lang='lat' dir='ltr'>lpsa</span> <span class='ocrx_word' id='word_1_136' title='bbox 100 1641 213 1688; x_wconf 83' lang='lat' dir='ltr'>autem</span> <span class='ocrx_word' id='word_1_137' title='bbox 225 1627 355 1685; x_wconf 87' lang='lat' dir='ltr'>redditio</span> <span class='ocrx_word' id='word_1_138' title='bbox 368 1631 461 1704; x_wconf 88' lang='lat' dir='ltr'>qualis</span> <span class='ocrx_word' id='word_1_139' title='bbox 474 1623 550 1685; x_wconf 79' lang='lat' dir='ltr'>fuiti</span> <span class='ocrx_word' id='word_1_140' title='bbox 574 1627 780 1704; x_wconf 90' lang='lat' dir='ltr'>Imposueruut</span> <span class='ocrx_word' id='word_1_141' title='bbox 793 1647 857 1685; x_wconf 84' lang='lat' dir='ltr'>earn</span> <span class='ocrx_word' id='word_1_142' title='bbox 869 1631 1019 1704; x_wconf 84' lang='lat' dir='ltr'>plaustro,</span> <span class='ocrx_word' id='word_1_143' title='bbox 1034 1629 1076 1682; x_wconf 91' lang='lat' dir='ltr'>ei·</span> 
     </span>
     <span class='ocr_line' id='line_1_18' title="bbox 18 1712 1075 1793; baseline -0.008 -19"><span class='ocrx_word' id='word_1_144' title='bbox 18 1737 76 1792; x_wconf 89' lang='lat' dir='ltr'>qne</span> <span class='ocrx_word' id='word_1_145' title='bbox 91 1720 261 1784; x_wconf 82' lang='lat' dir='ltr'>iuvencas,</span> <span class='ocrx_word' id='word_1_146' title='bbox 281 1731 300 1768; x_wconf 83' lang='lat' dir='ltr'>a</span> <span class='ocrx_word' id='word_1_147' title='bbox 312 1712 416 1787; x_wconf 86' lang='lat' dir='ltr'>quibus</span> <span class='ocrx_word' id='word_1_148' title='bbox 429 1714 538 1769; x_wconf 84' lang='lat' dir='ltr'>vitulos</span> <span class='ocrx_word' id='word_1_149' title='bbox 552 1722 692 1793; x_wconf 81' lang='lat' dir='ltr'>sugentes</span> <span class='ocrx_word' id='word_1_150' title='bbox 706 1713 929 1784; x_wconf 87' lang='lat' dir='ltr'>abstraxerant,</span> <span class='ocrx_word' id='word_1_151' title='bbox 953 1712 1075 1769; x_wconf 86' lang='lat' dir='ltr'>subiun-</span> 
     </span>
     <span class='ocr_line' id='line_1_19' title="bbox 18 1793 1077 1872; baseline -0.002 -16"><span class='ocrx_word' id='word_1_152' title='bbox 18 1809 146 1872; x_wconf 85' lang='lat' dir='ltr'>xerunt,</span> <span class='ocrx_word' id='word_1_153' title='bbox 162 1808 199 1854; x_wconf 92' lang='lat' dir='ltr'>et</span> <span class='ocrx_word' id='word_1_154' title='bbox 214 1813 265 1852; x_wconf 86' lang='lat' dir='ltr'>ees</span> <span class='ocrx_word' id='word_1_155' title='bbox 280 1812 339 1871; x_wconf 90' lang='lat' dir='ltr'>quo</span> <span class='ocrx_word' id='word_1_156' title='bbox 353 1797 464 1852; x_wconf 82' lang='lat' dir='ltr'>vehent</span> <span class='ocrx_word' id='word_1_157' title='bbox 476 1799 521 1852; x_wconf 90' lang='lat' dir='ltr'>ire</span> <span class='ocrx_word' id='word_1_158' title='bbox 534 1799 677 1869; x_wconf 84' lang='lat' dir='ltr'>siverunt,</span> <span class='ocrx_word' id='word_1_159' title='bbox 692 1798 781 1854; x_wconf 88' lang='lat' dir='ltr'>etiam</span> <span class='ocrx_word' id='word_1_160' title='bbox 793 1793 863 1852; x_wconf 91' lang='lat' dir='ltr'>hinc</span> <span class='ocrx_word' id='word_1_161' title='bbox 874 1799 936 1852; x_wconf 84' lang='lat' dir='ltr'>vim</span> <span class='ocrx_word' id='word_1_162' title='bbox 948 1797 1077 1854; x_wconf 84' lang='lat' dir='ltr'>divinam</span> 
     </span>
     <span class='ocr_line' id='line_1_20' title="bbox 18 1877 1077 1962; baseline -0.007 -20"><span class='ocrx_word' id='word_1_163' title='bbox 18 1888 193 1962; x_wconf 85' lang='lat' dir='ltr'>explorare</span> <span class='ocrx_word' id='word_1_164' title='bbox 210 1882 374 1953; x_wconf 89' lang='lat' dir='ltr'>cupientes.</span> <span class='ocrx_word' id='word_1_165' title='bbox 401 1879 440 1936; x_wconf 82' lang='lat' dir='ltr'>At</span> <span class='ocrx_word' id='word_1_166' title='bbox 456 1882 524 1938; x_wconf 89' lang='lat' dir='ltr'>illae</span> <span class='ocrx_word' id='word_1_167' title='bbox 544 1883 608 1938; x_wconf 92' lang='lat' dir='ltr'>sine</span> <span class='ocrx_word' id='word_1_168' title='bbox 620 1879 739 1939; x_wconf 88' lang='lat' dir='ltr'>homine</span> <span class='ocrx_word' id='word_1_169' title='bbox 758 1877 832 1938; x_wconf 90' lang='lat' dir='ltr'>duee</span> <span class='ocrx_word' id='word_1_170' title='bbox 846 1889 934 1955; x_wconf 83' lang='lat' dir='ltr'>etque</span> <span class='ocrx_word' id='word_1_171' title='bbox 949 1890 1077 1952; x_wconf 86' lang='lat' dir='ltr'>rectore,</span> 
     </span>
     <span class='ocr_line' id='line_1_21' title="bbox 21 1965 1078 2044; baseline -0.008 -18"><span class='ocrx_word' id='word_1_172' title='bbox 21 1969 58 2026; x_wconf 84' lang='lat' dir='ltr'>ed</span> <span class='ocrx_word' id='word_1_173' title='bbox 72 1967 243 2026; x_wconf 87' lang='lat' dir='ltr'>Hebraeos</span> <span class='ocrx_word' id='word_1_174' title='bbox 258 1965 336 2020; x_wconf 80' lang='lat' dir='ltr'>riam</span> <span class='ocrx_word' id='word_1_175' title='bbox 349 1965 538 2038; x_wconf 76' lang='lat' dir='ltr'>pertinaciter</span> <span class='ocrx_word' id='word_1_176' title='bbox 550 1965 729 2044; x_wconf 75' lang='lat' dir='ltr'>gradientes,</span> <span class='ocrx_word' id='word_1_177' title='bbox 745 1983 800 2020; x_wconf 90' lang='lat' dir='ltr'>nec</span> <span class='ocrx_word' id='word_1_178' title='bbox 812 1973 967 2019; x_wconf 87' lang='lat' dir='ltr'>revocatae</span> <span class='ocrx_word' id='word_1_179' title='bbox 979 1965 1078 2040; x_wconf 78' lang='lat' dir='ltr'>mugi-</span> 
     </span>
     <span class='ocr_line' id='line_1_22' title="bbox 17 2047 1078 2127; baseline -0.009 -16"><span class='ocrx_word' id='word_1_180' title='bbox 17 2055 101 2111; x_wconf 82' lang='lat' dir='ltr'>tibus</span> <span class='ocrx_word' id='word_1_181' title='bbox 119 2049 331 2108; x_wconf 87' lang='lat' dir='ltr'>esurientium</span> <span class='ocrx_word' id='word_1_182' title='bbox 344 2048 483 2122; x_wconf 83' lang='lat' dir='ltr'>liliorum,</span> <span class='ocrx_word' id='word_1_183' title='bbox 501 2063 640 2127; x_wconf 81' lang='lat' dir='ltr'>magnum</span> <span class='ocrx_word' id='word_1_184' title='bbox 653 2055 868 2104; x_wconf 53' lang='lat' dir='ltr'>tenementum</span> <span class='ocrx_word' id='word_1_185' title='bbox 880 2048 942 2102; x_wconf 91' lang='lat' dir='ltr'>suis</span> <span class='ocrx_word' id='word_1_186' title='bbox 956 2047 1078 2102; x_wconf 91' lang='lat' dir='ltr'>cultori·</span> 
     </span>
     <span class='ocr_line' id='line_1_23' title="bbox 17 2129 1078 2212; baseline -0.01 -17"><span class='ocrx_word' id='word_1_187' title='bbox 17 2139 75 2195; x_wconf 89' lang='lat' dir='ltr'>bus</span> <span class='ocrx_word' id='word_1_188' title='bbox 89 2140 306 2212; x_wconf 71' lang='lat' dir='ltr'>reportarunt.</span> <span class='ocrx_word' id='word_1_189' title='bbox 328 2129 411 2188; x_wconf 86' lang='lat' dir='ltr'>Hoec</span> <span class='ocrx_word' id='word_1_190' title='bbox 437 2141 524 2208; x_wconf 87' lang='lat' dir='ltr'>atque</span> <span class='ocrx_word' id='word_1_191' title='bbox 543 2130 710 2188; x_wconf 90' lang='lat' dir='ltr'>huiusmodi</span> <span class='ocrx_word' id='word_1_192' title='bbox 723 2130 787 2188; x_wconf 91' lang='lat' dir='ltr'>Deo</span> <span class='ocrx_word' id='word_1_193' title='bbox 807 2146 898 2205; x_wconf 82' lang='lat' dir='ltr'>parva</span> <span class='ocrx_word' id='word_1_194' title='bbox 916 2137 1001 2200; x_wconf 88' lang='lat' dir='ltr'>sunt,</span> <span class='ocrx_word' id='word_1_195' title='bbox 1027 2129 1078 2184; x_wconf 92' lang='lat' dir='ltr'>sed</span> 
     </span>
     <span class='ocr_line' id='line_1_24' title="bbox 15 2210 1079 2302; baseline -0.011 -23"><span class='ocrx_word' id='word_1_196' title='bbox 15 2237 138 2302; x_wconf 80' lang='lat' dir='ltr'>magna</span> <span class='ocrx_word' id='word_1_197' title='bbox 152 2215 308 2274; x_wconf 83' lang='lat' dir='ltr'>terrendis</span> <span class='ocrx_word' id='word_1_198' title='bbox 321 2214 476 2272; x_wconf 87' lang='lat' dir='ltr'>salubriter</span> <span class='ocrx_word' id='word_1_199' title='bbox 489 2214 716 2292; x_wconf 80' lang='lat' dir='ltr'>erudiendisque</span> <span class='ocrx_word' id='word_1_200' title='bbox 729 2213 911 2271; x_wconf 84' lang='lat' dir='ltr'>mortalibus.</span> <span class='ocrx_word' id='word_1_201' title='bbox 950 2210 984 2270; x_wconf 82' lang='lat' dir='ltr'>Si</span> <span class='ocrx_word' id='word_1_202' title='bbox 1001 2213 1079 2268; x_wconf 93' lang='lat' dir='ltr'>enim</span> 
     </span>
     <span class='ocr_line' id='line_1_25' title="bbox 16 2298 1078 2384; baseline -0.011 -21"><span class='ocrx_word' id='word_1_203' title='bbox 16 2301 214 2384; x_wconf 87' lang='lat' dir='ltr'>philosophi,</span> <span class='ocrx_word' id='word_1_204' title='bbox 225 2299 439 2375; x_wconf 85' lang='lat' dir='ltr'>praecipucque</span> <span class='ocrx_word' id='word_1_205' title='bbox 448 2299 604 2374; x_wconf 83' lang='lat' dir='ltr'>Platonici,</span> <span class='ocrx_word' id='word_1_206' title='bbox 618 2301 729 2356; x_wconf 89' lang='lat' dir='ltr'>rectius</span> <span class='ocrx_word' id='word_1_207' title='bbox 738 2299 864 2356; x_wconf 79' lang='lat' dir='ltr'>coeteris</span> <span class='ocrx_word' id='word_1_208' title='bbox 875 2298 1006 2372; x_wconf 86' lang='lat' dir='ltr'>sapuisse</span> <span class='ocrx_word' id='word_1_209' title='bbox 1015 2298 1078 2352; x_wconf 88' lang='lat' dir='ltr'>lau-</span> 
     </span>
     <span class='ocr_line' id='line_1_26' title="bbox 17 2379 1078 2460; baseline -0.009 -13"><span class='ocrx_word' id='word_1_210' title='bbox 17 2391 150 2458; x_wconf 82' lang='lat' dir='ltr'>dantur,</span> <span class='ocrx_word' id='word_1_211' title='bbox 166 2387 254 2441; x_wconf 88' lang='lat' dir='ltr'>sicut</span> <span class='ocrx_word' id='word_1_212' title='bbox 264 2385 352 2460; x_wconf 79' lang='lat' dir='ltr'>paulo</span> <span class='ocrx_word' id='word_1_213' title='bbox 367 2392 435 2438; x_wconf 88' lang='lat' dir='ltr'>ante</span> <span class='ocrx_word' id='word_1_214' title='bbox 448 2386 682 2455; x_wconf 84' lang='lat' dir='ltr'>commemorari,</span> <span class='ocrx_word' id='word_1_215' title='bbox 696 2381 773 2459; x_wconf 90' lang='lat' dir='ltr'>quod</span> <span class='ocrx_word' id='word_1_216' title='bbox 783 2381 912 2439; x_wconf 74' lang='lat' dir='ltr'>divinam</span> <span class='ocrx_word' id='word_1_217' title='bbox 921 2379 1078 2455; x_wconf 84' lang='lat' dir='ltr'>providen-</span> 
     </span>
     <span class='ocr_line' id='line_1_27' title="bbox 16 2463 1079 2543; baseline -0.012 -12"><span class='ocrx_word' id='word_1_218' title='bbox 16 2479 96 2531; x_wconf 85' lang='lat' dir='ltr'>tiam</span> <span class='ocrx_word' id='word_1_219' title='bbox 111 2472 198 2527; x_wconf 80' lang='lat' dir='ltr'>haec</span> <span class='ocrx_word' id='word_1_220' title='bbox 213 2483 328 2543; x_wconf 85' lang='lat' dir='ltr'>queque</span> <span class='ocrx_word' id='word_1_221' title='bbox 341 2483 439 2522; x_wconf 90' lang='lat' dir='ltr'>rerum</span> <span class='ocrx_word' id='word_1_222' title='bbox 456 2468 557 2523; x_wconf 83' lang='lat' dir='ltr'>intima</span> <span class='ocrx_word' id='word_1_223' title='bbox 573 2476 662 2542; x_wconf 85' lang='lat' dir='ltr'>etque</span> <span class='ocrx_word' id='word_1_224' title='bbox 675 2476 794 2522; x_wconf 80' lang='lat' dir='ltr'>terrena</span> <span class='ocrx_word' id='word_1_225' title='bbox 807 2465 1012 2521; x_wconf 85' lang='lat' dir='ltr'>administrare</span> <span class='ocrx_word' id='word_1_226' title='bbox 1026 2463 1079 2518; x_wconf 90' lang='lat' dir='ltr'>do-</span> 
     </span>
     <span class='ocr_line' id='line_1_28' title="bbox 20 2547 1079 2624; baseline -0.012 -11"><span class='ocrx_word' id='word_1_227' title='bbox 20 2565 175 2624; x_wconf 87' lang='lat' dir='ltr'>cuerunt,</span> <span class='ocrx_word' id='word_1_228' title='bbox 191 2567 416 2608; x_wconf 77' lang='lat' dir='ltr'>numerosarum</span> <span class='ocrx_word' id='word_1_229' title='bbox 424 2552 593 2606; x_wconf 87' lang='lat' dir='ltr'>testimonio</span> <span class='ocrx_word' id='word_1_230' title='bbox 602 2547 859 2624; x_wconf 84' lang='lat' dir='ltr'>pulchritudinum,</span> <span class='ocrx_word' id='word_1_231' title='bbox 874 2563 949 2620; x_wconf 87' lang='lat' dir='ltr'>quae</span> <span class='ocrx_word' id='word_1_232' title='bbox 959 2563 1017 2601; x_wconf 94' lang='lat' dir='ltr'>non</span> <span class='ocrx_word' id='word_1_233' title='bbox 1032 2563 1079 2601; x_wconf 90' lang='lat' dir='ltr'>so-</span> 
     </span>
     <span class='ocr_line' id='line_1_29' title="bbox 19 2626 1081 2710; baseline -0.016 -11"><span class='ocrx_word' id='word_1_234' title='bbox 19 2646 88 2698; x_wconf 89' lang='lat' dir='ltr'>lnm</span> <span class='ocrx_word' id='word_1_235' title='bbox 103 2642 141 2696; x_wconf 88' lang='lat' dir='ltr'>in</span> <span class='ocrx_word' id='word_1_236' title='bbox 156 2634 332 2710; x_wconf 87' lang='lat' dir='ltr'>corporibus</span> <span class='ocrx_word' id='word_1_237' title='bbox 345 2635 532 2704; x_wconf 74' lang='lat' dir='ltr'>animalium,</span> <span class='ocrx_word' id='word_1_238' title='bbox 558 2651 661 2690; x_wconf 79' lang='lat' dir='ltr'>verum</span> <span class='ocrx_word' id='word_1_239' title='bbox 678 2633 710 2686; x_wconf 91' lang='lat' dir='ltr'>in</span> <span class='ocrx_word' id='word_1_240' title='bbox 722 2629 820 2685; x_wconf 89' lang='lat' dir='ltr'>herbis</span> <span class='ocrx_word' id='word_1_241' title='bbox 835 2630 923 2684; x_wconf 88' lang='lat' dir='ltr'>etiam</span> <span class='ocrx_word' id='word_1_242' title='bbox 936 2626 1081 2702; x_wconf 84' lang='lat' dir='ltr'>foenoque</span> 
     </span>
     <span class='ocr_line' id='line_1_30' title="bbox 19 2703 1081 2805; baseline -0.014 -24"><span class='ocrx_word' id='word_1_243' title='bbox 19 2729 225 2805; x_wconf 58' lang='lat' dir='ltr'>gignentum</span> <span class='ocrx_word' id='word_1_244' title='bbox 254 2726 361 2792; x_wconf 87' lang='lat' dir='ltr'>quanta</span> <span class='ocrx_word' id='word_1_245' title='bbox 376 2717 540 2774; x_wconf 86' lang='lat' dir='ltr'>evidentius</span> <span class='ocrx_word' id='word_1_246' title='bbox 554 2711 626 2772; x_wconf 87' lang='lat' dir='ltr'>heac</span> <span class='ocrx_word' id='word_1_247' title='bbox 638 2721 815 2772; x_wconf 90' lang='lat' dir='ltr'>attestantur</span> <span class='ocrx_word' id='word_1_248' title='bbox 829 2703 993 2782; x_wconf 76' lang='lat' dir='ltr'>diiiuitati,</span> <span class='ocrx_word' id='word_1_249' title='bbox 1008 2727 1081 2785; x_wconf 84' lang='lat' dir='ltr'>quae</span> 
     </span>
     <span class='ocr_line' id='line_1_31' title="bbox 17 2793 1082 2877; baseline -0.016 -11"><span class='ocrx_word' id='word_1_250' title='bbox 17 2811 64 2867; x_wconf 82' lang='lat' dir='ltr'>ad</span> <span class='ocrx_word' id='word_1_251' title='bbox 77 2809 194 2864; x_wconf 88' lang='lat' dir='ltr'>horam</span> <span class='ocrx_word' id='word_1_252' title='bbox 208 2800 434 2877; x_wconf 87' lang='lat' dir='ltr'>praedicationis</span> <span class='ocrx_word' id='word_1_253' title='bbox 447 2803 509 2857; x_wconf 88' lang='lat' dir='ltr'>eius</span> <span class='ocrx_word' id='word_1_254' title='bbox 521 2800 614 2872; x_wconf 88' lang='lat' dir='ltr'>liunt,</span> <span class='ocrx_word' id='word_1_255' title='bbox 634 2800 684 2856; x_wconf 90' lang='lat' dir='ltr'>ubi</span> <span class='ocrx_word' id='word_1_256' title='bbox 697 2817 731 2853; x_wconf 92' lang='lat' dir='ltr'>ea</span> <span class='ocrx_word' id='word_1_257' title='bbox 743 2797 849 2875; x_wconf 81' lang='lat' dir='ltr'>religio</span> <span class='ocrx_word' id='word_1_258' title='bbox 863 2793 1082 2852; x_wconf 87' lang='lat' dir='ltr'>commendatur</span> 
     </span>
     <span class='ocr_line' id='line_1_32' title="bbox 20 2879 1083 2970; baseline -0.013 -22"><span class='ocrx_word' id='word_1_259' title='bbox 20 2909 113 2970; x_wconf 82' lang='lat' dir='ltr'>quae</span> <span class='ocrx_word' id='word_1_260' title='bbox 142 2885 280 2944; x_wconf 89' lang='lat' dir='ltr'>omnibus</span> <span class='ocrx_word' id='word_1_261' title='bbox 306 2886 499 2958; x_wconf 86' lang='lat' dir='ltr'>coelestibus,</span> <span class='ocrx_word' id='word_1_262' title='bbox 533 2883 738 2954; x_wconf 88' lang='lat' dir='ltr'>terrestribus,</span> <span class='ocrx_word' id='word_1_263' title='bbox 771 2881 896 2937; x_wconf 86' lang='lat' dir='ltr'>infernis</span> <span class='ocrx_word' id='word_1_264' title='bbox 923 2879 1083 2936; x_wconf 78' lang='lat' dir='ltr'>sacrificari</span> 
     </span>
     <span class='ocr_line' id='line_1_33' title="bbox 22 2963 1081 3045; baseline -0.013 -11"><span class='ocrx_word' id='word_1_265' title='bbox 22 2983 131 3045; x_wconf 80' lang='lat' dir='ltr'>vetat,</span> <span class='ocrx_word' id='word_1_266' title='bbox 146 2972 202 3028; x_wconf 91' lang='lat' dir='ltr'>uni</span> <span class='ocrx_word' id='word_1_267' title='bbox 211 2969 277 3026; x_wconf 89' lang='lat' dir='ltr'>Deo</span> <span class='ocrx_word' id='word_1_268' title='bbox 288 2977 403 3025; x_wconf 89' lang='lat' dir='ltr'>tantum</span> <span class='ocrx_word' id='word_1_269' title='bbox 415 2969 529 3042; x_wconf 89' lang='lat' dir='ltr'>iubens,</span> <span class='ocrx_word' id='word_1_270' title='bbox 543 2971 593 3045; x_wconf 89' lang='lat' dir='ltr'>qui</span> <span class='ocrx_word' id='word_1_271' title='bbox 606 2971 687 3025; x_wconf 90' lang='lat' dir='ltr'>solus</span> <span class='ocrx_word' id='word_1_272' title='bbox 701 2965 827 3045; x_wconf 81' lang='lat' dir='ltr'>diligens</span> <span class='ocrx_word' id='word_1_273' title='bbox 840 2975 870 3022; x_wconf 90' lang='lat' dir='ltr'>ct</span> <span class='ocrx_word' id='word_1_274' title='bbox 880 2963 1001 3021; x_wconf 90' lang='lat' dir='ltr'>dilectos</span> <span class='ocrx_word' id='word_1_275' title='bbox 1012 2964 1081 3020; x_wconf 90' lang='lat' dir='ltr'>bea-</span> 
     </span>
     <span class='ocr_line' id='line_1_34' title="bbox 23 3048 1081 3128; baseline -0.015 -10"><span class='ocrx_word' id='word_1_276' title='bbox 23 3075 78 3118; x_wconf 85' lang='lat' dir='ltr'>tos</span> <span class='ocrx_word' id='word_1_277' title='bbox 94 3057 186 3127; x_wconf 83' lang='lat' dir='ltr'>facit,</span> <span class='ocrx_word' id='word_1_278' title='bbox 203 3071 360 3128; x_wconf 88' lang='lat' dir='ltr'>eorumque</span> <span class='ocrx_word' id='word_1_279' title='bbox 374 3052 582 3110; x_wconf 85' lang='lat' dir='ltr'>sacrificiorum</span> <span class='ocrx_word' id='word_1_280' title='bbox 594 3062 725 3126; x_wconf 87' lang='lat' dir='ltr'>temporo</span> <span class='ocrx_word' id='word_1_281' title='bbox 737 3053 879 3127; x_wconf 87' lang='lat' dir='ltr'>imperate</span> <span class='ocrx_word' id='word_1_282' title='bbox 892 3048 1081 3124; x_wconf 87' lang='lat' dir='ltr'>praefiniens,</span> 
     </span>
     <span class='ocr_line' id='line_1_35' title="bbox 25 3132 1081 3218; baseline -0.013 -18"><span class='ocrx_word' id='word_1_283' title='bbox 25 3161 135 3218; x_wconf 83' lang='lat' dir='ltr'>eaque</span> <span class='ocrx_word' id='word_1_284' title='bbox 148 3157 206 3215; x_wconf 87' lang='lat' dir='ltr'>per</span> <span class='ocrx_word' id='word_1_285' title='bbox 218 3137 370 3193; x_wconf 89' lang='lat' dir='ltr'>meliorem</span> <span class='ocrx_word' id='word_1_286' title='bbox 385 3135 563 3193; x_wconf 82' lang='lat' dir='ltr'>sacerdotem</span> <span class='ocrx_word' id='word_1_287' title='bbox 580 3138 613 3193; x_wconf 91' lang='lat' dir='ltr'>in</span> <span class='ocrx_word' id='word_1_288' title='bbox 631 3135 734 3192; x_wconf 83' lang='lat' dir='ltr'>melius</span> <span class='ocrx_word' id='word_1_289' title='bbox 747 3133 887 3192; x_wconf 87' lang='lat' dir='ltr'>mutanda</span> <span class='ocrx_word' id='word_1_290' title='bbox 899 3132 1081 3209; x_wconf 79' lang='lat' dir='ltr'>praedicens,</span> 
     </span>
     <span class='ocr_line' id='line_1_36' title="bbox 24 3217 1082 3296; baseline -0.013 -10"><span class='ocrx_word' id='word_1_291' title='bbox 24 3247 97 3286; x_wconf 90' lang='lat' dir='ltr'>non</span> <span class='ocrx_word' id='word_1_292' title='bbox 112 3227 177 3280; x_wconf 82' lang='lat' dir='ltr'>ista</span> <span class='ocrx_word' id='word_1_293' title='bbox 190 3237 223 3276; x_wconf 86' lang='lat' dir='ltr'>se</span> <span class='ocrx_word' id='word_1_294' title='bbox 237 3229 384 3294; x_wconf 83' lang='lat' dir='ltr'>appetere,</span> <span class='ocrx_word' id='word_1_295' title='bbox 398 3219 449 3274; x_wconf 86' lang='lat' dir='ltr'>sed</span> <span class='ocrx_word' id='word_1_296' title='bbox 461 3239 513 3295; x_wconf 89' lang='lat' dir='ltr'>per</span> <span class='ocrx_word' id='word_1_297' title='bbox 525 3219 597 3280; x_wconf 86' lang='lat' dir='ltr'>heco</span> <span class='ocrx_word' id='word_1_298' title='bbox 609 3221 668 3276; x_wconf 81' lang='lat' dir='ltr'>elia</span> <span class='ocrx_word' id='word_1_299' title='bbox 680 3220 797 3293; x_wconf 80' lang='lat' dir='ltr'>potiore</span> <span class='ocrx_word' id='word_1_300' title='bbox 809 3217 979 3296; x_wconf 79' lang='lat' dir='ltr'>significare</span> <span class='ocrx_word' id='word_1_301' title='bbox 991 3224 1082 3272; x_wconf 88' lang='lat' dir='ltr'>testa-</span> 
     </span>
     <span class='ocr_line' id='line_1_37' title="bbox 25 3298 1083 3382; baseline -0.014 -16"><span class='ocrx_word' id='word_1_302' title='bbox 25 3325 104 3382; x_wconf 82' lang='lat' dir='ltr'>tur3</span> <span class='ocrx_word' id='word_1_303' title='bbox 133 3324 201 3363; x_wconf 89' lang='lat' dir='ltr'>non</span> <span class='ocrx_word' id='word_1_304' title='bbox 213 3313 249 3360; x_wconf 91' lang='lat' dir='ltr'>ut</span> <span class='ocrx_word' id='word_1_305' title='bbox 259 3305 323 3378; x_wconf 89' lang='lat' dir='ltr'>ipse</span> <span class='ocrx_word' id='word_1_306' title='bbox 336 3301 382 3358; x_wconf 91' lang='lat' dir='ltr'>his</span> <span class='ocrx_word' id='word_1_307' title='bbox 394 3301 555 3360; x_wconf 85' lang='lat' dir='ltr'>honoribus</span> <span class='ocrx_word' id='word_1_308' title='bbox 570 3303 756 3374; x_wconf 89' lang='lat' dir='ltr'>sublimetur,</span> <span class='ocrx_word' id='word_1_309' title='bbox 783 3298 834 3356; x_wconf 90' lang='lat' dir='ltr'>scd</span> <span class='ocrx_word' id='word_1_310' title='bbox 846 3309 881 3355; x_wconf 93' lang='lat' dir='ltr'>ut</span> <span class='ocrx_word' id='word_1_311' title='bbox 899 3319 954 3355; x_wconf 91' lang='lat' dir='ltr'>nes</span> <span class='ocrx_word' id='word_1_312' title='bbox 968 3298 1083 3354; x_wconf 89' lang='lat' dir='ltr'>adeum</span> 
     </span>
     <span class='ocr_line' id='line_1_38' title="bbox 24 3377 1083 3466; baseline -0.019 -13"><span class='ocrx_word' id='word_1_313' title='bbox 24 3391 219 3460; x_wconf 81' lang='lat' dir='ltr'>colendum,</span> <span class='ocrx_word' id='word_1_314' title='bbox 242 3388 329 3461; x_wconf 87' lang='lat' dir='ltr'>cique</span> <span class='ocrx_word' id='word_1_315' title='bbox 342 3385 555 3444; x_wconf 89' lang='lat' dir='ltr'>cohaerendum</span> <span class='ocrx_word' id='word_1_316' title='bbox 568 3389 639 3466; x_wconf 79' lang='lat' dir='ltr'>igne</span> <span class='ocrx_word' id='word_1_317' title='bbox 650 3386 758 3442; x_wconf 87' lang='lat' dir='ltr'>amoris</span> <span class='ocrx_word' id='word_1_318' title='bbox 771 3385 834 3439; x_wconf 90' lang='lat' dir='ltr'>eius</span> <span class='ocrx_word' id='word_1_319' title='bbox 847 3384 981 3451; x_wconf 88' lang='lat' dir='ltr'>accensi,</span> <span class='ocrx_word' id='word_1_320' title='bbox 1008 3377 1083 3454; x_wconf 90' lang='lat' dir='ltr'>quod</span> 
     </span>
     <span class='ocr_line' id='line_1_39' title="bbox 25 3471 648 3558; baseline -0.019 -21"><span class='ocrx_word' id='word_1_321' title='bbox 25 3479 139 3548; x_wconf 85' lang='lat' dir='ltr'>nohis,</span> <span class='ocrx_word' id='word_1_322' title='bbox 154 3491 219 3532; x_wconf 90' lang='lat' dir='ltr'>non</span> <span class='ocrx_word' id='word_1_323' title='bbox 232 3472 277 3528; x_wconf 89' lang='lat' dir='ltr'>illi</span> <span class='ocrx_word' id='word_1_324' title='bbox 291 3471 396 3558; x_wconf 83' lang='lat' dir='ltr'>bonum</span> <span class='ocrx_word' id='word_1_325' title='bbox 411 3481 465 3544; x_wconf 89' lang='lat' dir='ltr'>est,</span> <span class='ocrx_word' id='word_1_326' title='bbox 479 3473 648 3527; x_wconf 83' lang='lat' dir='ltr'>excitemur.</span> 
     </span>
    </p>
   </div>
   <div class='ocr_carea' id='block_1_3' title="bbox 408 3567 733 3630">
    <p class='ocr_par' dir='ltr' id='par_1_3' title="bbox 408 3567 733 3630">
     <span class='ocr_line' id='line_1_40' title="bbox 408 3567 733 3630; baseline -0.018 0"><span class='ocrx_word' id='word_1_327' title='bbox 408 3570 531 3630; x_wconf 83' lang='lat' dir='ltr'><strong>CAP.</strong></span> <span class='ocrx_word' id='word_1_328' title='bbox 574 3567 733 3627; x_wconf 85' lang='lat' dir='ltr'>XVlll.</span> 
     </span>
    </p>
   </div>
   <div class='ocr_carea' id='block_1_4' title="bbox 30 3643 1085 3774">
    <p class='ocr_par' dir='ltr' id='par_1_4' title="bbox 30 3643 1085 3774">
     <span class='ocr_line' id='line_1_41' title="bbox 30 3643 1085 3722; baseline -0.021 -9"><span class='ocrx_word' id='word_1_329' title='bbox 30 3659 151 3712; x_wconf 77' lang='lat' dir='ltr'>Contra</span> <span class='ocrx_word' id='word_1_330' title='bbox 163 3653 267 3722; x_wconf 81' lang='lat' dir='ltr'>eosqui</span> <span class='ocrx_word' id='word_1_331' title='bbox 278 3653 309 3705; x_wconf 80' lang='lat' dir='ltr'>de</span> <span class='ocrx_word' id='word_1_332' title='bbox 321 3653 472 3716; x_wconf 74' lang='lat' dir='ltr'>miraculis,</span> <span class='ocrx_word' id='word_1_333' title='bbox 491 3650 587 3720; x_wconf 79' lang='lat' dir='ltr'>quihus</span> <span class='ocrx_word' id='word_1_334' title='bbox 596 3648 651 3702; x_wconf 72' lang='lat' dir='ltr'>Des·</span> <span class='ocrx_word' id='word_1_335' title='bbox 657 3649 774 3718; x_wconf 85' lang='lat' dir='ltr'>populus</span> <span class='ocrx_word' id='word_1_336' title='bbox 784 3643 905 3697; x_wconf 78' lang='lat' dir='ltr'>eruditus</span> <span class='ocrx_word' id='word_1_337' title='bbox 916 3649 968 3703; x_wconf 84' lang='lat' dir='ltr'>est,</span> <span class='ocrx_word' id='word_1_338' title='bbox 985 3647 1085 3708; x_wconf 83' lang='lat' dir='ltr'>negant</span> 
     </span>
     <span class='ocr_line' id='line_1_42' title="bbox 310 3717 822 3774; baseline -0.016 0"><span class='ocrx_word' id='word_1_339' title='bbox 310 3721 496 3774; x_wconf 73' lang='lat' dir='ltr'>ecclesiasticis</span> <span class='ocrx_word' id='word_1_340' title='bbox 506 3719 582 3772; x_wconf 75' lang='lat' dir='ltr'>libris</span> <span class='ocrx_word' id='word_1_341' title='bbox 592 3735 647 3772; x_wconf 86' lang='lat' dir='ltr'>esse</span> <span class='ocrx_word' id='word_1_342' title='bbox 657 3717 822 3771; x_wconf 70' lang='lat' dir='ltr'>medendum.</span> 
     </span>
    </p>
   </div>
   <div class='ocr_carea' id='block_1_5' title="bbox 31 3797 1084 3971">
    <p class='ocr_par' dir='ltr' id='par_1_5' title="bbox 31 3797 1084 3971">
     <span class='ocr_line' id='line_1_43' title="bbox 104 3797 1084 3887; baseline -0.023 -12"><span class='ocrx_word' id='word_1_343' title='bbox 104 3818 155 3875; x_wconf 80' lang='lat' dir='ltr'>Au</span> <span class='ocrx_word' id='word_1_344' title='bbox 171 3813 254 3869; x_wconf 91' lang='lat' dir='ltr'>dieet</span> <span class='ocrx_word' id='word_1_345' title='bbox 266 3813 387 3887; x_wconf 83' lang='lat' dir='ltr'>aliquis,</span> <span class='ocrx_word' id='word_1_346' title='bbox 413 3814 471 3868; x_wconf 84' lang='lat' dir='ltr'>ists</span> <span class='ocrx_word' id='word_1_347' title='bbox 484 3811 558 3866; x_wconf 82' lang='lat' dir='ltr'>iales</span> <span class='ocrx_word' id='word_1_348' title='bbox 571 3825 634 3866; x_wconf 89' lang='lat' dir='ltr'>esse</span> <span class='ocrx_word' id='word_1_349' title='bbox 646 3805 801 3874; x_wconf 86' lang='lat' dir='ltr'>miracula,</span> <span class='ocrx_word' id='word_1_350' title='bbox 828 3818 883 3858; x_wconf 90' lang='lat' dir='ltr'>noc</span> <span class='ocrx_word' id='word_1_351' title='bbox 895 3799 985 3854; x_wconf 81' lang='lat' dir='ltr'>fuisse</span> <span class='ocrx_word' id='word_1_352' title='bbox 999 3797 1084 3869; x_wconf 81' lang='lat' dir='ltr'>iacta,</span> 
     </span>
     <span class='ocr_line' id='line_1_44' title="bbox 31 3883 1084 3971; baseline -0.022 -12"><span class='ocrx_word' id='word_1_353' title='bbox 31 3901 94 3958; x_wconf 85' lang='lat' dir='ltr'>sed</span> <span class='ocrx_word' id='word_1_354' title='bbox 108 3895 300 3956; x_wconf 81' lang='lat' dir='ltr'>mendaciter</span> <span class='ocrx_word' id='word_1_355' title='bbox 312 3891 438 3971; x_wconf 80' lang='lat' dir='ltr'>seriptal</span> <span class='ocrx_word' id='word_1_356' title='bbox 465 3893 603 3968; x_wconf 80' lang='lat' dir='ltr'>Quisquis</span> <span class='ocrx_word' id='word_1_357' title='bbox 617 3891 673 3947; x_wconf 92' lang='lat' dir='ltr'>hoc</span> <span class='ocrx_word' id='word_1_358' title='bbox 685 3889 771 3964; x_wconf 89' lang='lat' dir='ltr'>dicit,</span> <span class='ocrx_word' id='word_1_359' title='bbox 789 3890 813 3945; x_wconf 91' lang='lat' dir='ltr'>si</span> <span class='ocrx_word' id='word_1_360' title='bbox 826 3886 863 3944; x_wconf 90' lang='lat' dir='ltr'>de</span> <span class='ocrx_word' id='word_1_361' title='bbox 875 3883 920 3941; x_wconf 84' lang='lat' dir='ltr'>his</span> <span class='ocrx_word' id='word_1_362' title='bbox 932 3883 1018 3942; x_wconf 87' lang='lat' dir='ltr'>rebus</span> <span class='ocrx_word' id='word_1_363' title='bbox 1032 3901 1084 3938; x_wconf 91' lang='lat' dir='ltr'>ne-</span> 
     </span>
    </p>
   </div>
   <div class='ocr_carea' id='block_1_6' title="bbox 0 0 1304 4396">
    <p class='ocr_par' dir='ltr' id='par_1_6' title="bbox 0 0 1304 4396">
     <span class='ocr_line' id='line_1_45' title="bbox 0 0 1304 4396; baseline 0 0"><span class='ocrx_word' id='word_1_364' title='bbox 0 0 1304 4396; x_wconf 95' lang='lat' dir='ltr'> </span> 
     </span>
    </p>
   </div>
  </div>
 </body>
</html>
