2510 4404
222 221 283 277 aot
321 281 325 290 ,
448 209 1028 272 olvruvaeurrnuuvsurnr
1085 195 1089 204 '

224 372 282 442 ris,
307 387 391 444 quam
403 385 481 424 nunc
495 363 622 422 demisse
636 364 783 434 videmus,
805 362 938 434 accedat,
965 382 1032 420 cum
1045 365 1079 420 in
1094 363 1153 422 lrac
1173 377 1246 422 aetat

225 455 399 510 moriuntur.
428 451 529 526 Neque
541 451 619 506 enim
632 448 737 504 dicturi
750 465 866 518 sumus,
890 465 939 502 eos
952 467 1013 504 non
1026 460 1246 506 resurrectum.

223 539 274 614 qui
287 554 347 606 non
364 536 455 592 solum
468 534 679 613 generationis,
706 550 805 588 verum
819 533 906 586 etiem
919 535 1169 609 regenerationis
1183 551 1245 608 ceps

223 639 270 677 ces
291 629 368 676 sunt.
404 615 519 675 Deinde
540 619 734 694 interrogent,
760 633 845 689 quem
867 614 983 670 modum
1004 617 1073 690 ipsa
1098 620 1245 694 aequalita

222 703 358 760 habitura
376 704 423 759 sit.
472 700 506 757 Si
520 702 597 756 enim
611 710 671 756 tam
683 701 783 778 magni
802 708 832 754 et
852 712 911 754 tam
930 701 1012 778 longi
1032 711 1130 758 erunt
1153 721 1247 758 omnes

223 807 309 864 quam
322 786 442 845 fuerunt
454 787 618 861 quicunque
632 783 678 839 hic
698 783 817 839 fuerunt
833 784 952 838 maximi
969 793 1062 858 atque
1081 786 1247 864 longissimi.

221 891 282 928 non
295 871 388 926 solum
401 869 436 924 de
448 869 589 943 parvulis,
613 868 664 924 sed
678 864 734 944 [et]
749 867 784 922 de
796 867 927 940 plurimis
941 861 1091 944 [magnis]
1108 885 1247 945 quaerunt

221 955 299 1011 unde
313 955 370 1008 illis
385 970 571 1008 accessurum
584 953 639 1021 sit,
660 950 736 1025 quod
749 949 796 1005 hic
810 949 914 1020 defuit,
938 953 963 1005 si
976 949 1034 1008 hoe
1048 955 1181 1027 quisque
1193 957 1247 1007 reti

222 1040 292 1113 piet,
306 1035 382 1111 quod
394 1034 442 1091 hic
455 1034 563 1092 habuit.
587 1034 621 1092 Si
633 1044 742 1105 eutem,
760 1033 836 1108 quod
849 1036 890 1089 eit
902 1034 1071 1108 Apostolus,
1088 1055 1248 1093 occursuros

223 1139 277 1177 nos
292 1137 391 1176 omnes
406 1121 437 1176 irs
449 1137 617 1176 mensuram
636 1120 747 1176 aetatis
759 1117 957 1196 plenitudinis
973 1117 1113 1189 curtari,
1142 1132 1174 1176 et
1196 1121 1247 1174 illul

222 1207 363 1274 alterum,
388 1219 458 1280 quoa
464 1204 711 1281 praedestinavit
724 1201 888 1272 conformes
904 1197 1006 1276 [fieri]
1028 1204 1182 1280 imaginis
1194 1202 1248 1260 Fili

223 1290 279 1359 assi,
294 1289 337 1345 sie
350 1287 575 1364 intelligendum
590 1296 649 1357 est,
670 1294 704 1340 ut
716 1294 828 1340 statura
841 1293 871 1340 et
882 1283 985 1340 modus
1000 1283 1121 1342 Christi
1136 1291 1246 1362 eorpon's

223 1374 353 1429 omnium
366 1371 416 1445 qui
429 1372 461 1427 in
474 1389 567 1449 regno
583 1373 644 1426 eius
659 1379 755 1439 erunt,
779 1367 970 1424 humanorum
984 1387 1152 1444 corporum
1166 1375 1205 1428 sit
1214 1373 1245 1426 fu-

222 1465 322 1512 turus:
336 1453 437 1512 Multis
447 1456 513 1525 erit,
528 1456 675 1529 inquiunt,
690 1453 724 1508 de
735 1452 937 1529 magnitudine
951 1463 981 1507 et
992 1454 1190 1531 longitudine
1201 1475 1245 1511 cor·

220 1541 299 1614 poris
314 1537 537 1594 detrahendum:
553 1547 582 1594 et
594 1538 645 1594 ubi
658 1539 715 1592 iam
729 1538 796 1606 crit,
823 1533 955 1613 Capillus
967 1539 1085 1615 capitis
1098 1542 1245 1596 vestrisve

214 1623 344 1702 peribit,
367 1624 393 1678 si
416 1622 452 1676 de
475 1625 539 1695 ipsa
563 1623 692 1696 eorporis
717 1621 879 1695 quantitate
902 1629 961 1675 tam
975 1621 1117 1677 ‘multum
1140 1619 1245 1698 peribit'

221 1707 358 1772 Quamvis
372 1704 449 1761 etde
466 1707 536 1780 ipsis
554 1707 666 1780 capillis
686 1705 780 1777 possit
796 1704 921 1776 inquiri,
946 1714 1045 1759 utrum
1060 1705 1170 1762 redeat
1184 1710 1244 1781 quie-

220 1787 291 1863 quid
301 1788 490 1844 tondentibus
505 1788 622 1845 decidit.
655 1787 741 1854 Quod
755 1790 781 1843 si
794 1786 955 1843 rediturum
968 1800 1027 1856 est,
1052 1790 1124 1862 quis
1137 1809 1195 1846 non
1207 1809 1244 1844 er-

220 1871 340 1927 horreat
363 1873 445 1928 illam
464 1867 694 1928 deformitatem?
732 1871 807 1926 Nam
820 1868 873 1925 lroc
887 1880 918 1926 et
930 1869 965 1925 de
977 1870 1138 1948 unguibus
1150 1874 1243 1930 ridetur

221 1957 387 2011 necessario
409 1964 588 2026 secuturum,
610 1964 645 2010 ut
656 1954 759 2010 rcdeet
770 1964 829 2010 tam
839 1955 961 2010 multum
970 1954 1049 2031 quod
1064 1959 1192 2033 corporis
1203 1977 1245 2012 eu-

221 2055 320 2096 ratura
334 2034 432 2114 [cura]
447 2039 585 2095 desecuit.
628 2038 668 2095 Et
683 2039 806 2094 obierit
822 2034 927 2094 deensi
953 2038 1030 2114 quod
1052 2051 1139 2097 certe
1158 2044 1243 2097 naias.

222 2143 308 2198 quam
321 2125 353 2180 in
365 2125 423 2179 iste
438 2140 502 2178 esse
516 2126 703 2197 corruptione
722 2124 833 2197 potuit,
857 2123 889 2177 in
903 2123 955 2180 illa
966 2124 1023 2179 iam
1038 2125 1244 2181 immortalitate

222 2225 287 2268 esse
301 2207 424 2264 debebit.
448 2205 482 2263 Si
496 2215 592 2264 autem
606 2226 666 2264 non
680 2205 797 2277 redibit,
811 2211 881 2282 ergo'
893 2207 1012 2280 peribit:
1026 2210 1177 2283 quomodo
1190 2229 1243 2286 ergo

221 2294 374 2365 inquiunt,
398 2293 520 2365 capillus
541 2291 644 2365 capitis
663 2309 722 2346 non
743 2286 866 2364 peribitf
901 2288 947 2346 De
963 2292 1058 2346 macie
1078 2311 1192 2369 quoque
1209 2295 1242 2346 rel

221 2373 399 2452 pinguedine
412 2375 548 2430 similiter
561 2375 720 2448 disputent.
755 2373 830 2429 Nam
843 2375 870 2428 si
882 2376 1017 2448 aequales
1038 2394 1144 2433 omnes
1157 2387 1241 2432 munt:

221 2477 281 2514 non
294 2459 393 2534 utique
406 2459 458 2514 alii
470 2459 571 2525 macri,
585 2459 636 2514 alii
649 2460 772 2536 pingues
787 2466 879 2513 erunt.
896 2456 1021 2514 Accedet
1036 2477 1113 2537 ergo
1124 2461 1184 2516 aliis
1196 2463 1240 2514 ali·

221 2540 301 2617 quid,
315 2543 381 2598 aliis
395 2543 552 2598 minuetur.
574 2541 616 2598 Ac
635 2559 688 2615 per
706 2541 777 2612 hoc,
801 2559 860 2598 non
873 2541 1029 2616 quoderat
1048 2543 1240 2620 recipiendum,

221 2625 273 2682 sed
285 2625 393 2683 alicubi
406 2625 568 2682 addendum
583 2635 639 2697 est,
654 2625 731 2702 quod
744 2643 805 2681 non
818 2625 889 2696 fuit;
905 2634 934 2680 et
946 2624 1053 2681 slicubi
1066 2627 1238 2700 perdendum,

222 2709 299 2786 quod
312 2709 376 2767 fuit.

285 2793 331 2850 De
355 2795 426 2868 ipsis
451 2795 537 2850 etiam
562 2793 797 2866 corruptionibus
821 2801 851 2847 et
871 2792 1082 2867 dilapsionibus
1106 2813 1235 2870 corporun

222 2887 413 2947 mortuorum,
428 2897 493 2932 cum
506 2875 585 2932 aliud
599 2884 732 2932 vertatur
743 2875 774 2930 in
787 2878 950 2950 pulverem,
964 2877 995 2931 in
1009 2893 1097 2932 auras
1111 2878 1186 2934 aliud
1198 2895 1235 2932 er·

223 2959 351 3030 heletur3
378 2961 438 3014 sint
451 2977 522 3032 quos
537 2959 657 3028 bestiae,
677 2960 738 3014 sint
751 2977 821 3033 quos
835 2961 913 3036 ignis
927 2960 1075 3030 absumat3
1101 2963 1235 3039 naufragio

221 3043 268 3097 sel
282 3042 502 3116 quibuscunque
515 3043 597 3116 aquis
611 3043 652 3096 ita
666 3042 780 3116 quidam
793 3052 926 3115 pereant,
947 3052 1093 3099 uteorum
1107 3063 1199 3100 earnes
1212 3047 1234 3097 in

222 3124 370 3180 humorem
384 3123 506 3199 putredo
520 3123 678 3197 dissolvat}
702 3143 761 3182 non
774 3124 959 3182 mediocriter
972 3139 1182 3200 permoventur,
1198 3143 1234 3180 st-

222 3227 279 3284 que
296 3209 393 3264 oninia
413 3209 470 3264 iste
488 3209 622 3288 recolligi
640 3209 672 3265 in
690 3227 808 3266 carnem
827 3218 857 3266 et
873 3210 1070 3286 redintegrari
1090 3229 1171 3286 posse
1188 3230 1234 3266 uon

222 3292 353 3350 credunt.
380 3292 594 3352 consectantur
611 3295 699 3350 etiam
719 3311 846 3369 quasque
865 3293 1019 3349 foeditates
1033 3303 1064 3349 et
1076 3297 1163 3365 ritis,
1186 3297 1234 3348 site

222 3377 365 3448 accident,
379 3379 441 3434 sire
455 3387 628 3434 nascantur:
641 3375 691 3433 ubi
705 3385 735 3433 et
747 3387 927 3433 monstrosos
939 3386 1039 3451 partus
1054 3397 1119 3434 curn
1132 3377 1232 3434 berron

223 3471 311 3536 atque
324 3463 461 3518 irrisione
474 3470 714 3531 commemorant,
740 3471 770 3517 et
787 3461 941 3538 requirunt
956 3477 1098 3535 quaenam
1112 3465 1230 3535 cuiusque

224 3545 416 3601 deformitatis
428 3546 607 3602 resurrectio
621 3545 661 3600 sit
673 3543 791 3600 futura'
812 3541 847 3600 si
861 3545 939 3600 enim
952 3542 1025 3599 nibil
1038 3545 1098 3599 tale
1111 3545 1200 3600 redire
1210 3547 1228 3596 is

224 3646 329 3702 eorpus
343 3627 468 3684 hominis
482 3627 654 3698 dixerimus,
677 3629 896 3703 responsionem
910 3637 1037 3684 nostram
1050 3625 1086 3682 de
1100 3629 1171 3684 locis
1183 3627 1227 3684 rui

223 3728 343 3780 nerum,
366 3729 432 3766 cnm
444 3711 549 3786 quibus
563 3711 721 3767 Dominum
735 3709 881 3768 Christum
894 3713 1089 3766 resurrexisse
1101 3712 1227 3787 praedira·

223 3809 305 3861 mus,
330 3810 362 3847 se
381 3793 579 3850 confutaturos
599 3812 663 3848 esse
680 3804 876 3868 praesumunt.
908 3793 967 3851 Sed
980 3796 1058 3850 inter
1071 3792 1143 3850 haec
1154 3793 1227 3851 omri

223 3873 355 3948 quaestio
368 3872 536 3932 difficillima
549 3877 599 3932 illa
612 3877 792 3952 proponitur,
805 3878 836 3934 in
845 3879 928 3934 cuius
940 3895 1054 3938 carnem
1067 3875 1225 3934 reditura'rit
1246 3875 1247 3908 l
