2538 4392
217 184 276 246 DE
302 185 521 248 CIVITATE
546 189 625 250 DEI
645 191 727 250 LIB.
749 192 876 257 XVIII.
1002 205 1063 266 21&

52 358 78 396 ιιι
90 339 202 410 eoelnm3
227 335 422 412 pertriduum
436 357 522 412 vero,
547 342 616 415 quia
629 341 676 398 die
689 345 777 400 tertio
792 353 969 409 resurrexit:
993 365 1060 412 tan-

49 440 124 498 quan
136 421 267 476 lectorem
280 417 353 476 nihil
367 420 446 477 aliud
463 441 550 497 quam
571 421 712 481 historiae
732 445 829 484 rerum
851 440 999 507 gestarum
1013 437 1060 494 iu-

46 504 153 584 haererc
166 504 346 577 capitatam,
373 502 410 560 de
429 522 533 564 somno
553 509 748 565 excitaverint
761 509 956 590 Septuaginta
969 518 1063 576 inter-

44 595 142 664 pretes,
154 585 295 660 iidemque
309 584 483 662 Prophetae,
499 589 535 645 ad
547 591 786 664 perscrutandam
800 595 983 652 altitudinem
995 618 1062 673 pro-

43 669 160 747 phetiae,
172 667 293 744 quodam
307 670 392 726 modo
407 669 552 730 dixerint:
578 672 613 730 ln
632 673 827 752 quadraginta
846 678 946 734 diebus
969 681 1064 753 ipsum

44 771 150 829 quaere,
167 753 197 808 in
210 761 312 828 quaet
324 752 454 810 triduum
467 757 598 828 potueris
613 755 751 834 [poteris]
766 760 917 833 invenire3
947 763 1019 819 illud
1032 765 1063 820 In

42 836 235 906 adscensione,
248 833 304 892 hcc
319 837 350 892 in
365 837 428 892 cius
441 841 658 896 resurrectione
672 843 811 915 reperies.
847 842 972 918 Propter
985 847 1063 920 quod

41 929 155 995 unoque
172 935 292 976 numero
316 919 478 997 significari
503 925 780 981 convenientissime
802 928 914 1000 potuit,
941 947 1065 1003 quorum

40 1021 124 1060 unum
135 1019 184 1076 per
196 999 296 1058 Ionam
305 999 489 1077 prophetam,
508 1007 633 1062 alterum
645 1025 697 1080 per
710 1006 904 1087 Septuaginta
919 1011 1066 1087 interpre-

38 1096 96 1142 tum
109 1083 292 1158 prophetiam,
308 1094 406 1142 tamen
419 1103 496 1144 unus
510 1098 598 1164 atquc
610 1089 689 1146 idern
702 1089 831 1164 Spiritus
846 1093 929 1148 dixit.
953 1092 1064 1174 Longi-

38 1168 161 1228 tudinem
173 1166 270 1245 fugio,
296 1177 329 1226 ut
342 1187 402 1226 uon
415 1167 488 1226 baec
500 1189 553 1246 per
566 1174 659 1228 multa
671 1171 885 1247 demonstrem,
913 1178 945 1233 in
958 1179 1063 1253 quibus

36 1250 69 1308 ab
82 1250 221 1307 Hebraica
233 1252 358 1308 veritate
374 1262 514 1326 putantur
532 1253 728 1332 SeptuagInta
752 1259 929 1331 iuterpretes
953 1260 1064 1318 discre-

35 1352 112 1410 pare,
126 1343 155 1389 ct
166 1333 240 1390 bene
253 1335 399 1392 intellecti
412 1337 606 1394 inveniuntur
617 1356 682 1394 esse
693 1339 862 1395 concordes.
877 1339 961 1397 Vnde
975 1345 1064 1399 etiarn

35 1437 88 1496 ego
100 1435 150 1492 pro
164 1433 228 1474 meo
241 1416 358 1474 modulo
371 1421 499 1496 vestigia
512 1437 638 1495 sequens
651 1421 869 1495 Apostolorum,
884 1426 953 1498 quia
966 1435 996 1481 et
1008 1427 1065 1500 ipsi

33 1519 69 1556 ex
81 1501 223 1574 utrisque,
250 1499 357 1571 idest,
371 1518 409 1556 ex
423 1501 566 1558 Hebraeis
580 1513 661 1558 etex
674 1501 881 1581 Septuaginta,
894 1510 1065 1565 testimonia

31 1582 193 1658 prophetica
205 1593 376 1658 posuerunt,
390 1593 514 1660 utraque
525 1587 700 1642 auctoritate
712 1587 853 1644 utendum
865 1593 977 1662 putari,
992 1609 1064 1666 quo·

31 1669 108 1724 niam
121 1672 243 1740 auoque
257 1684 316 1722 unc
329 1675 419 1740 atque
432 1667 532 1724 divina
545 1677 598 1724 est.
634 1667 694 1726 Sed
712 1671 770 1726 iarn
787 1687 863 1744 quae
875 1679 1007 1744 restant,
1033 1683 1066 1731 ut

27 1767 189 1826 poseamus,
203 1765 406 1824 exsequamur.

403 1914 526 1974 CAP.
570 1916 687 1975 XLV.

26 2017 172 2085 Qacdpost
182 2018 408 2072 instaurationem
418 2019 512 2088 templi
521 2019 675 2086 Prophetas
685 2020 782 2073 Iudaea*
792 2021 889 2074 habere
899 2023 1065 2086 destiterint,

41 2096 68 2139 ct
77 2087 174 2140 exinde
183 2103 266 2157 rapae
276 2089 313 2140 aa
321 2087 495 2142 natiuitatem
509 2086 614 2140 Christi
627 2089 763 2142 coutinuis
773 2091 983 2143 adoersstmibus
993 2093 1049 2144 siat

83 2155 198 2226 afflicti,
219 2166 250 2210 ut
261 2157 428 2226 probaretur
439 2156 553 2209 alterius
565 2157 660 2224 templi
669 2157 1007 2226 aedifacationemprophe·

309 2226 493 2280 licitatoribus
508 2225 599 2297 fitium
611 2225 781 2293 promissam.

78 2331 189 2388 Postea
202 2349 289 2407 quarn
302 2351 377 2411 gans
389 2331 497 2390 Iudaea
510 2333 606 2408 coepit
618 2339 678 2390 no'n
692 2330 799 2389 babere
811 2331 983 2408 Prophetas,
996 2352 1065 2408 pro-

23 2417 67 2473 cul
81 2415 172 2471 dubio
184 2413 312 2472 deterior
323 2415 401 2473 facta
412 2425 468 2486 est,
483 2435 518 2472 eo
531 2417 645 2472 scilicet
656 2425 799 2490 tempore,
813 2434 872 2490 quc
885 2435 917 2472 se
929 2416 1066 2490 'sperabat

23 2502 189 2556 Instaurato
203 2499 310 2573 templo
322 2508 389 2574 post
401 2500 617 2572 captiuitatem,
632 2515 707 2572 quae
719 2497 776 2553 fuit
786 2500 821 2555 in
832 2497 1006 2574 Babylonia,
1019 2497 1065 2554 fu·

23 2597 119 2638 turam
135 2599 202 2638 esse
213 2583 374 2638 meliorem.
408 2579 459 2638 Sic
476 2582 582 2655 quippe
600 2580 784 2658 intelligebat
801 2583 923 2655 populns
935 2582 986 2635 ille
997 2597 1066 2636 car-

23 2666 112 2735 nalis,
138 2662 218 2738 quod
232 2665 473 2739 praenuntiatum
487 2672 532 2718 est
544 2681 598 2737 per
610 2664 765 2741 Aggaeum
776 2661 951 2736 Prophetam
964 2661 1066 2718 dicen-

23 2766 93 2803 :emr
122 2745 242 2822 Magna
260 2750 322 2805 ers't
339 2745 441 2823 gloria
459 2746 558 2803 mua
577 2748 669 2802 mirra
682 2746 874 2815 πουίιιίιιιαο,
894 2744 967 2821 pluo
980 2763 1067 2822 quum

23 2833 147 2886 marae.
172 2828 257 2896 Quod
270 2829 306 2885 de
319 2847 398 2888 noro
412 2827 604 2884 Testamenta
618 2828 727 2884 dictum
741 2846 818 2898 esse,
830 2829 918 2903 paulo
931 2828 1067 2901 superlus

23 2913 253 2984 lemonstravit,
271 2911 326 2969 ’ubi
339 2912 381 2968 ait
394 2915 494 2986 aperto
508 2908 657 2968 Christum
673 2912 864 2986 promittens:
890 2909 933 2966 Et
950 2910 1067 2968 movebo

23 3000 117 3050 »macir
131 2999 253 3070 gentes,
267 3005 297 3052 et
308 2995 408 3054 ceaiet
422 2995 613 3052 desideratus
629 2996 745 3050 cunctis
757 2994 905 3070 gentibus.
924 2994 989 3060 Quo
1003 2995 1068 3052 Ioco

23 3077 223 3153 leptuiaginta
235 3079 412 3152 interpretes
426 3079 517 3133 alium
532 3087 654 3132 sensum
671 3078 766 3153 magis
786 3077 904 3150 corpori
918 3093 1004 3151 quarn
1018 3095 1068 3131 ca·

23 3161 79 3230 riti,
94 3157 158 3214 hoc
175 3167 231 3231 est,
256 3161 351 3238 magis
363 3158 516 3215 Ecclesiae
529 3175 616 3232 quam
628 3157 745 3215 Christo
759 3160 986 3215 convenientem
998 3176 1068 3232 prc-

23 3240 136 3296 uhetica
152 3243 330 3297 auctoritate
348 3240 502 3296 dixerunt:
532 3237 656 3299 Vens'ent
668 3257 743 3316 quae
756 3241 852 3296 elc'cta
865 3249 935 3296 suat
949 3238 1073 3295 bomar·

23 3325 44 3380 le
59 3323 355 3399 cuncticgents'bus,
381 3321 412 3376 id
431 3331 493 3392 est,
515 3319 668 3391 homines,
692 3320 729 3374 d'e
747 3322 851 3394 quibus
867 3322 931 3393 ipse
943 3318 1025 3373 lesus
1037 3320 1070 3373 in

23 3404 206 3482 {vangelim
230 3403 343 3474 Multi,
357 3405 470 3479 lnquit,
494 3405 605 3472 uocats',
626 3404 724 3478 pauci
735 3420 805 3458 cero
820 3401 915 3458 electi.
951 3399 1071 3455 Talibus
1086 3407 1089 3412 '

23 3487 94 3542 nim
106 3487 223 3543 electis
234 3487 388 3564 gentium,
410 3485 512 3542 domus
525 3485 585 3542 Dei
598 3482 770 3540 aedificatur
782 3499 835 3556 per
848 3481 1070 3538 Testamentum

25 3587 130 3626 ovum
142 3569 295 3644 lapidibus
309 3569 406 3640 vivis,
432 3567 522 3645 longe
542 3568 717 3646 gloriosior,
746 3578 833 3640 quam
847 3564 986 3637 templum
1000 3562 1071 3618 illud

23 3654 81 3722 uit,
98 3652 188 3728 quod
196 3670 220 3708 ·a
232 3670 305 3729 rege
320 3649 480 3708 Salomone
493 3658 696 3708 constructum
708 3656 769 3717 cst,
790 3655 825 3701 ret
836 3655 904 3721 post
918 3646 1072 3720 captivita-

23 3753 68 3790 em
85 3735 308 3790 instauratam.
340 3733 469 3808 Propter
482 3732 538 3790 hoc
552 3751 624 3811 crgo
639 3739 695 3788 nuc
708 3727 869 3802 Prophetas
884 3746 923 3783 ex
937 3728 987 3785 illo
998 3736 1072 3784 toas·

23 3835 81 3872 ore
97 3815 213 3873 habuit
230 3818 281 3873 illa
295 3832 389 3896 gens,
415 3817 466 3872 sed
479 3818 580 3874 multis
596 3814 725 3871 cladibus
740 3811 847 3870 afflicta
861 3821 907 3868 est
919 3812 954 3868 ab
968 3811 1074 3867 alieui-
