2586 4396
260 201 321 259 DE
345 155 565 261 CIVleTEl
586 203 665 262 DEI
689 206 767 265 LIB.
789 208 861 266 XV.
1023 219 1060 274 dl

32 361 113 418 enno
127 365 276 412 terrenam
289 353 431 430 quandam
444 372 496 429 pro
509 357 596 414 rebus
607 357 714 415 infimis
727 379 841 435 pacem:
856 361 892 418 ad
906 381 968 421 eam
980 385 1061 424 nam-

31 463 90 521 que
105 439 254 496 desiderat
266 440 418 512 pervenire
431 437 573 497 bellando.
588 442 730 508 Quoniam
743 446 769 499 si
780 446 896 518 vicerit,
911 456 940 502 et
953 452 1002 523 qui
1014 469 1061 506 re-

30 531 118 585 sistat
131 541 192 580 non
207 523 308 594 fuerit,
332 540 390 597 pax
409 523 475 594 erit,
501 543 587 600 quam
600 543 659 582 non
672 525 816 584 habebant
827 539 923 604 partes
936 532 1060 594 invicem

31 613 243 677 adversantes,
271 614 300 662 et
311 625 363 681 pro
377 605 423 661 his
437 607 523 664 rebus
543 627 612 684 quas
630 611 717 666 simul
733 609 838 667 habere
851 631 911 670 non
928 623 1063 689 poterant

28 694 147 753 infelici
172 699 305 770 egestate
327 699 480 747 certantes.
520 691 605 750 Hanc
626 712 724 768 paoem
748 697 900 771 requirunt
921 697 1064 754 laboriosa

29 780 126 837 bella:
139 773 214 831 banc
227 775 397 850 adipiseitur
410 793 484 850 quae
496 786 615 851 putatur·
628 779 756 855 gloriosa
769 781 901 836 victoria.
942 781 1063 848 Quando

31 871 132 920 autem
144 861 269 916 vincunt
282 860 331 933 qui
344 875 430 914 eausa
442 861 565 916 iustiore
577 860 756 940 pugnabant,
781 864 846 938 quis
860 863 981 936 dubitet,
995 883 1063 942 gra-

30 944 184 1003 tulandam
197 961 261 998 esse
275 943 435 1014 victoriam,
452 953 481 998 et
492 946 662 1019 provenisse
675 946 829 1020 optabilem
841 937 959 1021 paeemi
982 945 1064 1003 Haec

30 1032 115 1087 bona·
122 1035 202 1097 unt,
218 1035 248 1082 et
261 1028 324 1082 sine
337 1025 423 1083 dubio
438 1025 494 1084 Dei
507 1028 582 1085 dona
596 1037 673 1086 sunt.
697 1027 756 1086 Sed
768 1031 794 1086 si
807 1031 949 1108 neglectis
962 1032 1063 1086 melio-

29 1115 129 1185 ribus,
150 1129 228 1187 quae
241 1110 278 1166 ad
290 1129 445 1186 supernam
458 1114 608 1186 pertinent
621 1111 791 1185 Civitatem,
811 1113 861 1169 ubi
875 1116 932 1170 erit
941 1115 1064 1172 victorie

30 1202 62 1256 in
76 1207 201 1254 aeterna
215 1203 245 1251 et
257 1213 369 1252 summa
380 1212 452 1268 pace
463 1213 579 1269 secura,
596 1197 673 1253 bona
685 1198 741 1252 ista
755 1198 797 1253 sio
810 1199 1063 1273 concupiscuntur,

31 1292 64 1339 ut
75 1284 126 1339 vel
140 1281 203 1338 sola
217 1297 280 1336 esse
294 1278 461 1352 credantur,
481 1282 529 1337 vel
540 1278 586 1335 bis
601 1299 674 1356 quae
686 1281 808 1337 meliora
821 1280 989 1353 ereduntur,
1002 1298 1063 1336 am·

31 1369 111 1441 plius
126 1363 299 1441 diligentum
314 1381 435 1420 necesse
450 1372 494 1420 est
507 1365 625 1420 miseria
639 1372 850 1440 consequatur,
870 1373 901 1422 et
913 1381 986 1442 quae
998 1365 1064 1422 ine·

30 1458 81 1507 rat
93 1456 243 1526 augeatur.

457 1532 574 1592 CAP.
618 1533 651 1590 V.

31 1630 74 1684 De
82 1630 175 1700 priato
190 1638 314 1684 terrenae
331 1628 459 1683 Caritatis
473 1636 585 1680 auctore
592 1628 760 1702 fratricida,
781 1630 857 1684 auius
869 1626 1062 1701 impietati&

199 1717 294 1753 manae
304 1699 379 1752 urbis
389 1697 510 1752 conditor
518 1699 643 1769 germani
652 1701 731 1754 caede
740 1699 913 1770 responderit.

98 1789 214 1846 Primus
233 1792 332 1864 itaque
355 1789 412 1846 fuit
434 1797 569 1846 terrenae
590 1787 725 1848 Civitatis
747 1791 879 1850 eonditor
899 1789 1064 1849 fratricida:

33 1895 100 1933 nam
117 1893 204 1930 suum
221 1873 342 1930 fratrem
359 1875 452 1930 eivem
465 1873 598 1932 Civitatis
619 1883 756 1932 aeternae
773 1877 805 1932 in
818 1873 872 1932 bae
890 1883 970 1932 terra
980 1893 1064 1950 pere-

33 1963 203 2036 grinantem
222 1956 385 2015 invidentia
406 1959 501 2016 victus
519 1957 635 2014 occidit.
661 1957 744 2015 Vnde
761 1957 925 2016 mirandum
937 1965 1065 2028 nonest,

32 2044 109 2120 quod
122 2052 208 2099 tanto
220 2050 288 2118 post
299 2043 331 2097 in
345 2060 380 2098 ea
393 2043 512 2098 civitate
526 2041 686 2114 condenda,
712 2061 786 2118 quae
799 2042 897 2100 iuerat
907 2039 992 2097 buius
1005 2049 1065 2095 ter·
1166 2036 1168 2042 '

31 2147 122 2184 ranae
136 2125 289 2196 Civitatis,
303 2124 338 2182 de
351 2143 407 2202 qua
420 2126 581 2200 loquimur,
607 2134 693 2200 eaput
711 2125 827 2196 futura,
855 2135 885 2182 et
897 2133 956 2181 tam
968 2122 1066 2179 multis

32 2212 173 2290 gentibus
184 2218 356 2288 regnatura,
369 2207 437 2265 huie
450 2209 542 2282 primo
558 2209 700 2284 exemplo,
714 2217 744 2266 et
756 2217 789 2265 ut
803 2207 910 2266 Graeci
922 2208 1067 2283 appellant

32 2286 192 2375 ἀρχετύπῳ
206 2292 348 2370 quaedam
360 2295 407 2348 sui
419 2293 537 2372 generis
550 2293 647 2371 imago
665 2292 824 2368 respondit.
863 2291 939 2350 Nam
952 2300 982 2348 et
994 2292 1065 2362 illic,

32 2384 112 2438 sicut
123 2380 218 2454 ipsum
230 2377 346 2434 facinus
360 2377 476 2453 quidam
487 2380 573 2452 poeta
588 2379 825 2435 commemoravit
836 2379 968 2448 illorum,
993 2375 1065 2433 Fra-

33 2477 117 2522 terno
136 2463 226 2538 prims
243 2461 419 2518 maduerunt
435 2462 580 2538 sanguine
596 2462 682 2515 muri.
721 2458 771 2516 Sic
792 2462 870 2516 enim
888 2458 1005 2516 condita
1023 2467 1067 2512 est

33 2549 143 2619 Roma,
158 2545 273 2622 quando
287 2547 413 2602 occisum
426 2543 549 2601 Remum
562 2561 579 2599 a
591 2543 682 2598 fratre
695 2541 819 2599 Romulo
833 2541 964 2599 Romana
977 2549 1066 2596 testa-

32 2643 84 2688 tur
96 2631 234 2688 historia:
261 2630 319 2686 nisi
334 2627 410 2704 qnod
426 2628 477 2682 isti
490 2635 625 2682 terrenae
638 2623 772 2682 Civitatis
785 2626 867 2682 ambo
881 2626 960 2680 cives
974 2631 1058 2678 erant

33 2715 129 2773 Ambo
144 2715 265 2791 gloriam
278 2713 313 2770 de
327 2711 476 2769 Romanae
488 2709 864 2785 reipublicaeinstitutione
877 2705 1066 2784 quaerebant:

33 2799 90 2857 sed
104 2798 186 2855 ambo
199 2817 263 2855 eam
276 2805 398 2866 tantam,
412 2803 559 2872 quantam,
578 2795 603 2849 si
616 2813 693 2850 unus
707 2802 800 2866 esset,
821 2792 928 2850 habere
941 2809 1000 2848 non
1013 2807 1066 2864 po-

32 2891 145 2941 terant.
167 2883 222 2950 Qui
235 2883 313 2938 enim
325 2879 440 2938 volebat
452 2877 627 2936 dominando
641 2879 773 2957 gloriari,
793 2879 888 2935 minus
902 2877 1002 2951 utiquc
1015 2874 1066 2931 do-

31 2970 211 3039 minaretur,
230 2967 257 3022 si
269 2967 332 3021 eius
345 2973 474 3039 potestas
488 2964 557 3021 vivo
571 2975 708 3020 consorte
721 2964 910 3020 minueretur.
945 2958 984 3017 Vt
997 2978 1067 3039 ergo

29 3063 126 3109 totam
138 3051 366 3108 dominationem
374 3047 494 3104 haberet
507 3067 594 3120 unus,
609 3047 720 3104 ablatus
733 3056 778 3104 est
791 3048 900 3104 socius:
915 3054 944 3103 et
957 3045 1067 3101 scelere

30 3139 128 3194 erevit
141 3139 174 3192 iu
188 3137 284 3209 peius,
298 3131 376 3208 quod
388 3133 559 3190 innocentia
571 3133 668 3188 minus
682 3141 760 3188 esset
772 3141 802 3187 et
813 3133 925 3188 melius.
960 3127 1001 3186 Hi
1013 3147 1067 3185 au-

27 3233 92 3278 tem
110 3221 221 3276 fratres
236 3216 309 3275 Cain
323 3226 352 3272 et
364 3215 435 3272 Abel
455 3233 516 3270 nou
535 3213 681 3272 habebant
697 3215 779 3272 ambo
797 3217 876 3270 inter
894 3232 926 3269 se
945 3213 1067 3268 sindlem

26 3325 133 3362 rerum
148 3313 333 3360 terrenarum
346 3297 546 3372 cupiditatem
573 3315 627 3354 nec
646 3302 678 3355 in
697 3298 752 3353 hoc
767 3298 936 3352 alteralteri
950 3295 1066 3364 invidit,

28 3389 184 3466 quodeius
197 3385 363 3442 dominatus
374 3382 458 3438 fieret
468 3381 630 3459 angustior,
637 3384 688 3458 qui
697 3379 972 3449 alterumoeeidit,si
984 3377 1066 3432 ambo

25 3474 273 3530 dominarentur:
294 3467 374 3538 (Abel
388 3468 492 3542 quippe
505 3483 564 3520 non
584 3465 739 3540 quaerebat
752 3462 976 3518 dominationem
989 3460 1020 3513 in
1035 3476 1068 3511 ea

24 3557 166 3629 civitate,
181 3572 257 3632 quae
270 3549 449 3608 condebatur
460 3567 477 3605 a
488 3548 603 3624 statam)
620 3548 670 3605 scd
681 3546 843 3604 invidentia
853 3546 903 3598 illa
916 3541 1067 3610 diabolica,
1146 3545 1147 3548 ’

23 3661 93 3719 qua
104 3639 241 3698 invident
251 3635 338 3693 bonis
346 3636 426 3705 mali,
438 3634 518 3690 uussa
528 3633 585 3688 alia
596 3650 692 3704 eausa,
706 3631 765 3687 nisi
776 3630 843 3704 quia
853 3628 897 3682 illi
908 3624 978 3680 boui
989 3631 1067 3694 sunt,

21 3727 80 3783 illi
93 3727 172 3782 mali.
208 3721 297 3780 Nullo
311 3720 389 3776 enirn
401 3717 485 3774 modo
498 3715 532 3772 fit
543 3715 638 3773 minor
651 3713 807 3772 accedente
820 3729 871 3766 seu
883 3715 1068 3785 permanente

21 3818 177 3869 consorte
189 3807 337 3884 possessio
349 3802 503 3873 bonitatis;
520 3802 578 3856 imo
591 3801 737 3874 possessio
751 3797 876 3867 bonitas,
891 3809 975 3868 quam
988 3799 1068 3846 tanto

20 3897 145 3967 latius,
172 3899 282 3970 quanto
298 3885 470 3946 concordius
489 3883 637 3943 individua
656 3884 801 3940 sociorum
813 3876 942 3964 possidet
955 3875 1068 3934 caritas.
