2592 4396
268 219 327 276 DE
350 219 566 280 ClVlTATE
590 221 671 281 DEI
693 223 771 282 LlB.
795 227 887 286 XlV.
1053 241 1090 296 ill

43 375 128 450 quit,
143 371 425 448 praevaricationis
438 370 531 429 Adae.
564 371 622 429 Eos
636 384 735 432 autem
748 376 884 436 reductor
898 383 1024 464 intelligi
1036 407 1089 445 vo-

42 459 112 526 luit,
128 455 181 530 qui
195 453 225 508 id
238 453 316 528 quod
327 453 453 526 iaciunt,
468 473 528 511 non
542 467 646 531 putant
659 475 723 513 eere
736 471 904 532 peceatum:
931 467 981 522 ille
993 479 1089 526 antem

42 540 146 596 scivit.
175 536 314 611 Alioquin
329 537 473 612 quomodo
486 557 590 595 veruna
603 541 675 611 erit,
694 541 790 598 Adam
802 563 860 601 non
874 558 920 605 eet
933 551 1092 608 seductae?

40 622 107 680 Sed
120 623 295 694 inexpertae
310 619 428 676 divinae
442 623 610 679 severitatis
624 625 656 680 in
670 641 704 680 eo
718 625 782 681 falli
794 631 908 702 potuit,
930 641 964 687 ut
979 635 1091 689 veniale

39 705 186 762 erederet
199 719 264 758 eree
276 705 472 760 committunt.
503 706 545 762 Aa
558 725 610 780 per
623 705 677 763 boe
691 709 722 763 iu
736 727 770 764 eo
785 711 903 785 quidem
917 731 974 790 quo
987 718 1092 772 muller

38 789 172 844 ueduata
192 795 253 856 eat,
280 805 341 842 non
354 796 400 843 eet
411 789 461 844 ille
474 790 623 862 reduetus,
650 791 700 846 aed
719 810 786 848 eum
804 792 920 869 fefellit,
947 798 1091 872 quomodo

37 873 147 928 fuerat
172 869 363 926 inclinandum
389 871 466 946 quod
493 883 557 928 erat
582 873 724 947 dicturus,
750 874 861 934 Mulier
881 897 967 956 quam
982 880 1094 938 dedieti

37 973 159 1012 mecum
179 951 267 1029 [mili
285 951 423 1028 aooiamj,
450 957 518 1031 iprae
532 955 605 1013 miti
621 957 718 1029 dedit,
744 969 774 1016 et
785 963 971 1019 manducavi.
1015 963 1092 1030 Quid

37 1057 117 1115 ergo
133 1033 290 1111 pluribusi
308 1036 374 1093 Elei
388 1038 534 1095 eredendo
548 1059 608 1096 non
623 1051 693 1096 sunt
707 1042 790 1097 ambo
805 1043 929 1119 deeepti,
943 1046 1091 1120 peccando

36 1133 146 1177 tamen
160 1119 245 1176 ambo
260 1123 338 1195 eapti
349 1131 430 1194 eant,
445 1132 475 1178 et
488 1123 595 1179 diaboli
608 1126 720 1197 laqueis
734 1125 884 1198 implicati.

441 1270 463 1328 C
485 1274 510 1328 Α
531 1272 564 1328 Ρ.
607 1271 664 1328 Xl
679 1272 700 1328 l.

203 1366 247 1420 De
256 1367 390 1436 qualitate
402 1367 488 1436 primi
494 1369 604 1436 peccati
615 1385 665 1436 per
676 1368 808 1422 bominum
818 1373 936 1424 atarneo.

110 1457 147 1514 Si
161 1473 247 1532 quem
260 1475 332 1513 vero
345 1465 460 1528 movet,
483 1475 535 1513 eur
553 1460 618 1514 aliie
634 1461 762 1533 peccatir
776 1462 819 1516 sio
832 1472 940 1519 nature
954 1481 1013 1518 non
1028 1481 1091 1519 rnu-

34 1553 125 1601 tetur
138 1539 284 1611 bantana,
312 1540 553 1614 quemadmodum
567 1543 618 1598 illa
632 1541 756 1598 duorum
768 1545 928 1618 primorum
941 1545 1092 1602 hominum

33 1624 300 1704 praevaricatione
314 1633 425 1679 manta
438 1634 499 1694 eet3
527 1634 562 1680 ut
574 1634 675 1682 tantae
689 1629 881 1700 corruptioni,
896 1639 1033 1703 quantana
1046 1631 1091 1686 vi-

33 1713 147 1768 demus
162 1715 251 1782 atque
265 1707 418 1777 sentimus,
434 1715 464 1761 et
476 1725 529 1780 per
542 1705 616 1764 bane
628 1708 793 1765 subiaceret
806 1707 863 1788 [et]
876 1714 980 1782 morti,
1000 1723 1093 1768 aetat

34 1806 65 1850 et
80 1791 182 1849 tantia
201 1800 320 1865 tamque
335 1790 414 1844 inter
432 1807 464 1844 se
483 1793 640 1847 contrariis
657 1794 880 1864 perturbaretur
894 1803 923 1851 et
936 1793 1093 1852 fluctuaret

34 1875 220 1944 affectibus,
247 1873 343 1948 qualia
362 1875 393 1928 in
410 1872 546 1946 paradiso
565 1885 633 1930 ante
652 1885 813 1948 peceatrrm,
840 1879 910 1933 licet
925 1879 956 1933 in
970 1895 1093 1950 corpore

33 1969 121 2017 esset
135 1957 271 2028 animali,
285 1957 386 2030 utique
399 1957 542 2012 nonfuit:
557 1958 582 2012 ri
594 1959 659 2032 quis
673 1955 728 2014 boe
739 1969 884 2029 movetur,
898 1970 934 2016 ut
945 1961 1019 2030 dixi,
1033 1979 1091 2016 non

33 2047 105 2101 ideo
128 2041 221 2096 debet
237 2040 407 2094 existimare
424 2041 489 2095 lere
508 2059 541 2096 aa
560 2057 683 2114 parvum
696 2041 769 2096 illud
785 2043 880 2097 fuisse
895 2045 1092 2110 commissum,

33 2131 108 2204 quia
121 2126 159 2180 in
175 2141 242 2178 esea
255 2121 366 2178 saetam
379 2131 434 2192 est,
448 2141 509 2177 non
523 2123 641 2196 quidem
654 2124 742 2192 mala,
756 2141 812 2180 nee
827 2127 932 2193 noxia,
952 2125 1010 2178 niei
1024 2125 1093 2197 quia

33 2208 203 2287 prohibita.
229 2205 332 2279 Neque
346 2206 425 2260 enim
440 2205 596 2278 quiequam
608 2205 678 2259 mali
691 2201 772 2260 Deua
788 2207 823 2261 iu
842 2207 894 2262 illo
913 2212 1013 2261 tantae
1026 2205 1092 2261 feli·

32 2294 140 2350 citatis
156 2291 227 2344 loco
241 2297 355 2343 crearet
368 2297 455 2361 atque
467 2288 622 2362 plantaret.
641 2286 701 2344 sea
714 2287 880 2346 obedientia
893 2289 1093 2344 commendata

34 2388 82 2433 eet
97 2379 134 2430 in
149 2379 323 2448 praecepto,
351 2389 426 2445 quae
445 2373 541 2428 virtut
561 2371 593 2426 in
612 2380 747 2426 creatura
759 2375 899 2428 rationali
913 2380 1007 2428 mater
1021 2389 1092 2446 quo-

34 2462 104 2517 darn
119 2455 213 2513 modo
228 2463 273 2509 eet
294 2455 425 2510 omniurn
438 2461 596 2527 custosque
607 2455 765 2509 virtutum:
791 2453 906 2529 quando
922 2453 1038 2528 quidem
1052 2455 1093 2508 ita

33 2545 116 2600 faeta
131 2548 192 2608 est,
204 2547 240 2593 at
250 2539 278 2592 ei
289 2535 436 2592 aubditarn
449 2553 514 2590 eree
527 2537 567 2590 eit
576 2536 665 2605 utile;
678 2535 876 2606 perniciosum
889 2543 986 2590 autem
1000 2549 1092 2602 auom,

34 2647 98 2684 non
120 2625 191 2680 elur
211 2637 305 2695 aquo
326 2627 425 2676 ereata
446 2627 506 2688 ert,
531 2618 628 2672 lacere
640 2617 832 2672 voluntatem
867 2615 932 2671 Hoc
945 2617 1045 2690 itaque
1058 2613 1092 2670 de

32 2730 98 2767 uno
114 2707 178 2764 eibi
191 2703 303 2784 genere
317 2721 378 2759 non
393 2699 522 2772 edendo,
545 2700 596 2756 nbi
614 2700 739 2755 aliorum
753 2707 836 2754 tanta
855 2699 939 2772 eopia
960 2697 1091 2752 subiace-

33 2796 100 2865 bat,
114 2801 179 2847 tam
192 2791 260 2844 leve
271 2793 458 2860 praeceptum
471 2783 506 2839 ad
519 2781 742 2852 observandum,
756 2790 817 2838 tam
832 2781 919 2837 breve
933 2779 969 2836 ad
983 2797 1091 2835 merno-

31 2880 85 2934 ria
100 2871 309 2938 retinendum,
332 2869 382 2924 ubi
395 2869 568 2942 praesertim
583 2863 712 2920 nondam
724 2865 872 2922 voluntati
886 2863 1029 2937 cupiditas
1044 2881 1091 2918 ro-

34 2958 185 3026 aistebat‚
209 2953 287 3028 quod
301 2951 336 3007 de
349 2969 444 3026 poena
457 2949 704 3027 nansgressionir
718 2955 821 3022 postea
834 2950 1023 3006 subsecutum
1038 2958 1092 3014 ert,

32 3052 122 3099 tanto
145 3039 263 3094 maiore
284 3037 397 3090 iustitia
413 3037 554 3091 violatam
574 3042 634 3102 ert,
656 3041 766 3106 quanto
781 3031 913 3090 faciliora
927 3040 1028 3104 portet
1041 3029 1092 3085 ob-

31 3124 197 3183 servantia
212 3119 362 3190 custodiri.

434 3251 554 3308 cAP.
597 3249 716 3308 Xlll.

71 3353 162 3418 Quod
175 3352 206 3402 tn
214 3347 452 3415 praeuaricatione
463 3346 536 3397 Adae
547 3347 583 3466 nell
593 3361 658 3412 opat
668 3347 766 3396 malam
778 3347 903 3395 toleratae
911 3343 1061 3408 praeemit

525 3433 568 3468 ena
580 3429 606 3468 a.
660 3461 663 3466 .

102 3529 142 3585 ln
167 3526 288 3581 ooeulto
307 3531 404 3578 autern
424 3523 494 3577 mali
513 3537 578 3576 erte
598 3526 774 3594 coeperunt,
803 3525 836 3571 ut
855 3517 886 3570 in
903 3521 1035 3588 apertam
1049 3511 1095 3563 in-

29 3611 253 3680 obedientiam
271 3605 449 3662 laberentur.
493 3603 562 3660 Non
577 3606 656 3659 enin
669 3601 705 3657 od
718 3601 827 3656 malum
841 3613 911 3672 opue
925 3593 1095 3666 pervenire-

28 3709 104 3766 tur,
135 3692 204 3749 niti
218 3685 430 3762 praeeereieeet
442 3689 519 3742 mala
532 3688 680 3742 voluntas.
723 3681 815 3737 l’orro
828 3679 922 3734 malae
936 3675 1094 3732 voluntatis

27 3781 169 3836 initium
195 3771 274 3846 quod
297 3773 392 3844 potuit
417 3788 482 3826 eree
505 3769 565 3824 niti
588 3759 744 3841 superbiai
772 3761 895 3821 Initium
910 3761 988 3815 enirn
1003 3759 1095 3814 omnir

20 3858 172 3940 peccati
184 3854 328 3930 superbia
343 3864 396 3908 eat.
442 3851 518 3918 Quid
533 3861 578 3906 eet
591 3861 688 3907 autem
702 3847 852 3921 superbia,
870 3845 929 3898 nisi
941 3855 1096 3917 perversae
