2538 4392
207 212 868 290 DECIVITATEDEILIB.XV111.
998 241 1052 301 191
1129 250 1135 262 '

25 379 115 444 atque
126 368 227 441 inpiae
240 371 457 444 superstitionis
469 373 650 449 illecebram,
676 376 707 434 id
720 378 913 444 efficientibus
927 389 1053 452 ἰιιιιιιιιι·

24 453 116 510 disin
130 469 228 508 esrum
241 454 329 510 eorde
347 454 551 530 daemonibus,
578 479 631 536 per
652 461 771 522 fallacia
795 485 913 546 qaoque
935 477 1053 536 oracula

23 535 246 610 decipientibus,
260 545 295 594 ut
306 537 441 598 fabulose·
453 544 541 600 etiam
553 543 677 602 erimina
690 546 819 622 deorum,
845 570 919 628 quse
931 556 990 612 iam
1001 577 1052 616 nr-

19 622 145 677 beniore
156 621 280 679 saeculo
289 639 349 680 non
362 623 560 702 fingebantur,
578 628 725 703 periodos
738 641 837 691 tamen
850 637 882 692 in
896 635 1054 698 eorundem

18 705 159 760 falsorum
170 705 326 761 numinum
338 705 509 784 obsequium
523 713 648 787 turpiter
660 727 827 792 agerentur.
841 717 991 799 Regnavit
1003 723 1053 780 de-

17 786 92 844 inde
106 785 199 842 Numa
215 797 282 861 post
294 787 469 865 Romulum,
493 796 544 869 qui
561 813 627 852 enm
643 798 723 854 illam
741 801 890 860 civitatem
906 808 1055 880 putaverit

17 873 139 928 deorum
150 870 282 944 profecto
295 873 434 932 falsorum
449 880 659 938 numerositate
672 884 872 958 muniendam,
887 888 919 944 in
931 890 1053 946 eandem

16 955 135 1012 turbam
145 953 251 1010 referri
267 965 399 1014 mortuus
413 961 481 1034 ‚ipse
494 979 556 1018 nan
571 966 694 1035 meruit,
721 974 861 1043 tanquam
876 969 920 1027 ita
937 980 1053 1046 putatus

14 1041 74 1109 sit,
87 1039 198 1094 eoelum
210 1039 397 1098 multitudino
410 1045 563 1102 nominum
576 1049 772 1124 constipasse,
794 1061 829 1108 ut
841 1054 940 1111 laeum
952 1055 994 1112 ibi
1005 1073 1054 1111 re·

14 1123 116 1198 perire
129 1139 189 1178 noa
202 1132 310 1196 posset.
324 1123 390 1184 Hoe
402 1137 549 1206 regnante
563 1129 685 1203 Romae,
700 1142 729 1189 et
742 1135 819 1209 apud
831 1134 982 1194 Hebraeos
995 1139 1053 1196 ini-

15 1209 59 1263 tio
74 1206 162 1284 regni
173 1203 319 1278 Manasse,
333 1227 352 1264 a
364 1228 421 1284 qua
436 1213 526 1286 impio
537 1231 608 1292 rege
614 1213 760 1291 Propheta
767 1216 871 1276 Esaias
884 1219 1054 1295 perhibetur

15 1291 144 1360 orcitus,
157 1287 286 1350 Samiam
304 1291 395 1350 fuisse
409 1291 549 1370 Sibyllam
565 1297 672 1354 ferunt.

9 1538 70 1604 Qus
75 1537 228 1609 philosophi
238 1539 397 1605 enituerint,
412 1553 546 1614 regnante
555 1547 632 1614 opud
639 1545 774 1602 Romaest
787 1548 937 1619 Tarquinio
949 1549 1055 1618 Prisco,

72 1610 149 1678 apati
155 1609 293 1664 Hebraeos
305 1610 442 1676 Sescenta,
453 1631 512 1666 eam
523 1615 695 1678 Hierusalem
705 1627 787 1686 capta
796 1629 845 1682 est,
857 1622 994 1687 temptam·

422 1686 643 1752 quesubaersum.
1008 1741 1011 1748 ,

75 1770 234 1848 Regnante
247 1789 318 1828 vero
332 1773 408 1847 apud
420 1773 573 1832 Hebraeos
587 1774 747 1850 Sedeehia,
771 1788 802 1836 et
814 1779 894 1854 apud
903 1779 1052 1836 Romanos

8 1855 176 1930 Tarquinio
188 1853 306 1928 Prisco,
330 1858 381 1932 qui
394 1869 577 1924 suooesserat
588 1861 670 1918 Anao
682 1860 805 1933 Martio,
825 1861 929 1920 ductam
944 1871 989 1919 est
1003 1881 1049 1920 ea·

8 1942 109 2015 Ιιιίιίιιι
124 1939 155 1994 in
167 1937 359 2014 Babyloniam
370 1944 494 2016 populus
506 1941 810 2016 ludaeorum,.eversa
822 1943 1009 2002 Hierusalem
1024 1958 1053 2002 et

8 2024 121 2097 :amplo
136 2022 186 2078 illo
199 2040 218 2078 e
230 2020 388 2080 Salomone
402 2034 582 2082 constructo.
614 2025 804 2101 increpantes
823 2031 902 2084 enim
916 2046 965 2084 eos
978 2025 1051 2084 Pro-

8 2110 114 2166 »hetae
129 2103 164 2160 de
178 2105 381 2181 iniquitatibus
402 2115 432 2161 ot
449 2109 648 2182 impietatibus
667 2112 747 2182 suis,
772 2109 843 2166 haee
862 2113 904 2166 eis
924 2119 1051 2166 ventura

8 2191 233 2260 oraedixerant,
259 2189 386 2244 maxime
399 2187 562 2259 insensior,¹
580 2193 631 2266 qui
645 2193 733 2248 etiam
747 2210 901 2250 numerum
915 2191 1051 2250 definivit

8 2291 164 2333 mnarum.
179 2271 224 2329 Eo
238 2282 368 2347 tempore
382 2271 513 2330 Pittacus
526 2273 737 2350 Mitylenaeus,
749 2277 825 2332 alius
840 2294 856 2332 e
870 2285 981 2352 septem
994 2273 1050 2334 Sa-

8 2355 169 2427 ›ientibus,
183 2355 273 2412 saiso
281 2353 466 2429 perhibetur.
481 2355 522 2414 Et
534 2361 664 2434 quinque
678 2367 822 2430 caeteros,
836 2361 930 2434 quint
941 2369 1052 2434 septem

8 2449 217 2510 :uramentum
239 2437 374 2512 Thaleti,
400 2458 485 2514 quem
502 2459 591 2516 supra
612 2443 917 2513 commemoravimus,
943 2452 973 2499 et
985 2442 1052 2500 huie

8 2531 122 2582 'ittaoo
137 2521 295 2593 adduntur,
311 2542 346 2578 oo
359 2532 490 2597 tempore
503 2523 595 2580 fuisso
606 2526 708 2582 scribit
717 2523 877 2598 Eusebius,
890 2543 948 2600 quo
960 2527 1051 2599 eapti-

8 2629 51 2666 ἰιι
68 2607 136 2666 Dei
149 2609 272 2682 populus
285 2609 318 2662 in
332 2605 494 2682 Babylonia
510 2608 673 2666 tenebatur.
697 2599 739 2666 Hi
752 2617 823 2670 sunt
835 2615 943 2679 autem,
958 2605 1052 2665 Solon

8 2692 219 2760 ,theniensiss
226 2689 309 2748 Chilo
323 2689 584 2762 Lacedaemonius,
597 2691 758 2749 Periander
772 2689 953 2763 Corinthius,
967 2689 1052 2748 Cleo-

8 2780 84 2834 nlus
102 2773 249 2844 Lindius,
263 2773 332 2829 Bias
346 2773 525 2846 Prienaeus,
542 2775 662 2832 vOmnes
675 2774 706 2832 hi
720 2785 832 2852 septem
845 2776 983 2851 appellati
996 2773 1052 2832 Sa·

8 2866 120 2918 lentes
143 2866 214 2933 post
233 2855 339 2914 Poitas
359 2856 513 2938 theologos
538 2860 726 2932 claruerunt,
753 2861 823 2936 quia
844 2877 955 2938 genere
973 2861 1052 2916 ritae

8 2944 132 3002 nodam
157 2939 299 2998 laudabili
321 2941 699 3016 praestabanthominibus
720 2945 861 3015 caeteris,
886 2953 917 3000 et
938 2961 1052 3002 morum

8 3029 151 3087 annulle
164 3034 319 3102 praecepta
333 3029 548 3086 sententiarum
565 3027 709 3085 brevitate
723 3028 869 3105 complexi
883 3037 961 3092 sunt.
997 3025 1051 3084 Ni-

8 3119 26 3170 l
47 3122 163 3168 antem
176 3119 450 3182 monumentorum,
464 3111 543 3186 quod
556 3110 593 3167 ad
605 3113 707 3168 literas
722 3115 844 3181 attinet,
864 3112 990 3186 posteris
1003 3129 1051 3167 re-

8 3204 171 3274 puerunt,
186 3195 244 3248 nisi
256 3193 335 3274 guad
345 3191 437 3250 Solon
451 3193 591 3268 quasdam
604 3196 685 3274 leges
692 3193 922 3252 Atheniensibu
936 3193 1052 3252 desiisse

8 3279 192 3336 erhibetur:
208 3275 315 3332 Thales
329 3293 399 3332 vero
412 3275 551 3352 physicus
565 3277 636 3348 fuit,
657 3286 687 3332 et
700 3293 821 3334 suorum
834 3273 1002 3352 dogmatum
1015 3275 1051 3328 li-

8 3382 61 3420 ·us
75 3363 219 3438 reliquit.
257 3357 303 3416 Eo
317 3359 497 3432 captivitatis
510 3357 646 3428 iudaicae
659 3368 806 3433 tempore,
828 3366 858 3412 et
870 3358 1052 3414 Anaximen-

8 3468 54 3518 τ,
73 3456 110 3502 et
125 3445 346 3514 Anaximenes,
362 3455 392 3498 et
404 3439 606 3516 Xenophanes
620 3442 735 3518 physioi
749 3444 930 3498 claruerunt.
967 3437 1053 3494 Tune

22 3527 250 3607 Pythagoras,
265 3545 303 3584 ex
317 3545 374 3602 quo
387 3537 547 3600 coeperunt
560 3527 702 3602 appellari
711 3521 883 3600 philosophi.
903 3522 906 3527 ’

373 3641 495 3701 CAP.
538 3640 690 3699 xxvi.

8 3729 76 3786 eod
86 3743 125 3780 eo
136 3735 274 3795 tempore,
294 3739 346 3795 pua
356 3723 474 3792 impletis
487 3723 665 3794 septuaginta
675 3721 755 3775 annis
766 3719 925 3774 mansuem
936 3727 1055 3792 estrees·

30 3804 118 3853 luta
128 3796 294 3866 eaptivitas,
304 3794 423 3849 Rotnani
432 3809 535 3864 qaoque
545 3811 563 3845 a
573 3793 712 3846 dominata
722 3799 785 3844 sant
795 3789 871 3860 regio
882 3789 1002 3844 liberati.

50 3888 126 3944 Per
143 3887 229 3946 idem
240 3896 355 3964 tempus
370 3883 463 3960 Cyrus
477 3899 532 3940 rex
545 3882 715 3954 Persarum,
736 3884 786 3959 qui
800 3882 888 3938 οιίιιιι
899 3876 1055 3938 'Chaldaeis
