2576 4396
231 181 293 236 alo
457 171 554 232 DIVI
574 167 762 228 AVRELII
793 167 1044 226 AVGVSTINI

230 329 361 388 Christus
380 335 474 383 autem
491 325 582 381 vitam
598 321 741 397 promittit
757 329 921 376 aeternam:
950 319 1027 388 unde
1044 319 1159 376 adeum
1173 341 1257 379 mun-

229 413 302 484 dus,
315 411 397 468 vobis
411 407 526 484 quidem
540 403 800 475 stomachantibus,
814 404 987 460 mirantibus
996 413 1099 462 tamen
1112 409 1257 480 stupenti-

226 497 337 571 busque
352 493 509 550 concurrit.
531 488 608 556 Quid
619 488 739 563 prodest
751 490 820 563 quia
829 506 939 566 negare
951 505 1012 544 non
1025 489 1146 566 potuisti
1161 490 1259 546 errare

226 578 358 635 homines
371 575 524 653 theurgica
536 561 706 646 disciplina,
720 580 750 628 et
763 589 846 645 quam
860 573 998 646 plurimes
1013 571 1115 628 fallere
1124 589 1178 646 per
1191 591 1256 629 eae-

227 682 291 719 oam
304 662 549 735 insipientemque
563 658 753 727 sententiam,
783 665 869 732 atque
889 674 955 712 esse
969 655 1163 712 certissImum
1177 675 1256 713 erro·

225 765 299 817 rein,
314 743 428 822 agendo
443 751 472 798 et
486 738 672 816 supplicando
686 740 721 796 ad
734 741 879 814 principes
897 740 1075 817 angelosque
1088 739 1256 812 decurrere,

227 839 257 886 et
275 845 393 886 rursum
412 827 494 900 quasi
512 844 549 880 nc
573 842 690 898 operam
712 822 872 898 perdidisse
893 822 1020 880 videaris
1044 823 1101 878 ista
1119 823 1256 880 discendo

228 908 393 988 [dicendo],
407 910 498 964 mittis
512 906 643 964 homines
657 907 693 963 ad
706 906 863 984 theurgos,
888 916 921 962 ut
939 926 994 982 per
1007 924 1056 962 eos
1070 908 1184 964 aniame
1198 911 1256 982 spi·
1274 939 1276 988 4

224 997 325 1052 ritales
338 1001 479 1071 purgetur
489 994 620 1064 illorum,
648 993 697 1067 qui
710 1009 769 1048 non
782 990 943 1048 seeundum
955 991 1181 1048 intellectualem
1191 993 1256 1048 ani-

224 1073 435 1135 mamviruntl

565 1145 694 1217 CAPss
729 1155 928 1216 XXVIII.

227 1258 329 1323 Quibus
335 1255 555 1326 persuasionibus
565 1254 736 1324 Porphyrius
751 1255 908 1307 obcaecatus
921 1271 974 1308 nou
984 1255 1108 1322 potuerit
1117 1267 1204 1306 seram
1214 1270 1257 1306 su·

438 1325 583 1394 pientiam,
599 1325 669 1395 quod
678 1335 718 1377 est
731 1324 869 1388 Christus,
888 1341 1042 1394 agnoscere.

289 1416 382 1475 Mittis
401 1434 473 1494 ergo
491 1413 625 1472 homines
642 1417 674 1472 in
694 1433 823 1474 errorem
845 1415 1047 1471 certissimum.
1090 1413 1191 1488 Neque
1202 1411 1256 1469 hoe

226 1511 341 1560 tantum
353 1501 460 1556 malum
472 1508 502 1555 te
515 1499 620 1574 pudet,
647 1518 712 1555 eum
724 1499 843 1557 virtutis
858 1508 888 1554 et
901 1499 1062 1572 sapientiae
1074 1507 1104 1554 te
1120 1497 1255 1572 profitea-

226 1587 268 1642 ris
282 1591 449 1640 amatorem.
473 1583 567 1648 Quam
580 1584 606 1638 si
618 1602 688 1654 pere
701 1601 734 1639 ac
748 1581 873 1638 fideliter
886 1600 1029 1653 amasses,
1043 1580 1191 1640 Christum
1201 1580 1256 1638 Dei

225 1670 364 1726 virtutem
374 1665 467 1722 etDei
475 1667 650 1741 sapientiam
662 1668 862 1744 cognovisses,
873 1685 929 1724 nce
942 1666 977 1722 ab
992 1667 1054 1722 eius
1069 1665 1255 1722 saluberrima

224 1749 389 1808 humilitate
403 1759 516 1806 tumere
530 1749 647 1807 inflatus
658 1767 751 1807 ranae
766 1751 907 1810 scientiae
919 1751 1093 1806 resiluisses.
1128 1747 1252 1806 Confite-

224 1837 267 1892 ris
290 1843 387 1890 tamen
408 1835 497 1890 etiam
519 1835 679 1908 spiritalem
696 1835 823 1892 animam
841 1835 905 1890 sine
923 1831 1081 1911 theurgicis
1100 1833 1210 1890 artibus
1228 1841 1254 1888 et

226 1919 291 1976 sine
304 1918 417 1988 teletis,
445 1917 548 1994 quibus
568 1917 678 1974 frustra
696 1915 842 1974 discendis
863 1917 1034 1989 elaborasti,
1059 1935 1148 1993 pesse
1162 1919 1253 1974 eonti-

226 2003 344 2058 nentiac
357 2003 467 2058 virtute
480 2002 610 2079 purgari.
653 2000 816 2076 Aliquando
836 2003 924 2058 ctiam
942 2001 1030 2071 dicis,
1057 2001 1133 2076 quod
1152 2003 1253 2058 teletae

225 2105 286 2142 nen
299 2094 501 2160 postmortem
514 2087 630 2142 elevant
642 2086 781 2156 animam,
797 2087 900 2142 utiam
912 2103 966 2140 nee
978 2084 1072 2140 eidem
1086 2085 1159 2159 ipsi,
1173 2103 1253 2160 quam

227 2171 387 2244 spiritalem
410 2186 514 2238 vacas,
540 2167 651 2244 aliquid
668 2178 735 2244 pest
752 2167 836 2225 huius
854 2169 933 2226 vitae
954 2167 1042 2224 finem
1059 2167 1198 2242 prodesse
1213 2171 1253 2224 ri·

227 2253 365 2308 deantur:
393 2260 423 2307 et
436 2260 534 2307 tamen
547 2250 844 2308 versashoeemultis
857 2251 952 2308 medis
966 2261 995 2308 et
1011 2253 1134 2326 repetis,
1162 2251 1198 2308 ad
1211 2254 1253 2308 ui-

225 2333 267 2390 hil
281 2333 376 2404 aliud,
391 2342 530 2408 quantum
543 2335 677 2390 existimo
684 2375 693 2404 ,
709 2337 766 2390 nisi
780 2345 814 2390 ut
826 2338 927 2392 talium
940 2353 1053 2411 quoque
1065 2354 1165 2392 rerum
1177 2338 1254 2411 quasi

225 2419 338 2493 peritus
353 2435 508 2492 appareas,
535 2427 565 2473 ct
576 2419 691 2492 placeas
705 2419 874 2476 illicitarum
885 2421 993 2476 artium
1005 2421 1146 2490 curiosis,
1160 2422 1209 2476 vel
1221 2419 1253 2476 ad
1275 2451 1276 2464 ι

226 2521 275 2558 eas
289 2500 379 2556 facias
393 2502 455 2574 ipse
468 2502 609 2558 curiosos.
633 2499 692 2561 Sed
704 2503 795 2574 bene,
809 2501 885 2578 quod
899 2501 1084 2560 metuendam
1096 2503 1169 2560 dieis
1182 2502 1254 2559 haue
1275 2527 1276 2530 ¹

127 2604 133 2625 ·
226 2594 319 2642 artem
332 2587 380 2641 vel
392 2587 490 2666 legum
502 2587 655 2662 perieulis,
683 2589 730 2644 vel
748 2587 838 2661 ipsius
857 2588 992 2644 actionis.
1035 2588 1130 2661 Atque
1143 2589 1254 2644 utinam

225 2667 282 2726 hoc
296 2670 399 2726 saltem
411 2669 461 2726 ahs
475 2678 504 2724 te
516 2671 618 2725 miseri
631 2669 766 2742 audiant,
790 2679 822 2726 et
832 2671 919 2742 iude,
939 2690 994 2728 nee
1007 2667 1067 2728 illie
1080 2671 1254 2726 absorbean-

225 2762 288 2824 tur,
316 2752 488 2824 abscedant,
515 2763 565 2810 aut
587 2773 622 2808 eo
644 2756 760 2826 penitus
784 2772 845 2810 non
867 2753 1014 2812 accedant.
1057 2753 1255 2831 Ignorantiam

227 2845 306 2892 certe
321 2843 350 2888 ct
362 2845 481 2909 propter
496 2855 559 2892 cam
573 2838 663 2892 multa
674 2839 744 2894 vitia
756 2857 807 2912 per
818 2840 911 2894 nullas
923 2839 1026 2894 teletas
1038 2839 1159 2915 purgari
1172 2837 1255 2908 dicis,

226 2919 277 2975 sed
290 2935 343 2989 per
356 2920 452 2973 solum
468 2912 614 2997 πατρικὸν
628 2918 710 2990 νοῦν,
736 2920 766 2976 id
788 2931 845 2992 est,
872 2932 1022 2994 paternam
1040 2931 1169 2978 mentem
1194 2924 1254 2978 sire

224 3002 422 3071 intellectum,
449 3004 498 3076 qui
510 3011 648 3076 paternae
663 3013 707 3060 est
718 3007 878 3062 veluntatis
893 3007 1036 3062 conscius.
1058 3003 1147 3062 Hune
1161 3015 1255 3062 autem

226 3083 373 3142 Christum
387 3102 523 3142 essenon
538 3085 647 3144 credis:
674 3090 838 3145 contemnis
852 3091 931 3145 enim
943 3107 1008 3144 eum
1019 3099 1138 3164 propter
1153 3109 1254 3164 eorpus

227 3185 264 3224 ex
283 3167 392 3223 femina
412 3179 561 3244 acceptum
578 3180 607 3228 et
623 3183 741 3246 propter
764 3173 859 3228 crucis
882 3173 1084 3246 opprobrium,
1112 3175 1255 3230 excelsam

225 3251 361 3310 videlicet
379 3253 552 3326 sapientiam
570 3257 675 3329 spretis
695 3266 781 3331 atque
801 3257 921 3312 abiectis
939 3256 1048 3314 infimis
1071 3256 1196 3314 idoneus
1221 3256 1255 3310 de

225 3335 422 3408 superioribus
437 3357 563 3412 carpere.
598 3338 636 3394 At
648 3341 698 3396 ille
711 3343 828 3414 implet,
849 3339 925 3414 qnod
937 3338 1099 3414 Prophetae
1113 3342 1208 3398 sancti
1223 3338 1255 3394 de

224 3421 275 3474 illo
289 3420 433 3474 veraciter
446 3421 667 3495 praedixerunt:
693 3421 819 3480 Perdam
834 3424 1013 3500 cupientium
1023 3425 1215 3501 cupientium,
1229 3434 1254 3482 et

218 3503 414 3580 prudentium
421 3506 614 3581 prudentium
627 3505 796 3583 reprobabo.
821 3505 888 3562 Non
902 3508 981 3563 enim
994 3525 1075 3564 susm
1087 3508 1121 3562 in
1134 3509 1177 3564 eis
1190 3527 1253 3581 per·
1275 3563 1276 3570 ,

225 3586 267 3641 dit
281 3596 309 3641 et
322 3588 472 3658 reprobat,
489 3608 573 3663 quam
585 3590 647 3663 ipse
659 3589 794 3662 donavit3
809 3589 860 3648 sed
873 3607 958 3664 quam
972 3590 1028 3646 sibi
1041 3601 1195 3669 arrogant,
1209 3592 1254 3666 qui

223 3687 285 3724 non
302 3667 411 3726 habent
429 3672 530 3744 ipsius.
573 3671 656 3728 Vnde
673 3680 894 3732 commemorato
913 3675 970 3730 isto
988 3672 1158 3748 prophetico
1172 3676 1252 3732 testi·

222 3753 337 3820 monio,
364 3755 495 3827 sequitur
514 3765 542 3810 ct
555 3755 626 3810 dicit
637 3755 806 3830 Apostolus:
836 3753 890 3812 Vds'
906 3755 1046 3838 sapiens?
1072 3757 1121 3816 uds'
1134 3755 1255 3816 scriba?

223 3834 272 3892 uhi
288 3837 470 3912 conquisitor
493 3836 579 3898 dutus
604 3839 734 3898 succedi?
761 3839 860 3902 Nonae
873 3841 996 3900 stultum
1011 3841 1095 3912 feeit
1109 3840 1195 3902 Deua
1207 3860 1252 3898 sa-
