2530 4392
144 200 199 260 DE
228 201 444 260 CIVITATE
471 203 552 261 DEl
577 204 657 262 LlB.
683 205 761 264 XX.
900 211 962 269 305
1064 287 1066 294 Ι

9 372 65 409 cmo
81 355 157 430 ignis
186 351 223 411 Io
242 357 311 433 igue
328 358 402 420 euim
418 355 541 414 Domini
561 359 742 417 iudicabitur
761 363 853 418 omnis
866 373 962 434 terra,

9 439 28 493 ic
43 436 133 512 gladio
151 440 212 495 risse
237 441 328 496 omnio
355 459 441 498 caro:
459 443 546 500 multi
569 442 721 500 vulnerati
744 455 831 502 erant
857 466 876 502 a
901 446 961 503 Do-

9 540 34 576 o.
77 518 108 576 ln
131 521 271 579 bonorum
286 525 482 598 promissione
508 522 556 601 [se
574 526 720 582 declinare
743 527 823 598 dicit,
836 525 882 608 ut]
909 529 962 586 ilu-

9 624 17 660 1
33 605 122 678 pacis,
143 600 240 682 [qnod]
257 606 388 681 profecto
407 609 612 668 abundantiam
630 612 709 684 pacis
732 612 810 668 illius
829 611 963 669 debemus

9 691 84 763 ipere,
100 706 151 763 qua
161 691 254 746 maior
266 707 331 746 esse
344 710 403 748 non
416 694 521 766 possit.
544 693 607 750 Hac
622 695 724 768 ntique
736 697 768 752 in
781 695 840 752 fine
853 697 963 776 rigabi-

9 791 25 828 ·:
39 771 72 828 de
83 790 134 848 qua
145 773 176 828 in
187 774 372 847 praecedenti
384 777 459 832 libro
472 776 655 845 abundanter
668 779 760 835 locuti
774 797 880 836 sumus.
899 779 964 837 Hoc

9 875 52 912 ren
65 875 94 912 se
109 857 139 912 in
155 873 204 912 eos
224 857 370 915 declinare
389 859 476 932 dicit,
499 862 603 937 quibus
622 870 733 917 tantam
753 862 963 930 beatitudinem

9 941 105 1012 ioetur,
126 948 157 996 ut
168 941 366 1020 intelligamus
389 944 421 999 in
434 945 513 1001 illius
527 945 675 1002 felicitatis
689 947 822 1024 regione,
843 966 917 1022 quae
931 949 963 1004 in

9 1026 31 1078 is
45 1033 96 1094 est,
105 1021 159 1080 boo
172 1022 292 1082 flumine
305 1028 403 1083 omnia
416 1030 526 1084 satiari.
561 1027 621 1086 Sed
633 1029 700 1104 quia
714 1038 744 1084 et
757 1033 883 1086 terrenis
897 1050 962 1087 ocr-

9 1108 57 1164 bus
69 1125 124 1182 pax
135 1109 359 1184 incorruptionis
373 1119 460 1186 atque
474 1113 703 1169 immortalitatis
723 1112 792 1168 inde
812 1111 896 1189 [vion]
916 1117 963 1171 in-

9 1201 23 1262 ‘:,
38 1190 100 1248 ideo
113 1192 255 1248 declinare
270 1213 301 1249 se
314 1193 386 1250 dicit
397 1193 452 1252 hoe
465 1193 584 1268 flumen,
597 1205 632 1252 ut
644 1195 679 1250 de
693 1199 826 1271 supernis
840 1198 962 1272 quodam

9 1294 24 1330 o
44 1277 127 1332 etiam
143 1273 285 1347 inferiora
301 1278 474 1352 perfundat,
484 1267 526 1336 'tt
538 1279 669 1337 homines
691 1282 826 1354 aequales
840 1281 962 1358 Angelis

9 1368 48 1415 at.
81 1357 262 1417 Hierusalem
280 1363 410 1436 qnoque,
434 1383 494 1420 non
512 1366 592 1420 illam
611 1382 686 1438 quae
705 1365 797 1420 servit
815 1382 880 1421 enan
893 1365 962 1420 liliis

9 1485 12 1510 ‚
26 1441 75 1498 sed
86 1441 204 1501 liberam
216 1454 339 1501 matrem
352 1456 480 1504 noemam
494 1449 704 1526 intelligamus,
719 1447 876 1504 secundum
886 1448 962 1523 Apo-

9 1547 53 1597 ιιιι,
66 1535 212 1584 aeternam
224 1530 256 1586 in
270 1531 369 1586 coelis.
389 1529 441 1588 'lbi
454 1541 521 1606 post
532 1532 646 1588 labores
659 1549 862 1588 aerumnarum
876 1551 961 1588 cura·

9 1629 57 1685 pne
67 1613 229 1669 mortalium
241 1615 473 1687 consolabimur,
499 1625 638 1691 tanquam
654 1615 769 1689 parvuli
782 1617 844 1672 eius
860 1617 892 1672 in
905 1614 960 1672 hu-

10 1696 214 1772 sgenibusque
228 1699 346 1772 portati.
381 1697 479 1756 Rudes
493 1701 571 1756 enim
589 1717 642 1756 nos
657 1708 687 1754 et
699 1717 790 1756 noros
804 1699 960 1757 blandissi-

9 1779 153 1836 adiutoriis
167 1783 285 1838 insolita
297 1782 382 1839 nobis
396 1784 448 1840 illa
460 1782 606 1840 beatitudo
620 1783 769 1857 suscipiet.
791 1781 836 1839 lbi
851 1783 960 1840 videbi·

23 1872 53 1918 et
64 1863 201 1942 gaudebit
214 1884 265 1922 cor
277 1875 419 1924 nostrum.
455 1867 517 1924 Nec
530 1868 675 1942 expressit
692 1865 761 1941 quid
784 1866 958 1938 ridebimus:

9 1947 75 2021 [uid,
88 1949 147 2004 nisi
159 1945 272 2005 Deumi
285 1960 319 2006 ut
330 1953 483 2027 impleatur
495 1953 527 2007 in
541 1951 624 2007 nobis
638 1951 810 2024 promissum
821 1949 959 2028 Evange-

9 2051 33 2101 ι,
55 2029 146 2088 Booti
162 2033 266 2090 mundo
285 2035 387 2104 eorde,
409 2037 545 2110 quonium
563 2035 623 2112 ipsi
639 2031 735 2090 Deum
751 2033 905 2106 videbunt5
930 2043 960 2088 et

11 2133 28 2168 a
41 2115 100 2186 ills,
115 2133 188 2190 quae
202 2133 282 2172 nunc
295 2135 355 2173 non
368 2116 515 2187 ridemus,
535 2116 686 2172 credentes
699 2124 809 2185 autem,
831 2134 884 2190 pro
897 2133 958 2170 mo·

12 2200 179 2272 capacitatis
190 2197 343 2271 humanae,
356 2201 445 2280 longe
457 2201 553 2256 suiuus
567 2217 652 2275 quam
665 2207 734 2254 sunt
745 2207 833 2274 atque
847 2200 958 2255 incom-

9 2285 95 2338 ›iliter
110 2284 282 2361 cogitamus.
315 2283 357 2340 Et
369 2285 517 2356 videditic,
531 2284 637 2359 inquit,
651 2291 681 2340 et
691 2281 834 2360 gaudebit
847 2302 897 2340 cor
909 2302 958 2341 oo·

9 2387 29 2422 z.
48 2365 107 2422 Hic
122 2366 251 2438 creditis,
265 2369 306 2424 ibi
319 2368 464 2425 videbitis.

10 2451 47 2506 ed
61 2452 202 2526 quoniam
215 2443 300 2524 disis,
313 2451 354 2509 Et
363 2452 506 2529 gaudebit
517 2471 568 2508 cor
580 2461 727 2509 vestrum:
740 2470 778 2508 ne
790 2461 958 2526 putaremus

9 2553 65 2592 ona
79 2533 269 2592 Hierusalem
280 2536 326 2592 'ad
344 2546 479 2593 nostrum
498 2533 695 2592 tantummodo
713 2537 849 2608 spiritum
868 2537 958 2608 perti·

33 2618 78 2676 Et
92 2620 304 2696 ossa,‘inquit,
317 2630 421 2678 cestra
434 2630 468 2676 ut
480 2618 572 2678 borda
586 2620 774 2677 exorientur:
797 2619 847 2674 ub'i
859 2636 958 2674 resur-

9 2723 85 2759 cnem
100 2721 258 2776 corporum
269 2704 407 2775 strinxit,
432 2705 515 2760 velut
527 2703 605 2780 qnod
617 2720 678 2760 non
692 2701 807 2758 dixerat
819 2701 958 2758 reddens:

9 2811 11 2837 ι
27 2790 111 2844 enim
126 2806 194 2844 oum
205 2787 374 2859 viderimus,
385 2787 437 2844 fiet
450 2783 549 2867 [fient]
558 2803 566 2860 3
576 2787 627 2844 sed
640 2805 705 2843 cum
718 2785 809 2842 fuerit
822 2781 958 2862 [fuerint]

19 2871 203 2928 videbimus.
225 2870 299 2929 Nam
313 2881 343 2928 ct
356 2871 392 2928 de
405 2874 487 2928 eoelo
502 2883 579 2929 novo
594 2881 720 2928 aeterra
738 2888 815 2928 nova
833 2870 891 2926 iam
909 2888 958 2926 su-

11 2965 116 3028 xerat,
128 2955 199 3013 dum
210 2975 246 3013 es
258 2975 333 3033 quae
346 2959 454 3014 sanetis
467 2959 675 3032 promittuntur
688 2956 720 3011 in
732 2954 806 3028 fine,
826 2969 912 3028 saepe
925 2971 959 3010 ac

9 3041 144 3096 brmiter
158 3041 282 3098 diceret:
295 3041 378 3114 Erit,
389 3043 496 3118 inquit,
506 3041 613 3100 coelum
623 3055 725 3098 norum
736 3049 765 3096 et
775 3049 860 3096 terra
873 3057 958 3107 nova,

9 3146 16 3180 ι
33 3136 130 3182 erunt
140 3143 282 3183 memores
289 3129 442 3204 priorum,
452 3145 505 3180 aec
515 3125 695 3182 adscendent
707 3125 738 3179 s'o
749 3141 800 3180 cor
811 3124 958 3200 s'prsorum:

9 3211 139 3266 etits'om
153 3219 184 3266 et
195 3209 421 3266 exsultationem
434 3209 584 3265 invenient
597 3209 627 3262 s'n
638 3225 682 3262 ea.
697 3203 957 3280 Ecceegofaciom
979 3219 980 3224 ¹

9 3292 112 3350 salem
128 3291 368 3360 exsultationem,
383 3299 413 3346 et
420 3289 562 3369 populum
575 3307 667 3346 meum
680 3288 830 3344 laetitiam
835 3304 847 3358 ,·
865 3294 896 3340 et
910 3303 960 3345 es·

9 3396 27 3432 o
42 3379 77 3432 in
93 3373 302 3442 Hierusalem,
322 3383 351 3430 et
364 3372 497 3430 laetabor
510 3373 541 3428 in
549 3370 660 3450 populo
672 3386 749 3440 mem·
764 3379 794 3424 et
807 3367 890 3424 oltra
903 3385 960 3422 nors
1029 3435 1033 3443 ι

9 3469 56 3516 I'ur
74 3461 109 3516 in
125 3458 184 3515 illc
195 3475 253 3516 nox
259 3457 370 3533 fletus:
384 3465 415 3512 et
427 3465 552 3526 coetera,
566 3472 640 3529 quae
653 3448 816 3529 quidamad
829 3449 961 3504 carnales
1028 3491 1038 3502 ,

9 3545 87 3598 nille
103 3560 204 3598 aranos
227 3533 344 3598 referre¹
356 3550 509 3596 conantur.
537 3537 713 3595 Locutiones
737 3534 816 3589 enim
833 3531 961 3606 tropicae

9 3628 38 3682 is
53 3624 237 3701 prophetico
254 3642 336 3681 more
354 3625 528 3680 miscentur:
554 3631 588 3678 ut
600 3621 636 3677 ad
648 3620 831 3676 intellectum
844 3617 960 3692 spirita-

9 3711 125 3766 rtentio
149 3709 247 3765 sobria
265 3727 331 3765 eum
348 3706 472 3784 quodam
488 3707 555 3764 utili
576 3723 610 3761 oc
624 3703 732 3760 salubri
744 3701 959 3780 labore-perre-

9 3795 140 3872 sigritia
154 3811 226 3849 vero
240 3793 382 3862 carnalis,
405 3793 453 3848 vel
470 3789 635 3848 ineruditae
648 3797 735 3864 atque
747 3785 959 3844 inexercitatae

9 3897 35 3934 cs
52 3877 177 3934 mentis
191 3885 329 3935 contenta
345 3877 448 3934 literae
461 3873 627 3951 superlicio,
648 3871 726 4014 ῧίὴίΙ
739 3879 823 3945 putat
837 3868 959 3926 interius
