2590 4396
233 188 289 244 140
397 189 399 194 ’
454 180 552 240 DIVI
572 169 753 237 AVRELII
778 172 1030 232 AVGVSTINI

619 327 739 390 clu.
781 325 866 384 Vll.

213 487 216 520 ἰ
244 431 288 486 Dc
298 425 423 496 electione
433 429 486 483 dici
495 445 545 500 quc
556 444 624 480 uxor
633 425 750 490 ducitur,
761 441 852 507 'quoae
861 423 891 478 ιἰι
901 439 969 494 agro
979 421 1082 492 aliquid
1085 423 1230 489 plantatur

652 504 701 549 aut
715 504 822 548 teratur.

289 591 350 648 lam
363 590 434 648 illud
446 589 508 665 quis
523 587 608 658 ferat,
620 584 696 663 quod
708 586 740 643 in
754 583 895 664 eligendis
909 582 1008 639 diebus
1021 601 1097 640 nova
1109 577 1248 656 quaedam

230 678 289 733 suis
305 675 415 732 actibus
433 673 492 728 fata
509 665 685 727 moliunturl
710 668 777 726 Non
794 677 857 725 erat
875 667 1011 725 videlicet
1027 667 1077 722 ille
1095 672 1193 732 natus,
1214 671 1248 718 ut

227 759 347 817 haberet
358 755 554 814 admirabilem
566 753 671 826 filium;
685 753 735 809 sed
748 753 789 808 ita
801 752 906 828 potius,
919 759 952 806 ut
965 748 1189 806 contemtibilem
1201 745 1248 822 gi·

229 849 346 922 gneret:
373 847 402 896 et
420 838 484 896 ideo
501 839 548 896 vir
566 838 665 895 doctus
684 837 773 914 elegit
788 835 890 892 boram
905 853 960 910 qua
972 835 1139 890 misceretur
1152 829 1249 886 uxori.

228 927 311 984 Fecit
326 942 397 1002 ergo
410 922 500 979 iatum
514 921 589 998 quod
602 940 660 978 non
672 919 805 992 habebat,
830 928 859 975 et
872 919 1011 992 exipsius
1023 918 1083 974 fato
1098 915 1192 989 coepit
1203 930 1249 968 es·-

230 1027 261 1064 se
274 1008 377 1078 fatale,
403 1005 479 1082 quod
490 1007 523 1062 in
537 1006 597 1061 cius
611 1005 765 1062 nativitate
778 1021 838 1061 non
852 1003 956 1060 lucrat.
983 1001 1008 1057 0
1024 1001 1175 1058 stultitiam
1187 998 1249 1054 sin·

230 1087 373 1171 gularem!
400 1089 528 1168 Eligitur
542 1088 603 1146 dies
616 1098 649 1146 ut
662 1088 781 1145 ducatur
793 1105 881 1144 uxor:
909 1085 994 1143 credo
1007 1092 1169 1160 propterea,
1183 1082 1250 1156 quia
1285 1119 1286 1166 p

229 1183 325 1250 potest
336 1175 368 1230 in
382 1172 458 1230 diem
471 1192 531 1230 non
544 1172 662 1245 bonum,
675 1173 733 1229 nisi
747 1173 881 1250 eligatur,
901 1170 1028 1242 incurri,
1055 1176 1084 1224 et
1094 1166 1251 1224 infeliciter
1285 1181 1286 1184 ’

230 1259 305 1316 duci.
340 1255 396 1314 Vbi
415 1265 459 1312 est
475 1275 545 1335 ergo
559 1256 634 1333 quod
647 1257 780 1314 nascenti
793 1257 851 1312 iam
863 1253 959 1310 sidera
971 1246 1178 1310 decreveruntl
1203 1249 1251 1306 An

229 1350 324 1419 potest
335 1339 432 1412 homo,
453 1341 528 1416 quod
541 1341 639 1398 eiiam
653 1341 840 1398 constitutum
853 1347 908 1410 est,
932 1336 990 1394 dici
1003 1337 1146 1394 electione
1157 1343 1249 1390 muta·
1285 1333 1286 1396 l

229 1445 273 1498 re,
288 1435 317 1482 ct
328 1425 404 1502 quod
416 1425 478 1498 ipse
490 1426 523 1480 in
536 1423 670 1502 eligendo
684 1424 731 1480 die
745 1423 940 1494 constituerit,
954 1440 1014 1480 non
1026 1421 1133 1497 poterit
1146 1419 1180 1474 ab
1193 1418 1252 1474 alia

229 1517 372 1585 potestate
392 1503 515 1562 mutarit
540 1506 655 1563 Deinde
673 1507 699 1562 si
718 1508 772 1566 soli
788 1505 934 1578 homines,
960 1523 1021 1563 non
1041 1512 1140 1588 autem
1156 1503 1252 1559 omnia

231 1611 304 1668 quae
317 1590 370 1646 sub
383 1591 463 1646 coelo
476 1597 554 1661 sunt,
569 1590 835 1646 constellationibus
854 1590 1019 1662 subiacent,
1047 1607 1098 1646 eur
1111 1589 1182 1644 alios
1197 1588 1250 1642 eli«

230 1683 304 1754 gunt
317 1673 379 1729 dies
392 1672 619 1730 accommodatos
630 1673 771 1748 ponendis
784 1673 901 1745 vitibus,
915 1675 963 1730 vel
973 1671 1132 1744 arboribus,
1145 1672 1191 1727 vel
1203 1689 1250 1726 se·

231 1757 359 1836 getibus3
374 1758 445 1813 alios
459 1755 520 1812 dies
532 1758 695 1832 pecoribus,
707 1760 756 1813 vel
766 1755 925 1828 domandis,
939 1759 986 1814 vel
995 1753 1178 1814 adndttendis
1188 1773 1251 1810 ma-

229 1842 319 1913 ribus,
333 1839 435 1916 quibus
449 1858 586 1916 equarum
598 1842 645 1899 vel
658 1841 764 1900 bonum
777 1841 925 1898 faetantur
937 1850 1077 1913 armenta,
1096 1848 1126 1896 et
1138 1847 1253 1896 caetera

229 1920 409 1980 huiusmodi?
435 1921 469 1981 Si
487 1932 583 1980 autem
600 1933 753 2000 propterea
771 1926 869 1983 valent
886 1923 922 1981 ad
940 1923 991 1981 has
1008 1943 1056 1981 res
1077 1924 1136 1981 dies
1155 1925 1251 1994 electi,

231 2009 298 2086 qrria
313 2008 439 2064 terrenis
457 2009 588 2064 omnibus
601 2027 650 2066 cor
663 2009 790 2084 poribus,
808 2011 870 2065 sive
890 2009 1094 2080 animantibus,
1118 2008 1177 2064 sive
1190 2025 1251 2064 non

230 2092 437 2163 comantibus,
452 2092 610 2150 secundum
623 2093 805 2150 diversitates
818 2089 1019 2168 temporalium
1031 2100 1251 2162 momentorum,

231 2175 357 2232 siderum
381 2176 487 2250 positio
512 2175 690 2250 dominatur3
716 2176 900 2234 considerent
924 2194 1009 2252 quam
1032 2173 1254 2234 innumerabilia

231 2259 283 2320 sub
296 2277 354 2315 uno
367 2259 504 2334 temporis
521 2269 629 2334 puncto
646 2262 694 2317 vel
712 2269 883 2333 nascantur,
909 2261 957 2318 vel
974 2261 1115 2331 oriantur,
1140 2259 1188 2316 vel
1205 2259 1253 2315 in·
1285 2289 1286 2344 t

230 2340 380 2414 choentur,
394 2350 494 2400 ettam
507 2342 637 2400 diversos
651 2346 745 2400 exitiis
758 2342 893 2417 babeant,
909 2353 942 2401 ut
953 2345 1023 2401 istas
1037 2343 1254 2401 observationes
1285 2365 1286 2440 p

231 2427 323 2484 cuivis
335 2445 426 2503 puero
439 2423 574 2484 ridendas
589 2445 651 2483 esse
664 2427 864 2504 persuadeant.
895 2429 965 2496 Quis
979 2429 1056 2484 enim
1069 2435 1113 2482 est
1126 2434 1186 2482 tom
1199 2445 1254 2482 ex·
1285 2453 1286 2484 ι

230 2529 306 2584 cors,
319 2519 353 2566 ut
362 2511 466 2568 audeat
479 2508 587 2583 dicere,
601 2529 701 2570 omnes
712 2511 840 2584 arbores,
855 2531 954 2570 omnes
963 2511 1075 2581 herbas,
1089 2527 1189 2566 omnes
1201 2509 1255 2566 be·
1285 2497 1286 2546 ἶ

230 2597 312 2667 stias,
327 2603 486 2670 serpentes,
512 2612 592 2668 aves,
617 2597 721 2671 pisces,
747 2598 931 2668 verusiculos,
956 2602 1099 2652 momenta
1112 2595 1257 2652 nascendi

230 2680 401 2756 singillatim
418 2676 525 2734 babere
542 2675 675 2735 diversa?
702 2678 806 2736 Solent
823 2689 920 2736 tamen
938 2678 1068 2736 homines
1086 2675 1123 2733 ad
1135 2685 1254 2734 tentan-

230 2763 295 2818 dam
307 2763 441 2837 peritiam
453 2760 718 2818 mathematicorum
731 2759 834 2819 afferre
847 2763 883 2820 ad
890 2781 938 2820 eo
945 2763 1181 2820 constellationes
1189 2781 1254 2818 mu-

230 2855 327 2901 torum
344 2845 528 2915 aninralium,
555 2862 677 2920 quorum
694 2853 774 2902 ortus
792 2855 909 2922 propter
926 2845 1000 2902 banc
1021 2846 1255 2920 explorationem

230 2928 307 2984 domi
320 2945 388 2982 suas
407 2926 565 3004 diligenter
582 2927 753 3002 observant,
781 2949 885 3006 eosque
903 2923 1119 2986 mathematicos
1137 2930 1253 3004 praeie-

229 3017 301 3066 runt
314 3009 452 3081 caeteris,
479 3011 529 3086 qui
542 3013 810 3071 constellationibus
823 3014 960 3088 inspectis
973 3011 1090 3085 dicunt,
1115 3033 1176 3070 non
1189 3033 1254 3070 esse

229 3092 376 3149 hominem
389 3101 504 3166 natum,
531 3094 581 3150 scd
592 3114 688 3171 pecus.
719 3097 834 3154 Andent
848 3099 934 3154 etiam
947 3095 1042 3154 dicere
1055 3099 1138 3172 quale
1151 3116 1254 3172 pecus,

229 3184 326 3232 utrum
339 3186 434 3250 aptum
446 3179 559 3252 lanitio,
573 3198 611 3236 an
624 3182 793 3252 vectationi,
813 3199 851 3237 an
864 3190 971 3254 aratro,
989 3199 1027 3238 an
1040 3181 1188 3238 custodiae
1201 3182 1253 3239 do-

230 3277 302 3316 mus.
315 3259 390 3316 Nam
403 3270 432 3317 ct
445 3261 481 3318 ad
495 3265 600 3321 canina
611 3265 670 3322 fata
683 3273 843 3336 tentantur,
858 3273 886 3320 et
899 3285 962 3321 oum
977 3266 1092 3343 magnis
1105 3263 1254 3323 admiran-

228 3345 302 3401 tium
325 3345 495 3402 clamoribus
518 3349 574 3406 ista
595 3349 781 3424 respondent.
808 3346 859 3405 Sic
883 3349 1027 3424 desipiunt
1048 3347 1195 3421 homines,
1221 3360 1256 3405 ut

230 3429 407 3500 existiment,
434 3448 499 3486 cum
512 3429 596 3489 bomo
610 3433 749 3500 nascitur,
774 3441 903 3489 caeteros
915 3451 1013 3490 rerum
1026 3441 1105 3489 ortus
1118 3433 1161 3488 ita
1174 3431 1253 3490 inhi-

229 3513 301 3585 beri,
326 3521 359 3568 ut
380 3531 445 3568 curn
465 3515 515 3570 illo
539 3517 590 3572 sub
612 3515 710 3571 eadem
728 3516 802 3572 coeli
819 3517 906 3594 plaga
924 3536 979 3574 nec
993 3534 1091 3572 musca
1105 3527 1253 3574 nascatur.
1285 3527 1286 3562 ἐ

229 3595 305 3652 Nam
317 3598 343 3651 si
355 3595 429 3652 hanc
443 3595 621 3670 admiserint,
640 3597 771 3672 procedit
783 3598 995 3672 riatiocinatio,
1021 3618 1094 3676 quae
1108 3599 1255 3678 gradatim
1285 3569 1286 3644 i

229 3680 391 3735 accessibus
405 3679 524 3734 modicis
538 3699 587 3736 eos
601 3699 618 3737 a
630 3683 735 3736 muscis
749 3682 785 3738 ad
802 3686 925 3741 camelos
943 3681 1168 3759 elephantosque
1185 3701 1254 3758 per·
1285 3675 1286 3702 ³

230 3762 324 3816 ducat.
353 3761 414 3818 Nec
427 3761 498 3816 illud
510 3766 611 3820 volunt
623 3761 783 3836 advertere,
810 3767 886 3841 quod
900 3769 991 3824 electo
1004 3765 1040 3822 ad
1053 3766 1255 3826 seminandum

231 3861 333 3920 agrum
347 3845 403 3916 dic,
433 3853 491 3901 tam
509 3848 597 3902 multa
614 3865 706 3924 grana
724 3849 755 3905 in
774 3857 879 3908 terram
901 3853 989 3910 simul
1005 3851 1143 3923 veniunt,
1168 3852 1255 3908 simul
