2538 4392
246 211 305 270 DE
330 209 543 270 CIVITATE
565 209 642 268 DEI
663 212 745 268 LIB.
767 211 883 270 XVII..
1019 216 1076 272 15²

30 369 119 436 Quis
134 380 197 425 non
211 363 259 420 hie
270 359 432 433 Christum,
452 381 537 440 quem
548 362 761 438 praedicamus,
788 371 818 420 et
830 365 863 422 iu
876 383 961 440 quem
981 366 1077 424 eredi-

27 468 122 520 mus,
139 446 304 521 quamlibet
314 447 354 501 sit
366 447 484 518 tardus,
498 443 656 524 agnoscatl
683 464 747 502 oum
760 445 861 503 audiet
873 445 979 518 Deum,
994 451 1076 505 euius

27 532 125 590 aedes
141 538 188 586 est
199 531 230 585 in
245 530 361 588 saecula
375 532 572 602 saeculorum
593 538 623 585 et
635 537 754 587 uuetum
767 548 785 586 a
797 528 872 601 Deo,
886 532 987 604 utique
1000 533 1077 588 siout

25 615 152 692 unguit
164 610 260 684 Deus,
274 630 334 669 non
346 614 467 684 visibili,
482 612 533 668 sed
546 613 672 686 spiritali
685 621 773 687 atque
785 611 967 688 intelligibili
987 610 1078 668 olitis-

25 708 128 758 mate.
151 696 227 762 Quia
241 697 390 754 onimium
404 696 485 754 rudis
500 707 545 752 est
563 691 819 772 iubae-religione,
837 696 884 751 vel
899 705 957 750 tam
975 693 1078 751 surdus

26 784 185 842 adversus
211 780 273 838 eius
297 779 403 836 lamam
429 782 516 858 leuge
536 781 653 854 lateque
671 776 820 850 diffusam,
849 787 884 834 ut
895 775 1041 834 Christum
1060 795 1079 834 e

27 867 218 933 chrismate,
232 860 287 920 lsoe
301 871 360 931 est,
386 863 422 918 ab
434 865 574 920 unctione
592 861 767 936 appellatum
789 879 853 918 esse
874 878 933 918 nou
945 857 1078 918 noverit‘l

27 949 163 1027 Agnito
177 954 272 1002 autem
286 963 357 1022 rege
373 943 504 1018 Christo,
527 947 585 1002 iam
598 954 714 1002 eaetera
726 961 799 1020 quae
813 943 860 1000 hie
872 946 986 1018 tropice
1001 941 1078 1000 dieta

26 1040 122 1104 sunt,
137 1028 281 1105 quomodo
295 1030 335 1084 sit
348 1030 493 1102 speciosus
506 1027 601 1088 fornia
613 1042 684 1101 pree
695 1027 764 1086 filiis
777 1025 940 1098 hominum,
955 1025 1079 1102 quadem

24 1125 126 1176 tanto
139 1113 236 1190 magis
251 1109 374 1168 amanda
388 1121 475 1188 atque
486 1111 743 1186 mireuda‚quunto
754 1111 852 1168 miuus
863 1127 1002 1184 corporee
1014 1110 1079 1184 pul·

27 1195 228 1268 chritudiue3
255 1191 322 1270 quia
334 1193 449 1271 gladius
463 1197 537 1266 eius,
555 1213 627 1270 quae
642 1195 762 1272 sagitta,
776 1203 807 1250 et
820 1201 935 1250 eaetera
948 1195 1006 1248 isto
1016 1210 1079 1250 mu-

26 1285 69 1342 do
87 1297 158 1338 non
170 1279 303 1353 proprie,
323 1277 375 1334 sed
388 1279 497 1352 tropice
510 1279 604 1350 positu
612 1315 621 1346 ,
638 1278 697 1335 iam
711 1275 843 1332 subditus
860 1277 888 1330 ei
900 1277 950 1350 qui
962 1283 1079 1350 regnat,

23 1371 168 1444 propter
184 1363 338 1418 veritatem
360 1369 390 1416 et
404 1359 655 1418 mansuetudinem
675 1368 705 1414 el
721 1359 878 1429 iustitiam,
904 1359 1034 1432 inquiret
1042 1372 1079 1412 ex

24 1453 119 1508 otio.

103 1528 226 1588 Deinde
241 1529 390 1602 adspiciat
412 1531 474 1586 eius
487 1525 666 1600 Ecclesiam,
694 1533 776 1583 tanto
793 1527 858 1581 viro
880 1541 933 1581 suo
953 1523 1079 1596 spiritali

22 1614 192 1676 connubio
206 1620 235 1667 et
248 1610 347 1667 divino
361 1629 458 1667 amore
477 1613 676 1668 coniunctam:
702 1609 737 1666 de
764 1625 820 1684 qua
843 1607 950 1664 dieitur
976 1607 1008 1660 in
1033 1603 1080 1660 liis
1142 1637 1144 1646 x

20 1718 116 1779 quae
132 1702 312 1770 sequuntur:
353 1691 485 1752 Aderita't
496 1696 604 1772 regiae
618 1713 637 1750 e
652 1693 768 1752 deutris
782 1692 841 1748 soie
857 1693 888 1747 ιἰι
900 1689 1012 1746 vestito
1030 1687 1081 1746 de-

21 1791 165 1844 aurato,
173 1777 398 1834 circumamicto
411 1778 569 1836 verietate.
610 1773 779 1848 Audifilie‚
793 1781 823 1832 el
835 1775 910 1838 vide,
926 1778 956 1828 et
967 1769 1080 1827 incline

18 1881 147 1926 aierem
166 1868 261 1929 teum,
288 1867 318 1916 et
343 1858 515 1918 olliviscere
521 1857 662 1938 populum
681 1866 776 1928 tuum,
803 1865 834 1914 et
852 1858 963 1914 domum
975 1854 1080 1930 patrio

19 1953 88 2010 tui.
143 1942 293 2012 Quoniam
307 1943 474 2026 epeeupivit
485 1961 541 1999 ree·
551 1944 677 2020 speeiem
691 1951 787 2009 tuom,
801 1941 871 2016 puio
884 1940 946 2016 ipse
960 1942 1006 1992 est
1018 1932 1080 1992 Do·

16 2025 236 2092 minuatione
252 2032 326 2081 leue.
367 2021 408 2081 Et
420 2026 587 2084 odorabunt
602 2041 666 2082 euos
671 2022 761 2094 filiae
769 2019 842 2094 Tyri
855 2022 886 2076 io
897 2017 1080 2074 muneribus:

12 2117 157 2177 vultum
174 2117 254 2166 tuum
268 2106 505 2185 deprecabuntur
517 2109 624 2166 divites
638 2105 739 2164 olebis.
785 2099 887 2158 Omnis
901 2099 1000 2176 glorie
1018 2099 1080 2153 eius
1168 2105 1173 2114 '

7 2201 127 2277 filiae
138 2193 225 2272 regia
238 2192 428 2260 intrinsecus,
440 2191 471 2245 ιἰι
477 2189 610 2258 fimbriis
622 2189 734 2256 eureio,
745 2182 969 2242 circumamicto
981 2179 1082 2234 eurie-

12 2291 113 2341 tate.
162 2271 341 2350 Affereotur
353 2273 728 2350 regioirgineapoateom,
744 2267 903 2345 proximae
921 2261 983 2318 eius
1005 2261 1081 2336 effe-

11 2371 153 2427 rentur
171 2357 233 2414 libi.
274 2352 452 2432 Affereetua·
464 2356 495 2410 in
501 2354 659 2410 loetitieei
670 2349 882 2411 exsultatione:
896 2344 1081 2404 adducemur

9 2454 58 2510 572
75 2438 229 2521 templum
242 2439 333 2515 regis.
375 2435 434 2493 Pro
439 2437 582 2514 patribus
596 2437 656 2490 tuis
667 2435 735 2490 ooli
754 2438 823 2490 suet
846 2429 901 2486 tibi
912 2425 991 2498 filii:
1014 2443 1083 2482 oon·

9 2534 152 2590 stituoa
166 2521 374 2600 eooprieoapeo
387 2535 475 2598 super
488 2535 596 2576 omnem
609 2524 730 2573 terram.
772 2509 915 2568 Mensores
929 2517 1016 2564 erunt
1032 2507 1083 2562 eoss

8 2613 130 2672 minio
147 2606 210 2670 tui,
228 2605 259 2660 ιἰι
273 2605 351 2659 omni
361 2603 555 2680 generatione
568 2611 599 2656 et
602 2599 758 2676 progenie.
801 2593 967 2671 Propterea
979 2587 1085 2667 populi

8 2689 269 2767 confitebuntur
284 2685 339 2742 tibi
351 2688 384 2742 ιἰι
395 2693 564 2752 oeternum,
591 2690 621 2740 et
638 2684 669 2738 ιἰι
685 2676 835 2738 saecolum
852 2670 974 2732 saecoli.
1016 2667 1085 2728 Nou

6 2782 170 2858 opinor,
199 2787 369 2844 quemquam
387 2770 431 2824 ita
449 2767 595 2840 desipere,
622 2773 656 2820 ut
674 2759 723 2818 hie
739 2761 865 2835 aliquem
882 2755 1086 2814 mulierculam

15 2894 23 2921 ι
38 2852 340 2924 medicationem,
355 2861 442 2928 atque
455 2850 594 2907 describi:
613 2847 767 2922 coniugem
778 2842 917 2900 videlieet
928 2839 1023 2909 illius,
1038 2837 1086 2894 oui

5 2945 235 3008 dictumest,
262 2934 352 2994 Sedes
362 2943 414 2992 lue
427 2933 509 2992 Deua
524 2931 689 2991 insaecula
707 2927 909 2986 soeculorum:
933 2923 1023 3000 virgo
1041 2919 1086 2978 di-

0 3067 10 3082 (
34 3023 207 3093 actionis,
221 3020 310 3097 virga
323 3021 412 3094 regni
424 3021 477 3076 lui.
501 3016 649 3075 Dileeioti
662 3014 820 3080 iustitiam,
835 3017 865 3066 et
878 3007 943 3065 odio
957 3002 1089 3062 habuisti

7 3109 257 3189 ‘niquitatem
265 3110 430 3179 propterea
443 3103 531 3158 uouit
545 3111 575 3157 te
588 3099 688 3166 Deus,
701 3094 783 3154 Deus
798 3103 865 3150 tues
879 3089 939 3148 oleo
955 3085 1089 3147 exsulie-

0 3229 3 3238 ν
24 3193 136 3256 ionia
139 3205 226 3268 prae
229 3185 432 3262 participibus
447 3187 520 3240 loia:
547 3181 694 3240 Christum
707 3181 808 3252 usique
820 3193 888 3249 prae
904 3167 1088 3228 Christiania.

63 3279 79 3334 i
96 3279 179 3331 sunt
190 3269 266 3324 euim
281 3269 436 3341 participes
452 3269 531 3335 eius,
559 3283 595 3320 ex
613 3280 734 3339 quorum
754 3262 786 3314 in
802 3257 934 3314 omnibus
952 3249 1089 3328 gentibus

34 3363 164 3422 nitate
179 3362 267 3426 atque
281 3349 435 3408 concordia
448 3348 483 3416 fit
492 3352 549 3404 iste
560 3348 677 3424 regine:
704 3345 780 3400 sieut
799 3341 831 3396 iu
847 3339 905 3394 alio
917 3333 1032 3390 Psalmo
1052 3327 1092 3388 de

1 3450 89 3511 fla
108 3439 244 3496 dieitur:
301 3431 415 3492 Civitas
429 3431 522 3510 Regia
534 3431 644 3508 magni.
686 3423 752 3502 Ipsa
766 3413 1091 3490 estsionapiritaliterz

0 3566 4 3593 ,
25 3525 125 3590 uod
136 3536 255 3580 nomen
273 3516 379 3574 Latine
400 3518 622 3588 interpretatum
642 3507 801 3584 speculatio
820 3512 874 3559 est.
917 3495 1091 3572 Speculatus

0 3597 4 3609 ’
14 3616 128 3681 nim
146 3602 243 3661 futuri
267 3600 376 3658 saeouli
400 3615 538 3674 magnum
564 3595 684 3656 bonum:
711 3591 847 3666 quoniam
864 3584 934 3640 illue
952 3578 1091 3653 dirigitur

15 3710 107 3764 11¹⁸
125 3685 270 3748 intentio.
313 3681 377 3757 lpse
391 3690 435 3736 est
449 3689 477 3736 et
491 3677 678 3734 Hierusalem
692 3673 793 3731 eodem
806 3665 891 3726 modo
910 3660 1094 3738 spiritaliter,

25 3778 130 3845 nde
145 3769 243 3828 multa
255 3770 314 3823 iam
329 3765 463 3822 diximus.
507 3759 578 3818 Eius
596 3761 717 3816 inimica
731 3765 776 3812 est
789 3751 898 3811 Cloitus
918 3744 1025 3802 diaboli
1037 3741 1093 3799 Ba-

1 3891 57 3956 *y
70 3869 160 3927 1011,
190 3870 264 3928 quae
278 3847 410 3906 confusio
430 3849 649 3920 interpretatur.
692 3839 739 3896 Ex
753 3855 809 3913 qua
821 3844 918 3892 tamen
932 3828 1093 3904 Babylone,
