2602 4416
190 209 208 258 4
418 202 516 260 DlVI
540 201 727 261 AVRELll
751 201 1004 261 atavorum

564 351 586 410 C
613 351 635 406 Α
660 350 684 407 P
709 349 734 406 V
760 350 797 408 T*
829 354 851 410 l.
929 417 931 419 ,

191 463 233 516 De
254 465 421 518 adversariis
432 465 544 519 notuistis
557 460 668 524 Christi,
686 463 793 530 quibus,
811 465 840 518 in
850 466 1002 518 vastatione
1029 466 1107 520 Vrbis
1114 479 1236 536 propter

484 531 619 583 Christum
638 530 761 584 Barbari
781 545 969 602 pepercerunt.

246 657 296 716 Ex
308 657 363 715 hac
377 675 503 732 namque
516 655 649 710 existunt
662 655 785 728 inimici,
800 656 941 714 adversus
956 675 1029 732 quos
1045 657 1238 716 defendenda

194 741 305 799 estDei
317 739 440 811 Civitas,
456 745 684 813 quorumtamen
697 741 792 812 multi,
808 749 941 796 correcto
949 741 1107 814 impietatis
1115 760 1237 815 errore,

195 828 274 882 cives
282 826 313 878 in
321 819 635 878 eafiuntsatisidonei:
647 822 809 878 multivero
819 824 851 878 in
862 825 1021 880 eamtantis
1030 823 1238 883 exardescunt

193 906 313 984 ignibus
330 903 465 960 odiorum
477 902 595 979 tans'que
607 905 773 962 manifestis
784 905 935 962 beneficiis
950 905 1233 982 Redemptoriseius

193 989 306 1067 ingrati
318 995 400 1058 sunt,
418 995 452 1043 ut
464 984 551 1042 hodie
566 995 671 1043 contra
687 1005 750 1044 eam
767 989 885 1067 linguas
899 1008 961 1046 non
973 1000 1145 1062 moverent,
1169 993 1237 1048 nisi

194 1073 306 1128 ferrum
324 1068 431 1126 hostile
445 1069 611 1146 fugientes,
632 1071 663 1128 in
680 1073 803 1128 sacratis
823 1074 886 1129 eius
900 1075 973 1130 loeis
989 1075 1095 1146 vitam,
1120 1072 1157 1130 de
1171 1093 1237 1149 qua

195 1154 390 1228 superbiunt,
417 1153 597 1209 invenirent.
641 1155 687 1210 An
711 1173 772 1211 non
791 1157 881 1212 etiarn
900 1156 945 1212 illi
965 1155 1091 1214 Romani
1118 1155 1236 1214 Christi

196 1238 310 1294 nomini
322 1235 425 1292 infesti
438 1243 525 1306 sunt,
555 1238 661 1312 quibus
676 1247 797 1312 propter
823 1237 974 1297 Christum
987 1239 1109 1296 Barbari
1122 1257 1233 1314 peper-

196 1317 319 1378 ceruntl
341 1318 572 1376 Testanturhoc
586 1320 750 1397 Martyrum
776 1323 842 1378 loca
865 1333 895 1378 et
919 1323 1058 1380 basilicae
1071 1324 1235 1397 Apostolo-

196 1422 272 1474 rum,
287 1422 362 1478 quae
376 1405 408 1458 in
421 1405 472 1458 illa
485 1404 747 1462 vastationeVrbis
761 1404 836 1462 adse
850 1407 1058 1486 confugientes
1074 1425 1144 1462 suos
1157 1407 1234 1462 alie-

196 1504 310 1561 nosque
328 1481 514 1559 receperunt.
558 1485 734 1562 Hucusque
753 1498 894 1545 cruentus
909 1491 1059 1548 saeviebat
1074 1490 1235 1561 inimicus3

196 1569 242 1626 ihi
249 1568 413 1644 accipiebat
423 1570 547 1637 limitent
559 1569 750 1626 trucidatoris
764 1571 863 1642 furor3
876 1573 927 1627 illo
945 1569 1127 1626 ducebantur
1143 1588 1161 1623 a
1174 1574 1234 1624 mi-

197 1654 365 1710 serantibus
379 1651 524 1724 hostibus,
542 1652 648 1728 quihus
665 1653 754 1708 etiam
768 1661 852 1707 extra
866 1653 930 1725 ipsa
942 1653 1007 1707 loca
1020 1660 1234 1724 pepercerant;

196 1755 235 1791 ne
249 1737 282 1791 in
298 1755 348 1792 eos
367 1739 572 1806 incurrerent,
600 1737 651 1809 qui
668 1737 794 1791 similem
810 1734 1042 1790 misericordiam
1059 1751 1120 1789 non
1138 1731 1231 1789 habe-

195 1818 276 1874 bant.
322 1821 382 1886 Qui
401 1828 500 1874 tamen
524 1820 613 1874 etiam
630 1819 688 1891 ipsi
706 1819 776 1874 alibi
800 1827 900 1874 truces
918 1826 1007 1893 atque
1027 1815 1130 1872 hostili
1146 1835 1233 1873 nrore

198 1904 382 1974 saevientes,
410 1910 601 1977 posteaquam
614 1900 651 1955 ad
664 1903 730 1958 loca
742 1903 793 1957 illa
805 1900 980 1972 veniebant,
1007 1900 1058 1957 uhi
1070 1899 1170 1956 fuerat
1182 1902 1232 1957 in·
1273 1901 1276 1906 '

197 1985 374 2058 terdictum,
401 1983 480 2062 quod
493 1985 563 2040 alibi
576 1986 642 2040 iure
653 1985 723 2041 belli
741 1985 892 2054 licuisset,
918 1992 981 2040 tota
995 1981 1121 2040 feriendi
1134 1983 1233 2040 refre-

198 2069 325 2128 nabatur
338 2069 517 2139 immanitas,
548 2076 578 2124 et
591 2066 759 2141 captivandi
778 2064 923 2140 cupiditas
936 2067 1138 2145 frangebatur.
1178 2065 1232 2124 Sic

199 2160 359 2210 evaserunt
375 2152 477 2222 multi,
506 2151 557 2224 qui
570 2169 651 2207 nuno
670 2149 845 2208 Christianis
866 2151 1046 2224 temporibus
1061 2148 1231 2220 detrahunt,

199 2243 229 2291 et
257 2238 334 2292 rnale
361 2253 437 2309 quae
460 2235 511 2288 illa
533 2235 637 2294 civitas
662 2236 801 2307 pertulit,
834 2231 950 2289 Christo
964 2235 1126 2307 imputant3·
1153 2234 1232 2290 bona

198 2337 270 2374 vero
294 2319 412 2395 quaein
427 2335 495 2387 eos,
522 2325 556 2373 ut
569 2319 724 2389 virerent,
737 2326 859 2391 propter
873 2315 983 2373 Christi
995 2315 1138 2373 honorem
1152 2316 1231 2372 facta

200 2411 282 2473 sunt,
296 2420 357 2458 non
372 2402 520 2473 imputant
533 2397 650 2456 Christo
665 2410 787 2474 nostr03
811 2399 866 2458 sed
881 2400 943 2456 fato
957 2418 1028 2456 suo:
1052 2419 1119 2458 cum
1131 2399 1230 2474 potius

202 2482 360 2556 deberent,
388 2485 414 2538 si
428 2480 499 2558 quid
510 2485 586 2539 recti
599 2494 749 2557 saperent,
776 2485 827 2540 illa
841 2501 916 2558 quae
928 2483 964 2539 ab
977 2481 1112 2540 hostibus
1126 2499 1230 2556 aspera

200 2576 230 2622 et
243 2565 316 2623 dure
329 2568 464 2641 perpessi
476 2575 559 2638 sunt,
584 2569 629 2623 illi
642 2567 760 2625 divinae
772 2564 977 2641 providentiae
989 2567 1134 2638 tribuere,
1154 2583 1228 2641 quae

200 2652 277 2706 solet
290 2661 447 2724 corruptos
465 2648 620 2706 hominum
638 2668 736 2717 mores
755 2650 840 2706 bellis
855 2649 1011 2707 emendare
1023 2658 1112 2724 atque
1127 2657 1229 2705 conte-

200 2747 282 2803 rere,
301 2734 431 2807 itemque
445 2734 537 2788 vitam
554 2734 724 2788 mortalium
742 2733 851 2789 iustam
870 2741 959 2807 atque
971 2732 1147 2788 laudabilem
1163 2732 1230 2787 tali-

201 2816 256 2870 bus
271 2812 480 2871 afflictionibus
495 2831 651 2884 exercere,
670 2815 881 2890 probatamque
893 2818 942 2873 rel
954 2817 985 2871 in
998 2816 1120 2871 meliora
1133 2823 1230 2870 trasm-

200 2897 297 2969 lerre,
325 2900 374 2954 vel
386 2899 418 2953 in
431 2894 477 2952 his
491 2894 587 2952 adhuc
601 2899 689 2952 terris
699 2907 820 2971 propter
833 2917 906 2954 usus
920 2900 994 2954 alios
1020 2895 1172 2969 detinere,
1193 2897 1230 2951 il·

200 2979 252 3036 lud
268 2998 340 3037 vero
356 2981 434 3056 quod
448 2981 490 3036 eis
504 2981 552 3038 vol
566 2980 750 3054 ubicunque,
774 2973 895 3055 propter
909 2979 1019 3038 Christi
1032 2999 1160 3051 nornen,
1184 2982 1230 3036 vel

201 3064 234 3118 in
251 3064 326 3120 locis
341 3062 452 3121 Christi
471 3063 585 3122 nomini
604 3061 829 3124 dedicatissimis
848 3073 879 3120 et
899 3065 1100 3138 amplissimis,
1127 3081 1161 3120 ac
1179 3079 1230 3136 pro

201 3147 332 3225 largiore
345 3147 549 3204 misericordia
562 3145 599 3201 ad
605 3146 797 3220 capacitatem
807 3147 1007 3205 multitudinis
1022 3148 1135 3219 electis,
1148 3164 1230 3220 prae-

201 3240 248 3285 ter
261 3231 406 3288 bellorum
419 3249 532 3288 morem
546 3231 709 3287 truculenti
721 3229 845 3287 Barbari
864 3239 1083 3304 pepercerunt,
1109 3229 1165 3285 hoc
1178 3231 1230 3285 tri-
1254 3297 1267 3306 -

201 3313 293 3370 huere
307 3315 488 3388 temporibus
503 3314 696 3386 Christianis,
714 3312 784 3370 hinc
797 3312 862 3371 Deo
877 3315 989 3391 gratias
1002 3329 1104 3391 agere,
1115 3313 1183 3368 hine
1196 3311 1231 3367 ad

203 3399 267 3452 cius
280 3415 390 3453 nomen
405 3400 553 3455 veraciter
568 3416 699 3469 currere,
714 3407 748 3454 ut
761 3395 906 3474 effugiant
917 3413 1029 3470 poenas
1042 3397 1122 3474 ignis
1138 3404 1229 3452 aeter-

201 3480 250 3551 ni,
276 3479 355 3555 quod
371 3499 478 3537 nomen
496 3483 581 3538 multi
603 3499 705 3536 eorum
724 3480 905 3537 mendaciter
919 3489 1117 3552 usurparunt,
1145 3486 1178 3534 ut
1190 3478 1230 3533 ei-

203 3558 471 3641 iugercntpoenas
485 3565 650 3638 praesentis
667 3565 760 3618 exitii.
795 3562 871 3618 Nam
884 3580 957 3636 quos
972 3561 1055 3619 vides
1069 3564 1231 3635 petulanter

203 3655 232 3701 et
247 3648 412 3719 procaciter
429 3649 572 3704 insultare
586 3649 680 3702 servis
695 3644 816 3716 Christi,
840 3647 954 3702 suntin
974 3647 1017 3700 eis
1037 3646 1159 3718 plurimi
1184 3646 1231 3718 qui

202 3729 286 3786 illum
304 3730 459 3786 interitum
472 3730 642 3805 clademque
656 3747 715 3784 non
735 3729 917 3800 evasissent,
932 3729 991 3784 uisi
1005 3745 1108 3784 servos
1128 3725 1230 3784 Christi

202 3829 234 3866 se
248 3832 312 3871 esso
323 3813 489 3870 finxissent.
516 3814 555 3871 Et
570 3831 649 3869 nunc
664 3814 781 3888 ingrata
793 3811 931 3882 superbia
949 3820 1038 3887 atque
1062 3811 1232 3883 impiissime
