2590 4396
193 183 251 240 lbi)
419 176 517 236 DlVl
538 173 729 234 AVRELll
749 171 1006 232 AVGVSTlNl

190 331 306 390 suendis
319 339 351 387 et
361 329 506 408 augendis
519 327 648 396 divitiis,
664 335 697 382 et
708 343 761 400 per
773 325 838 382 illas
853 327 981 384 moribus
995 329 1231 404 corrumpendis,

190 415 330 491 rapiendo
343 415 459 470 miseris
473 413 595 482 civibus,
609 409 762 488 largiendo
776 412 902 466 scenicis
916 405 1059 486 turpibus.
1079 409 1164 470 Vnde
1179 417 1231 489 qui

190 502 263 556 tales
280 501 340 556 ism
357 517 472 554 morum
486 496 568 552 labes
590 493 767 566 superabant
779 502 866 569 atque
884 491 1084 567 abundabant,
1111 495 1231 572 quando

190 583 334 639 scribebat
346 584 403 638 ieta
415 577 581 650 Sallustius,
601 578 779 652 canebatque
793 575 947 654 Virgilius,
967 595 1029 634 non
1041 575 1100 634 illis
1115 581 1230 636 artibus

190 665 227 722 ad
236 665 363 724 honores
377 674 407 720 et
419 665 553 741 gloriam,
568 659 620 719 scd
632 660 706 716 dolis
719 668 807 734 atque
819 661 943 716 fallaciis
954 661 1128 718 ambiebant.
1141 658 1229 718 Vnde
1278 669 1279 676 ³

190 749 268 805 idem
281 747 368 804 dicit:
395 745 482 819 „Sed
498 747 592 819 primo
611 746 704 821 magis
724 743 843 800 ambitio
863 762 950 820 quam
968 745 1092 800 avaritia
1112 746 1228 801 animos
1278 745 1279 750 ’

191 831 368 903 „hominum
387 829 557 899 exercebat,
594 828 671 904 quod
695 837 794 884 tamen
816 828 921 883 vitium
942 825 1060 902 propius
1085 829 1230 884 virtutem

191 921 291 986 „erat
317 913 393 969 Nam
405 915 539 990 gloriam,
552 909 703 982 honorem,
717 911 872 983 imperium
884 910 978 966 bonus
994 920 1024 966 et
1036 909 1161 988 ignavus
1175 929 1227 966 ae·
1278 919 1279 922 ’

191 1015 274 1072 „qne
287 997 344 1052 sibi
357 1004 513 1068 exoptant:
526 995 578 1048 scd
591 995 651 1066 ille,
666 995 772 1068 inquit,
786 1011 857 1049 vera
869 995 918 1050 via
932 995 1055 1066 nititur,
1075 993 1145 1049 huic
1158 995 1229 1068 quia
1278 995 1279 1068 3

191 1081 312 1151 „bonae
324 1089 405 1136 artes
420 1077 537 1148 desunt,
550 1076 625 1132 dolis
638 1086 724 1152 atque
737 1076 861 1132 fallaciis
875 1076 1063 1134 contendit.“
1077 1075 1143 1132 Hae
1158 1085 1229 1131 sunt

190 1165 258 1218 illae
272 1163 367 1218 bonae
381 1172 470 1232 artes,
484 1178 536 1235 per
548 1161 689 1216 virtutem
703 1161 826 1231 scilicet,
846 1177 907 1216 non
921 1177 973 1233 per
986 1159 1120 1216 fallacem
1134 1159 1227 1216 ambi-

190 1247 302 1303 tionem
315 1246 351 1301 ad
363 1244 504 1300 honorem
517 1253 547 1299 et
559 1245 683 1320 gloriam
694 1253 724 1300 et
737 1244 890 1318 imperium
902 1243 1071 1318 pervenirc3
1091 1259 1165 1317 quae
1181 1252 1227 1297 ta-

190 1347 258 1384 men
270 1329 363 1384 bonus
377 1337 408 1384 et
421 1331 545 1405 ignavus
560 1345 651 1402 aeque
665 1328 722 1384 sibi
736 1335 889 1401 exoptant:
916 1326 969 1382 sed
981 1325 1041 1398 ille,
1061 1325 1092 1380 id
1105 1334 1160 1396 est,
1174 1326 1227 1380 bo-

189 1428 263 1482 nus,
288 1430 360 1468 vera
373 1413 421 1467 via
434 1413 547 1467 nititur.
573 1409 628 1466 Via
641 1413 736 1468 virtus
756 1419 816 1482 est,
841 1429 899 1486 qua
916 1411 1020 1466 nititur
1037 1417 1178 1484 tanquam
1191 1409 1228 1464 ad

189 1495 383 1566 possessionis
396 1491 498 1565 finem,
511 1495 541 1550 id
554 1501 608 1564 est,
623 1493 659 1550 ad
672 1495 808 1571 gloriam,
820 1493 971 1564 honorem,
985 1493 1146 1568 imperium.
1161 1489 1228 1547 Hoc
1278 1545 1279 1548 ,

189 1577 311 1631 insitum
324 1574 458 1632 habuisse
471 1575 630 1648 Romanos,
644 1580 733 1634 ctiam
746 1578 866 1633 deorum
879 1577 955 1650 apud
968 1577 1034 1632 illos
1049 1575 1135 1631 aedes
1148 1573 1226 1631 indi-

192 1668 275 1729 cant,
301 1677 373 1734 quas
391 1661 645 1716 coniunctissimas
665 1663 884 1718 constituerunt
897 1659 1022 1714 Virtutis
1042 1668 1072 1714 et
1085 1657 1226 1729 Honoris,

153 1725 177 1770 ⁸
191 1741 315 1814 prediis
329 1740 468 1798 habentes
481 1761 557 1818 quae
571 1743 702 1802 dantura
712 1745 787 1802 Deo.
801 1741 884 1798 Vnde
894 1741 1021 1820 intelligi
1031 1751 1128 1816 potest
1140 1759 1227 1818 quem

191 1823 280 1879 finem
293 1826 432 1881 volebant
445 1845 509 1882 esse
522 1829 659 1901 virtutis,
686 1839 716 1884 et
728 1847 784 1902 quo
800 1844 863 1880 eam
879 1824 1064 1896 referebant,
1092 1827 1143 1900 qui
1155 1825 1227 1880 boni

192 1915 286 1978 erant,
302 1907 338 1962 ad
350 1906 492 1964 honorem
506 1912 633 1970 scilicet:
648 1929 715 1969 nam
727 1911 797 1966 mali
810 1927 864 1964 nee
877 1905 1024 1964 habebant
1036 1927 1110 1979 eam,
1125 1926 1224 1982 quam-

191 1991 236 2044 uis
249 1988 391 2046 honorem
403 1989 511 2048 habere
525 2004 681 2066 cuperent,
710 2011 797 2067 quern
813 1993 896 2047 malis
916 1991 1027 2048 artibus
1047 1991 1226 2048 conabantur

191 2071 323 2146 adipisci,
338 2073 368 2128 id
382 2083 436 2144 est,
452 2075 525 2130 dolis
539 2085 626 2150 atque
639 2075 772 2130 fallaciis.

255 2153 359 2210 Melius
372 2158 504 2212 laudatus
518 2167 563 2212 est
575 2157 657 2214 Cato.
672 2157 719 2212 De
733 2159 782 2212 illo
797 2158 901 2232 quippe
915 2157 971 2213 ait:
986 2157 1052 2222 Quo
1065 2155 1161 2212 minus
1173 2175 1224 2230 pe-

191 2237 271 2294 tebat
281 2239 423 2315 gloriam,
444 2259 479 2295 eo
492 2242 575 2294 illum
588 2240 682 2316 magis
696 2241 879 2315 sequebatur.
907 2237 1148 2316 Quandoquidem
1160 2240 1225 2315 glo-

190 2323 235 2377 ria
249 2331 302 2392 est,
318 2323 399 2377 euius
413 2323 456 2376 illi
471 2323 627 2396 cupiditate
640 2321 816 2400 flagrabant,
836 2322 976 2379 iudicium
988 2322 1136 2379 hominum
1150 2322 1228 2377 benc

191 2405 226 2460 de
240 2403 404 2460 hominibus
418 2406 610 2478 opinantium.
637 2405 677 2462 Et
690 2407 756 2462 ideo
771 2408 874 2461 melior
889 2415 933 2462 est
945 2405 1057 2476 virtus,
1082 2421 1156 2479 quae
1168 2401 1224 2460 hu-

189 2506 276 2544 mano
289 2487 397 2542 iudicio
411 2496 550 2545 contenta
562 2507 623 2546 non
638 2499 692 2562 est,
706 2491 764 2545 nisi
777 2489 976 2546 conscientiae
991 2507 1068 2544 suae.
1083 2483 1166 2542 Vnde
1180 2487 1224 2542 di-

190 2571 410 2645 oitApostolus:
438 2568 514 2628 Nam
526 2573 627 2648 glorio
645 2583 751 2632 nostro
769 2573 842 2629 boec
860 2583 921 2643 est,
948 2573 1145 2628 testimonium
1158 2589 1225 2626 con-

190 2655 335 2712 scientiae
348 2665 478 2712 nostrce.
497 2655 537 2710 Et
550 2657 607 2713 alio
621 2659 699 2713 loco:
716 2653 799 2734 Opus
814 2665 912 2713 autem
926 2653 1124 2732 soumprobet
1137 2671 1225 2709 anue-

188 2739 320 2814 qcisqoc,
336 2747 365 2795 et
379 2747 449 2795 tuoe
460 2739 491 2792 in
505 2741 663 2816 semetqrso
677 2749 793 2794 tantem
805 2738 933 2816 gloriam
946 2735 1073 2807 babebit,
1088 2746 1118 2794 et
1128 2753 1183 2792 noa
1194 2738 1224 2792 in

189 2819 297 2874 altero.
327 2820 459 2876 Gloriam
479 2837 551 2896 ergo
571 2829 601 2875 et
619 2820 761 2878 honorem
772 2829 803 2877 et
815 2823 967 2898 imperium
974 2859 983 2889 ‚
1010 2837 1083 2895 quae
1103 2819 1158 2876 sibi
1172 2837 1223 2874 ex-

190 2900 339 2974 optabant,
367 2910 396 2954 ct
409 2919 466 2974 quo
481 2901 565 2958 bonis
580 2904 689 2959 artibus
702 2907 858 2979 pervenire
872 2905 1040 2960 nitebantur
1052 2903 1139 2974 boni,
1164 2919 1223 2959 non

190 2983 276 3038 debet
289 2983 373 3055 sequi
384 2984 491 3054 virtus,
504 2985 556 3040 sed
569 2987 632 3060 ipsa
644 2989 792 3045 virtutem.
815 2987 918 3064 Neque
931 2987 1010 3042 enirn
1023 2995 1068 3042 est
1079 3005 1150 3044 vera
1163 2987 1222 3042 vir-

189 3075 249 3135 tus,
263 3066 322 3119 nisi
336 3083 409 3138 quae
423 3066 459 3122 ad
473 3086 539 3124 eum
549 3068 637 3126 finem
652 3071 759 3143 tendit,
773 3073 822 3127 ubi
836 3079 881 3125 est
893 3071 1001 3126 bonum
1013 3068 1153 3140 hominis,
1166 3087 1223 3144 quo

190 3148 295 3200 molius
310 3164 371 3202 non
385 3157 437 3203 est.
465 3149 549 3206 Vnde
563 3161 593 3208 et
605 3151 731 3210 honores
746 3171 819 3229 quos
832 3155 937 3227 petivit
950 3151 1033 3224 Cato,
1051 3161 1151 3226 petere
1165 3173 1222 3210 non

190 3229 300 3300 debuit,
315 3229 430 3286 sedeas
444 3235 547 3290 civitas
561 3236 597 3292 ob
612 3238 675 3294 cius
688 3239 827 3294 virtutem
842 3255 902 3292 non
915 3237 1028 3310 petenti
1041 3236 1120 3291 dare.

253 3309 313 3367 Sed
331 3331 398 3368 oum
419 3317 469 3373 illa
487 3323 627 3376 memoria
645 3321 701 3377 duo
720 3319 846 3376 Romani
864 3327 964 3375 essent
982 3320 1092 3375 virtute
1113 3322 1222 3396 magni,

190 3394 298 3451 Caesar
318 3405 347 3452 et
364 3395 453 3471 Cato,
479 3403 570 3480 longo
587 3405 683 3459 virtus
698 3401 817 3459 Catonis
840 3403 960 3459 veritati
975 3401 1093 3458 videtur
1104 3404 1222 3476 propin·

191 3479 275 3552 quior
289 3478 392 3551 fuisso,
416 3501 502 3558 quam
515 3485 659 3541 Caesaris.
685 3485 814 3541 Proinde
826 3487 923 3561 qualis
937 3494 1017 3541 esset
1029 3485 1080 3540 illo
1095 3493 1223 3558 tempore

191 3562 307 3634 civitas,
330 3572 360 3618 et
372 3574 459 3622 antea
474 3569 568 3640 qualis
583 3569 698 3639 fuisset,
721 3569 870 3626 videamus
885 3570 916 3624 in
928 3571 994 3642 ipsa
1007 3569 1156 3624 sententia
1169 3567 1223 3625 Ca-

188 3645 282 3700 tonis:
310 3645 445 3720 „Nolitc,
460 3651 568 3723 inquit,
583 3643 763 3724 existimare,
777 3655 903 3709 maiores
917 3661 1033 3708 nostros
1046 3653 1135 3707 armis
1147 3670 1224 3707 rem-

189 3727 361 3800 „publicam
374 3747 411 3784 ex
424 3749 514 3804 parva
527 3751 664 3810 magnam
678 3735 792 3791 iecisse.
820 3733 854 3792 Si
873 3737 915 3791 ita
934 3745 1030 3805 esset,
1054 3735 1148 3792 multo
1161 3737 1224 3812 pul·-

189 3809 392 3882 „cherrimam
407 3831 441 3868 es
454 3831 508 3872 nos
522 3813 701 3875 haberemus.
717 3820 831 3896 Quippe
843 3819 992 3878 sociorum
1005 3827 1092 3896 atque
1106 3817 1224 3890 civium,
