2510 4404
191 143 251 200 DE
274 143 505 203 CIVITATE
528 144 611 206 DEI
632 145 713 203 [ΑΒ.
736 149 848 209 XXll.
971 153 1029 210 art

32 317 106 353 orum
119 293 238 353 verbum
249 296 283 352 iu'
295 294 403 353 Christi
417 301 534 354 nomine
547 309 613 374 port
630 299 823 378 quadraginta
841 319 931 358 annos
950 306 1029 361 inco·

32 400 113 436 mrem
127 381 309 450 constitisset
324 381 438 436 sudaria
457 381 491 436 de
505 383 673 458 corporibus
692 401 793 440 eorum
812 383 907 440 ablate
925 405 1030 444 sanau-

32 467 51 520 it
66 461 207 536 profuisse
227 463 447 540 languentibus3
474 467 506 520 iu
519 468 567 522 via
581 483 637 541 qua
650 465 767 522 fluerent
784 469 936 522 transituri
953 473 1030 543 posi-

32 565 50 602 »s
64 550 95 602 iu
110 545 209 602 ordine
224 548 448 604 innumerabiles
463 548 571 605 morbis
585 551 675 606 variis
689 551 868 621 laborantes,
887 559 918 605 ut
932 554 1030 608 ambu-

32 632 128 686 mtium
144 647 231 703 super
245 648 293 685 eos
307 631 407 687 umbre
422 635 575 704 mentiret,
589 635 728 690 contiuuo
742 634 864 688 salutem
877 634 972 689 solere
986 653 1031 690 re-

32 718 117 787 Ipere;
143 721 172 767 et
185 713 241 769 alia
253 716 343 770 multa
356 713 497 790 stupenda
511 717 542 772 in
556 715 665 773 Christi
691 719 808 774 nomine
821 735 872 790 per
888 735 937 773 eos
955 717 1032 773 facta

32 791 276 873 tigualpostremo
290 800 377 854 ctiam
390 808 520 854 mortuos
534 801 729 856 resurrexisse
743 799 909 856 cernebant.
953 801 1032 868 Quae

39 921 47 950 ,
65 890 96 935 ut
110 879 261 954 leguntur,
278 881 362 958 gesta
373 900 436 936 esse
449 882 627 954 concedunt,
647 902 715 940 ecce
728 892 771 938 tot
784 883 966 941 incredibilia
978 887 1029 940 tri·

32 983 60 1020 us
73 964 130 1017 illis
144 963 360 1021 incredibilibus
374 965 521 1038 addimu13
549 979 578 1023 et
596 977 629 1022 ut
648 966 782 1023 credatur
799 985 889 1022 unum
907 967 1032 1024 incredi-

32 1050 77 1115 ,le‚
96 1045 170 1121 quod
183 1045 218 1102 de
232 1049 328 1104 carnis
342 1051 558 1105 resurrectione
578 1061 664 1124 atque
677 1053 708 1105 in
721 1052 831 1106 coelum
842 1043 1031 1107 adscensione

32 1133 126 1199 icitur,
151 1130 306 1186 multorum
317 1129 533 1189 incredibilium
550 1135 718 1190 testimonio
735 1143 818 1189 teuta
836 1137 1031 1211 congerimus,

32 1235 36 1269 :
50 1211 176 1269 nondum
190 1213 225 1268 ed
240 1214 415 1272 credendum
426 1213 571 1273 horrende
585 1215 692 1273 duritie
706 1216 870 1274 incredulos
880 1216 1032 1273 flectimus.

32 1300 123 1353 ivero
136 1315 187 1370 per
197 1294 350 1371 Aposstolo
362 1295 483 1371 Christi,
497 1309 530 1356 ut
542 1301 584 1356 eis
600 1300 777 1367 crederetur,
791 1291 1032 1357 resurrectionem

32 1399 93 1456 :quc
106 1379 321 1436 adscensionem
336 1381 568 1454 praedicantibus
584 1380 707 1456 Christi,
724 1383 810 1440 etiam
825 1385 882 1439 ista
894 1385 1033 1438 miracula
1058 1378 1060 1383 ’

32 1474 83 1520 ictu
98 1482 160 1518 esse
176 1481 234 1518 uon
252 1463 445 1546 credunt,hoc
460 1466 544 1522 nobis
558 1485 647 1522 unum
662 1467 772 1544 grande
785 1469 957 1522 miraculum
972 1465 1033 1522 suf·

32 1551 79 1619 cit,
93 1545 170 1622 quod
184 1565 246 1602 eam
261 1557 403 1604 terrerum
418 1551 496 1606 orbis
511 1551 574 1606 siue
588 1551 655 1606 ullis
670 1551 819 1607 miraculis
834 1549 966 1607 credidit.

406 1664 533 1724 CAP.
576 1665 640 1724 Vl.

35 1745 87 1796 uod
95 1743 181 1795 Roma
189 1741 353 1797 conditorem
361 1762 437 1797 suum
448 1745 589 1798 Romulum
602 1747 734 1816 diligendo
745 1748 821 1798 deum
823 1746 927 1820 feeerit
931 1763 944 1809 ‚·
978 1731 1031 1797 Ec·

167 1811 246 1863 eletio
256 1821 344 1864 autem
357 1813 492 1866 Christum
502 1814 590 1866 Deum
600 1816 730 1867 credendo
740 1814 869 1867 dilexerit.

70 1881 240 1940 Rccolamus
255 1887 341 1942 ctiam
361 1885 492 1944 hocloco
509 1887 580 1943 illud
594 1887 717 1962 quotide
732 1887 849 1944 Romuli
862 1885 971 1943 credita
987 1885 1029 1940 di·

32 1970 128 2024 ssuitrte
141 1963 255 2023 Tullius
269 1967 436 2034 admiretur.
481 1969 575 2026 Verba
588 1972 665 2040 eius,
684 1980 718 2025 ut
730 1972 837 2043 scripta
851 1979 934 2039 sunt,
954 1970 1032 2023 inse-

32 2065 82 2107 tm:
105 2050 220 2127 „Magis
235 2059 294 2122 est,
308 2052 417 2125 inquit,
432 2054 463 2107 ln
477 2051 600 2108 Romulo
614 2049 822 2124 admirandum,
839 2051 913 2125 quod
926 2053 1033 2105 caeteri

32 2136 77 2210 qui
92 2131 132 2189 dii
146 2152 183 2190 ex
196 2130 360 2189 homiuibus
375 2134 445 2189 iacti
461 2151 526 2189 esse
540 2133 687 2204 dicuntur,
697 2135 791 2188 minus
805 2131 926 2188 eruditis
940 2129 1033 2187 homi·

32 2237 96 2274 num
110 2217 236 2274 saeculis
251 2216 380 2289 fuerunt,
393 2225 426 2272 ut
439 2217 569 2294 tingendi
581 2218 738 2291 proclivior
752 2226 829 2272 esset
841 2217 931 2287 ratio,
945 2233 1032 2292 quum

32 2303 156 2376 inmeriti
171 2301 258 2355 facile
272 2301 307 2356 ed
322 2299 495 2356 credendum
510 2301 738 2374 impellerentur.
752 2298 869 2355 Romuli
881 2308 1033 2356 autemae-

32 2396 116 2441 tatem
133 2387 228 2439 minus
243 2383 287 2438 his
300 2385 448 2440 sexcentis
467 2384 551 2438 ennio
572 2385 627 2440 iam
645 2385 815 2439 inveteratis
834 2383 929 2439 literis
947 2393 1033 2458 atque

32 2469 187 2537 doctrinis,
214 2469 348 2540 omnique
362 2468 413 2522 illo
430 2467 547 2540 entiquo
563 2483 599 2520 ex
618 2465 729 2522 inculta
745 2465 893 2522 hominum
913 2463 974 2523 ‘rite
988 2485 1033 2522 cr-

32 2571 95 2607 rore
109 2551 221 2606 sublato
235 2549 326 2603 fuisse
342 2547 559 2604 cernimus.“h'.t
570 2551 654 2623 paulo
668 2559 734 2622 post
748 2550 783 2605 de
798 2549 897 2604 eodem
912 2547 1032 2605 Romulo

32 2634 207 2707 eloquitur,
228 2631 302 2706 quod
317 2629 442 2687 adhunc
456 2633 583 2705 pertinet
596 2649 725 2688 sensum:
752 2631 821 2704 „Ex
834 2649 890 2706 quo
906 2631 1032 2710 intelligi

32 2725 140 2792 potest,
158 2716 269 2788 inquit,
297 2715 450 2788 permultis
466 2717 549 2770 annis
565 2725 633 2771 ente
647 2713 803 2772 Homerum
816 2715 921 2785 fuisse,
948 2733 1033 2792 quum

32 2797 201 2869 Romulum,
216 2799 318 2853 utiam
333 2797 424 2854 doctis
437 2795 599 2854 hominibus
613 2817 646 2855 ac
660 2799 837 2875 temporibus
852 2799 922 2872 ipsis
936 2797 1033 2855 erudi-

32 2886 66 2939 tis
81 2879 116 2936 ed
131 2881 297 2958 tingendum
312 2883 363 2937 rix
386 2884 541 2958 quicquam
560 2892 635 2939 estet
657 2883 723 2940 leci.
765 2883 931 2956 Antiquitas
955 2884 1033 2965 enim

32 2967 140 3039 recepit
153 2965 275 3034 sabulos,
289 2965 372 3021 fictas
387 2969 474 3022 etiam
488 2985 695 3042 nonnunquam
709 2965 869 3024 incondite.
888 2965 969 3022 Haec
984 2984 1033 3021 ee-

32 3063 71 3106 tus
85 3051 253 3106 antemium
268 3052 383 3105 exculta
396 3053 566 3124 praesertim
580 3050 698 3106 eludens
712 3070 796 3108 omne
809 3049 883 3126 quod
897 3049 961 3106 fieri
975 3069 1033 3105 non

32 3143 126 3209 potest
145 3135 290 3208 respuit.“
334 3132 415 3188 Vnus
444 3151 594 3187 enumero
615 3133 845 3190 doctissimorum
872 3133 1032 3202 hominum,

32 3219 140 3290 lemque
155 3217 407 3291 eloquentissimus
421 3215 548 3270 omnium
563 3213 599 3268 M.
614 3213 729 3270 Tullius
744 3214 863 3284 Cicero,
880 3225 1034 3288 propterea

32 3303 78 3356 ‚cit
93 3299 274 3353 divinitatem
288 3296 405 3353 Romuli
418 3294 589 3352 mirabiliter
602 3297 752 3366 creditum,
766 3297 841 3370 quod
855 3296 967 3352 erudite
976 3299 1034 3352 iam

32 3399 137 3456 mpore
165 3381 297 3450 fuerunt,
326 3397 398 3453 quae
423 3379 579 3434 falsitatem
597 3397 656 3432 non
674 3380 838 3452 reciperent
861 3378 1032 3434 fabularum.

33 3468 80 3519 uis
95 3471 192 3520 autem
206 3461 358 3517 Romulum
372 3461 454 3518 deum
468 3464 525 3517 nisi
540 3460 632 3517 Roma
646 3460 781 3530 credidit,
801 3471 888 3536 atque
902 3461 931 3516 id
944 3479 1033 3536 perra

32 3570 35 3602 :
48 3542 213 3620 incipiensl
239 3545 315 3602 Tum
328 3544 430 3602 deinde
443 3547 565 3622 posteris
578 3563 695 3602 serrare
708 3545 803 3601 fuerat
812 3563 942 3614 necesse,
956 3543 1032 3620 quod

32 3639 213 3704 cooperante
225 3631 397 3698 maioribus,
415 3640 447 3686 ut
458 3648 523 3686 cum
535 3631 592 3684 iste
606 3629 809 3702 superstitione
824 3629 855 3684 in
871 3630 944 3684 lactc
958 3647 1032 3703 quo-

32 3735 73 3770 rm
86 3710 171 3768 modo
185 3715 286 3768 metris
300 3713 407 3770 ebibite
420 3723 563 3770 cresceret
576 3714 695 3782 civitas,
723 3721 807 3787 atque
834 3711 870 3768 sd
894 3722 952 3768 tam
972 3729 1033 3766 me-

32 3818 99 3855 num
114 3800 280 3871 perveniret
293 3798 462 3873 imperium,
479 3807 512 3854 ut
526 3815 562 3852 ex
577 3799 639 3853 eius
652 3796 771 3872 fastigio
785 3798 866 3853 velut
880 3814 915 3852 ex
929 3797 1033 3852 altiore
