2590 4396
209 201 250 260 112
435 195 534 258 DlVl
559 192 747 256 avnssnll
769 192 1025 252 AVGVSTlNl

602 345 624 405 C
644 345 669 403 A
690 343 723 402 P.
765 341 852 402 XX.

210 445 254 502 De
264 447 350 503 esitio
362 446 593 518 Saguntinorum,
626 441 1236 514 111111111111111111111111111111111

402 517 527 571 euntibus
538 513 577 565 dii
614 511 703 566 omani
713 512 848 566 auxilium
860 529 913 566 aaa
923 514 1054 566 tulerunt.

273 605 333 666 Sed
347 609 379 665 in
391 606 437 663 his
451 604 584 662 omnibus
596 602 666 659 belli
678 601 785 660 Punici
798 603 920 660 ecundi
932 604 1033 674 mali,
1059 603 1133 660 nihil
1156 604 1247 659 mise-
1281 633 1282 664 l

211 692 331 750 rabilius
345 709 380 747 ac
392 687 552 746 miserabili
566 687 685 762 querela
707 684 840 764 dignius,
867 705 953 763 quam
967 687 1091 742 exitium
1103 686 1246 766 Sagunti-

212 793 316 832 norum
339 772 404 829 fuit.
448 768 530 827 Haec
543 771 648 846 quippe
661 767 823 845 Hispaniae
838 771 941 828 civitas
955 770 1132 826 amicissima
1145 770 1246 846 populi
1281 795 1282 844 j

211 855 336 915 Romani
349 854 417 911 dum
430 853 524 911 eidem
536 855 641 930 populo
652 852 739 910 fidem
753 864 868 931 servat,
883 873 986 912 eversa
999 863 1053 910 ost.
1077 852 1156 912 Hinc
1168 853 1247 909 enim

211 937 376 1012 Hannibal,
395 937 490 996 fracto
505 937 625 996 foedere
638 935 852 1010 Romanorum,
867 957 969 994 causas
984 939 1129 1012 quaesivit
1142 937 1249 1012 quibus

211 1039 261 1078 cos
275 1021 409 1079 irritaret
421 1021 458 1078 ad
469 1021 586 1078 bellum.
630 1017 796 1098 Saguntum
821 1039 893 1098 crgo
919 1021 1058 1078 ferociter
1081 1020 1249 1078 obsidebat:

210 1101 287 1180 quod
300 1103 350 1160 ubi
362 1103 474 1162 Romae
487 1103 618 1162 auditum
632 1112 694 1175 est,
708 1104 791 1160 missi
804 1113 874 1162 sunt
886 1104 977 1183 legati
990 1101 1026 1159 ad
1039 1102 1249 1176 Hannibalem,

210 1195 243 1243 11
256 1187 291 1244 ab
306 1188 369 1244 eius
383 1189 536 1246 obsidione
562 1185 735 1245 discederet.
779 1184 926 1244 contemti
950 1184 1158 1263 Carthaginem
1179 1205 1249 1262 per-

210 1280 304 1350 gunt,
319 1273 588 1349 querimoniamque
601 1271 752 1346 deponunt
760 1270 892 1328 foederis
905 1271 995 1345 rupti,
1009 1269 1180 1344 infectoque
1193 1289 1251 1326 11-

210 1357 293 1433 gotio
310 1353 433 1414 Romam
449 1355 583 1414 redeunt.
626 1353 705 1414 Dum
717 1351 773 1410 hae
785 1373 884 1410 morae
908 1361 1051 1431 aguntur,
1076 1355 1184 1408 misera
1198 1355 1254 1410 illa

210 1439 314 1496 civitas
329 1441 565 1515 opulentissima,
590 1455 660 1495 suae
672 1437 851 1514 reipublicae
864 1435 1070 1511 Romanaeque
1085 1437 1252 1508 carissima,

210 1529 316 1578 octavo
329 1523 377 1578 vel
391 1541 470 1579 nono
484 1541 502 1578 a
514 1519 622 1578 Poenis
644 1538 747 1576 mense
770 1521 866 1578 deleta
890 1530 944 1577 111.
989 1517 1078 1576 Cuius
1095 1521 1252 1578 interitum

209 1604 326 1682 legere,
353 1613 462 1680 quanto
476 1605 570 1682 magis
584 1603 730 1676 seribere,
755 1601 887 1660 horroris
902 1613 956 1660 est.
999 1601 1136 1660 Breviter
1149 1611 1249 1660 111111

211 1706 277 1744 eum
304 1688 548 1745 commemorabo:
575 1687 612 1744 ad
630 1705 693 1743 rem
706 1687 810 1762 quippe
823 1706 897 1763 quae
910 1689 1010 1766 agitur
1022 1688 1144 1742 multum
1156 1687 1249 1762 parti-

209 1779 270 1838 net.
314 1768 414 1828 Primo
427 1771 504 1828 fame
518 1772 683 1828 contabuit:
711 1789 780 1826 narn
793 1772 882 1826 ctiam
895 1789 1014 1827 suorum
1028 1769 1216 1826 cadaveribus
1230 1789 1249 1826 a

210 1855 360 1910 nonnullis
377 1863 462 1930 pasta
481 1853 660 1930 perhibetur.
706 1853 823 1910 Deinde
835 1853 915 1911 fessa
928 1873 1028 1910 rerum
1042 1855 1185 1926 omnium,
1210 1874 1249 1911 ne

211 1938 314 1994 saltem
327 1939 443 2014 captiva
455 1939 488 1994 in
500 1956 605 1995 manus
618 1935 794 1994 Hannibalis
820 1938 1006 2013 perveniret,
1033 1939 1185 2016 ingentem
1198 1957 1248 1994 ro-

209 2039 280 2098 gum
292 2021 408 2097 publice
426 2023 552 2094 struxit,
578 2023 611 2078 in
625 2039 711 2098 quem
725 2020 877 2078 ardentem
890 2021 970 2078 ferro
985 2023 1072 2078 etiam
1086 2021 1248 2088 trucidatos

211 2121 312 2161 omnes
327 2122 359 2160 sc
373 2123 500 2182 suosque
513 2107 667 2162 miseruut.
710 2103 768 2161 Hie
785 2104 893 2180 aliquid
906 2114 1031 2183 agerent
1044 2104 1084 2160 dii
1096 2103 1247 2161 helluones

210 2195 298 2262 atque
310 2188 488 2261 nebulones,
509 2187 720 2246 sacrificiorum
732 2185 864 2263 adipibus
877 2185 1042 2260 inhiantes,
1057 2196 1087 2244 11
1100 2187 1249 2245 fallacium

211 2265 425 2329 divinationum
439 2273 566 2350 caligine
579 2270 775 2346 decipientes:
800 2268 849 2328 hic
867 2271 978 2348 aliquid
991 2279 1130 2351 agerent,
1155 2280 1189 2328 ut
1203 2273 1247 2328 ei-

209 2352 297 2410 111111
315 2355 414 2428 populi
426 2353 552 2412 Romani
577 2356 772 2411 amicissimae
798 2355 1006 2427 subvenirent,
1031 2353 1099 2411 fidei
1126 2373 1248 2412 conser-

209 2435 330 2500 vatione
341 2447 514 2512 pereuntem
526 2439 623 2513 perire
636 2457 696 2495 non
711 2439 847 2495 sinirent.
873 2437 932 2514 lpsi
944 2439 1046 2514 utique
1059 2437 1148 2494 medii
1160 2457 1247 2514 prae-

210 2519 346 2592 fuerunt,
374 2539 440 2578 eum
453 2519 605 2578 Romanae
618 2522 796 2596 reipublicae
809 2523 966 2579 interiecto
981 2521 1099 2578 foedere
1114 2524 1248 2598 copulata

211 2612 265 2660 est.
309 2601 485 2662 custodiens
499 2605 598 2679 itaque
611 2604 738 2660 fideliter
751 2604 829 2680 quod
842 2607 913 2681 ipsis
935 2604 1116 2680 praesidibus
1138 2607 1247 2680 placito

118 2733 120 2736 .
209 2688 364 2759 iunxerat,
390 2685 448 2744 fide
460 2688 616 2760 vinxerat,
630 2689 777 2746 iuratione
791 2689 1026 2761 constrinxerat,
1040 2687 1178 2764 aperfido
1192 2691 1246 2746 ob-

211 2787 307 2840 sessa,
334 2787 489 2844 oppressa,
517 2779 671 2828 consumta
696 2781 751 2828 111.
793 2769 828 2829 Si
841 2770 883 2828 dii
904 2773 961 2848 ipsi
973 2781 1146 2848 terrrpestato
1159 2783 1248 2848 atque

210 2851 380 2908 fulminibus
393 2851 589 2910 Hannibalem
612 2863 714 2930 postea
739 2852 880 2912 Romanis
904 2857 1069 2931 proximum
1093 2857 1247 2914 moenibus

210 2943 401 3006 terruerunt,
427 2937 573 3014 longeque
599 2939 759 3011 miserunt3
786 2946 857 2995 tunc
869 2941 995 3015 primum
1008 2941 1065 2996 tale
1078 2939 1187 3013 aliquid
1201 2939 1248 2997 fa-

211 3026 323 3072 cerent.
365 3017 466 3075 Audeo
490 3021 595 3097 quippe
617 3019 733 3094 dicere,
758 3018 911 3079 honestius
925 3023 991 3080 illos
1003 3042 1056 3099 pre
1070 3022 1171 3079 amieis
1185 3021 1247 3081 Ro-

210 3117 379 3172 manorum,
406 3101 472 3159 ideo
485 3105 739 3179 periclitantibus,
752 3123 791 3161 ne
804 3103 946 3164 Romanis
960 3106 1137 3184 frangerent
1148 3105 1248 3180 fidem,

211 3191 241 3238 ct
254 3185 364 3240 nullam
377 3204 462 3260 opem
474 3197 546 3244 1111
560 3185 750 3261 habentibus,
773 3205 860 3264 quam
873 3207 927 3265 pro
940 3191 1012 3266 ipsis
1026 3189 1183 3262 Romanis,
1197 3207 1248 3266 qur

208 3283 261 3342 pro
274 3284 307 3323 se
318 3269 509 3346 pugnabant,
535 3280 623 3346 atque
643 3269 784 3328 adversus
798 3253 995 3359 Hannffm
1007 3275 1139 3349 opulenti
1151 3283 1249 3346 erant,

207 3351 341 3424 potuisse
354 3361 528 3428 tempestate
555 3355 678 3412 saevire.
723 3353 757 3412 Si
771 3373 843 3434 ergo
856 3365 970 3414 tutores
985 3365 1086 3414 essent
1098 3355 1249 3414 Romanae

208 3431 359 3490 felicitatis
373 3444 402 3490 11
415 3437 544 3514 gloriae,
570 3445 630 3494 tam
643 3456 735 3516 grave
747 3439 782 3496 ab
797 3457 831 3495 11
844 3442 956 3498 1111111
969 3439 1156 3520 Saguntinae
1171 3444 1249 3498 calo-

209 3517 319 3572 mitatis
333 3527 517 3576 averterent:
531 3539 611 3578 nunc
621 3539 693 3578 vero
704 3540 790 3597 quam
801 3525 891 3578 stulte
904 3525 1044 3597 creditur,
1058 3523 1114 3580 diis
1126 3525 1184 3582 illis
1197 3525 1249 3582 de-

208 3597 375 3656 fensoribus
388 3599 512 3658 Romam
524 3605 636 3660 victore
649 3599 816 3661 Hannibale
828 3624 888 3663 non
913 3609 1041 3680 perisse,
1066 3609 1117 3683 qui
1130 3606 1248 3688 Sagun-

208 3681 291 3737 tinae
304 3683 370 3738 urbi
383 3701 445 3740 non
458 3693 634 3759 potuerunt,
653 3705 691 3742 ne
703 3705 756 3762 pro
771 3689 833 3744 eius
846 3690 958 3762 periret
970 3692 1115 3762 amicitia,
1143 3693 1250 3748 subve-

208 3759 299 3818 nirel
343 3763 377 3822 Si
390 3765 626 3845 Saguntinorum
639 3767 823 3826 Christianus
839 3775 962 3847 populus
977 3785 1073 3846 essct,
1099 3783 1130 3830 et
1143 3771 1249 3832 huius-

209 3845 290 3902 modi
303 3848 413 3922 aliquid
424 3867 478 3924 pro
491 3849 548 3934 fide
562 3851 743 3930 Euangeliou
768 3862 934 3928 pateretur,
962 3875 1128 3934 quanquam
1142 3877 1175 3915 se
1188 3859 1251 3934 ipse
