2586 4396
281 231 342 289 DE
365 230 583 294 ClVlTATE
607 239 689 298 DEl
711 242 792 305 LlB.
815 245 849 301 V.
1033 256 1088 312 ldl

41 395 204 441 esttamen
219 385 322 439 etalio
337 402 426 441 cansa
444 405 509 441 esse
528 389 685 463 latentior,
711 403 832 469 propter
853 395 968 460 diversa
985 406 1092 460 merita

39 470 162 546 generis
177 466 319 538 humani,
341 466 407 524 Deo
420 471 513 546 magis
532 481 603 527 nota
617 491 703 549 quam
721 477 820 550 nobis3
846 477 914 535 dum
933 483 1005 540 illud
1019 503 1089 541 con-

38 562 93 607 stet
105 553 195 606 inter
208 568 311 606 omnes
326 552 473 608 veraciter
483 555 562 626 pios,
587 559 735 614 neminem
749 561 814 616 sine
827 580 897 618 vera
912 565 1036 637 pietate,
1059 569 1089 623 id

38 646 92 706 est,
106 636 179 690 veri
193 633 255 690 Dei
267 652 340 691 vero
355 635 437 690 cultu
451 654 551 693 veram
563 656 649 712 posse
660 638 768 697 habere
778 645 931 718 virtutem,
955 665 1010 704 nec
1025 667 1090 706 eam

36 737 139 774 veram
151 736 235 788 esse,
250 717 366 792 quando
379 719 492 794 gloriae
507 723 599 777 servit
610 720 764 780 humanae.
791 725 852 783 Eos
867 738 966 787 tamen
981 733 1033 807 qui
1046 733 1088 788 ci-

36 821 87 858 ves
108 819 175 856 non
196 802 260 855 sint
272 799 409 857 Civitatis
428 812 583 876 aeternae,
610 809 734 882 quaein
754 812 846 866 sacris
863 813 958 870 literis
977 817 1088 870 nostris

36 886 147 940 dicitur
162 882 280 940 Civitas
294 882 363 954 Dei,
383 885 516 941 utiliores
531 905 596 943 esse
610 899 746 946 terrenae
759 891 890 966 Civitati,
904 896 1021 970 quando
1036 897 1087 953 ha·

37 968 108 1023 bcnt
121 969 272 1023 virtutem
284 969 332 1022 vel
346 968 450 1039 ipsam,
464 972 589 1044 quamsi
602 991 657 1028 nec
670 974 772 1046 ipsam.
790 975 834 1033 llli
845 987 942 1033 autem
952 981 1003 1054 qui
1019 999 1089 1037 vera

36 1053 148 1125 pietate
162 1049 294 1123 praediti
308 1051 383 1105 benc
396 1052 511 1124 vivunt,
527 1054 552 1107 si
565 1051 674 1111 habent
687 1059 842 1116 seientiam
856 1061 980 1138 regendi
992 1081 1087 1136 popu-

37 1136 89 1204 los,
118 1131 200 1189 nihil
215 1141 262 1188 est
275 1132 393 1189 felicius
409 1134 496 1190 rebus
515 1134 669 1210 humanis,
696 1157 783 1213 quam
801 1144 827 1196 si
841 1141 906 1198 Deo
927 1147 1088 1202 miserante

37 1216 168 1272 habeant
179 1224 369 1289 potestatem.
399 1215 487 1272 Tales
500 1228 599 1275 autem
612 1220 745 1276 homines
759 1225 884 1279 virtutes
900 1243 979 1296 suas,
993 1245 1087 1300 quan-

37 1311 207 1374 taecunque
221 1301 254 1354 in
267 1296 323 1354 hac
336 1301 399 1355 vita
410 1310 536 1374 possunt
547 1300 666 1374 habere,
681 1322 742 1360 non
754 1306 889 1361 tribuunt
901 1308 961 1362 nisi
975 1312 1088 1384 gratiae

37 1382 105 1453 Dei,
125 1381 208 1457 quod
223 1399 273 1438 eas
290 1383 471 1455 volentibus,
492 1384 692 1457 credentibus,
718 1388 944 1463 petentibusque
958 1389 1088 1464 dederit;

38 1467 186 1542 simulque
200 1466 391 1542 intelligunt,
412 1475 553 1542 quantum
567 1469 624 1524 sibi
637 1469 714 1525 desit
725 1469 763 1524 ad
775 1471 988 1545 perfectionem
1001 1476 1087 1530 iusti-

38 1551 106 1620 tiae,
121 1550 221 1623 qualis
236 1557 284 1604 est
301 1549 334 1605 in
348 1550 467 1605 illorum
481 1559 650 1608 sanctorum
662 1553 843 1631 Angelorum
856 1557 1011 1626 societate,
1039 1561 1087 1614 cui

40 1650 69 1686 se
82 1634 227 1688 nituntur
241 1642 354 1706 aptare.
393 1633 626 1699 Quantumlibet
639 1645 736 1693 autem
749 1637 888 1694 laudetur
901 1648 988 1714 atque
1000 1659 1085 1714 prac-

41 1714 155 1770 dicetur
168 1717 283 1785 virtus,
311 1733 388 1790 quae
402 1717 467 1771 sine
479 1735 551 1772 vera
563 1720 673 1791 pietate
687 1721 780 1776 servit
797 1719 948 1777 hominum
961 1725 1085 1800 gloriae,

41 1815 226 1872 nequaquam
240 1807 413 1854 sanctorum
428 1801 544 1876 exiguis
559 1802 653 1857 initiis
667 1803 863 1878 comparanda
876 1814 938 1876 est,
961 1824 1084 1880 quorum

42 1899 101 1954 spes
115 1882 215 1956 posita
229 1891 277 1936 cst
291 1883 323 1937 in
336 1883 434 1958 gratia
447 1892 477 1937 et
489 1883 690 1942 misericordia
703 1888 765 1942 veri
777 1885 845 1943 Dei.

439 2048 560 2105 CAP.
603 2049 690 2109 XX.

58 2145 124 2197 Tam
135 2145 260 2213 turpiter
271 2145 374 2196 servire
384 2144 501 2196 virtutes
507 2144 644 2268 petrianae
651 2149 774 2217 gloriae,
794 2166 874 2218 quum
889 2151 1010 2218 eorporis
1025 2169 1067 2203 ve·

518 2225 617 2282 aptata.

98 2301 206 2359 Solent
231 2299 410 2376 philosophi,
435 2304 485 2375 qui
508 2303 598 2360 finem
620 2306 691 2363 boni
708 2305 828 2364 humani
847 2311 878 2367 in
895 2313 958 2386 ipsa
971 2313 1081 2370 virtute

40 2387 242 2456 constituunt,
269 2383 307 2440 ad
325 2384 522 2461 ingerendum
541 2387 682 2459 pudorem
702 2391 874 2464 quibusdam
891 2391 1083 2468 philosophis,

39 2470 86 2542 qui
98 2470 230 2524 virtutes
244 2466 362 2543 quidem
374 2467 516 2540 probant,
541 2470 593 2525 sed
606 2489 656 2526 eas
669 2475 829 2545 voluptatis
844 2478 1008 2546 corporalis
1023 2476 1082 2531 fine

38 2553 212 2621 metiuntur,
228 2561 258 2606 et
272 2551 352 2606 illam
364 2569 418 2624 per
431 2569 463 2605 se
476 2553 570 2626 ipsam
581 2562 688 2625 putant
700 2555 904 2625 appetendam,
927 2558 1001 2610 istas
1014 2575 1082 2629 pro·

36 2643 102 2706 pter
115 2635 221 2707 ipsam,
246 2633 375 2688 tabulam
389 2634 535 2707 quandam
547 2634 646 2689 verbis
663 2635 803 2710 pingere,
829 2635 880 2691 nbi
897 2637 1031 2710 voluptas
1051 2639 1082 2693 in

36 2717 113 2769 sella
125 2717 220 2791 regali
234 2717 320 2790 quasi
333 2715 459 2772 delicata
473 2715 616 2791 quaedam
628 2717 734 2792 regina
748 2716 896 2790 considat3
921 2719 1006 2793 eique
1020 2721 1081 2775 vir-

36 2807 120 2852 tutes
134 2797 260 2854 famulae
274 2799 480 2870 subiicientur,
495 2799 686 2855 observantes
701 2801 764 2854 eius
778 2810 897 2871 nutum,
922 2810 957 2856 ut
970 2801 1082 2859 faciant

38 2878 120 2954 quod
132 2880 184 2935 illa
196 2883 401 2954 imperaverit:
415 2899 490 2955 quae
502 2881 677 2956 prudentiae
690 2882 801 2954 iubeat,
815 2893 848 2939 ut
860 2886 1020 2962 vigilanter
1033 2887 1079 2942 in-

36 2965 147 3036 quirat,
167 2963 312 3036 quomodo
326 2966 460 3038 voluptas
472 2971 634 3042 regnet„et
647 2967 728 3023 selva
742 2967 795 3038 sit3
822 2968 955 3024 iustitiae
968 2969 1079 3040 iubeat,

36 3055 70 3100 nt
80 3054 217 3119 praestet
230 3046 373 3103 beneficia
386 3063 461 3121 quae
473 3056 571 3121 potest
581 3048 617 3104 ad
631 3049 840 3123 comparandas
854 3052 999 3107 amicitias
1014 3071 1072 3108 cor·
1109 3051 1117 3066 ⁹

33 3129 188 3201 poralibus
203 3130 362 3186 commodis
376 3131 573 3203 necessarias,
589 3133 663 3187 nulli
673 3132 764 3188 faeiat
773 3133 923 3205 iniuriam,
938 3153 975 3191 nc
986 3131 1078 3190 offen-

35 3213 75 3264 sis
90 3212 209 3288 legihus
218 3213 353 3287 voluptas
366 3214 468 3269 vivere
482 3231 585 3270 secura
598 3232 659 3270 non
671 3216 779 3289 possit:
793 3216 962 3272 fortitudini
968 3218 1078 3285 iubeat,

35 3302 69 3347 ut
81 3295 108 3347 si
122 3295 209 3350 dolor
224 3297 341 3368 corpori
355 3294 506 3365 acciderit,
526 3299 650 3370 quinon
665 3300 820 3371 compellat
832 3300 864 3353 in
876 3308 1011 3369 mortem,
1031 3307 1077 3353 te-

35 3385 105 3430 neat
120 3375 271 3432 donuinam
285 3395 383 3448 suam,
403 3378 433 3434 id
447 3387 502 3449 est,
516 3381 696 3452 voluptatem
708 3380 828 3435 fortiter
841 3382 872 3436 in
886 3383 977 3436 animi
995 3381 1078 3454 cogi-

35 3461 158 3531 tatione,
186 3468 221 3514 ut
233 3478 287 3533 per
303 3461 497 3534 pristinorum
515 3460 686 3519 deliciarum
704 3479 825 3517 suarum
842 3463 1079 3518 recordationem

34 3543 150 3619 mitiget
162 3543 332 3616 praesentia
346 3542 455 3598 doloris
469 3545 600 3599 aculeos:
615 3544 825 3618 temperantiae
838 3545 948 3612 iubeat,
966 3551 999 3596 ut
1012 3551 1078 3595 tan-

34 3633 93 3680 tum
107 3627 210 3698 capiat
222 3626 440 3694 alimentorum,
456 3633 486 3680 et
499 3626 526 3680 si
539 3643 597 3699 qua
610 3625 770 3694 delectant,
789 3643 826 3680 ne
839 3642 891 3698 per
904 3621 1078 3678 immodera-

35 3708 146 3764 tionem
160 3709 287 3764 noxinm
300 3706 411 3780 aliquid
426 3706 623 3765 valetudinem
635 3709 746 3777 turbet,
774 3716 805 3761 et
816 3707 966 3778 voluptas,
993 3723 1079 3780 quam

35 3792 118 3847 ctiam
133 3793 167 3847 in
183 3781 320 3866 eorporis
335 3790 460 3845 sarritate
472 3789 613 3864 Epicurei
626 3791 781 3844 maximam
796 3795 927 3862 ponunt,
947 3789 1080 3864 graviter

36 3869 208 3932 offendatur.
237 3873 284 3930 lta
309 3872 435 3926 virtutes
459 3891 527 3928 cum
545 3880 607 3927 tota
627 3889 696 3926 suae
716 3872 829 4008 glopiae
849 3869 993 3946 dignitate
1012 3880 1078 3924 tan-
