2590 4396
230 227 269 283 76
448 218 546 276 DlVl
579 211 765 273 AVRELll
796 211 1048 270 AVGVSTlNl

232 376 344 450 „bantt
371 375 460 429 etiam
485 380 549 427 tum
575 369 636 425 rita
660 363 813 420 hominum
836 364 901 419 siue
915 363 1074 439 eupiditate
1086 366 1264 443 agitabatur,

230 501 252 532 „
259 477 313 515 sua
328 459 436 533 cuique
456 454 528 510 satis
553 447 744 526 placebant.“
788 446 834 503 An
846 455 953 504 uttam
965 450 1091 505 multum
1104 459 1264 528 augeretur

229 543 399 618 imperium,
426 538 527 595 debuit
539 533 604 590 fieri
618 529 697 607 quod
708 528 853 608 Virgilius
866 529 1045 604 detestatur,
1064 531 1179 590 dicens:

292 669 295 676 .
313 625 453 683 Deterior
467 617 560 675 donec
573 617 714 691 paulatim
727 632 762 670 ac
776 613 895 670 decolor
909 623 1002 685 actas,

314 709 352 764 Et
369 707 438 762 belli
454 702 568 770 rabies,
597 709 627 754 et
639 717 721 754 arnor
734 699 879 755 successit
890 694 1035 754 habendil

230 792 290 850 Sed
306 793 391 865 plane
404 804 458 861 pro
471 784 562 840 tantis
574 783 658 838 bellis
674 784 818 858 susceptis
833 791 862 838 et
887 783 997 861 gestis,
1025 783 1104 838 iusta
1130 783 1264 840 defensio

229 876 429 932 Romanorum
443 876 504 940 est,
531 865 610 942 quod
624 866 806 922 irruentibus
821 865 877 922 sibi
894 867 1060 941 importune
1074 867 1202 922 inimicis
1216 885 1265 922 re-

229 959 334 1013 sistere
349 952 488 1030 cogebat,
515 969 577 1006 non
604 949 729 1006 ariditas
757 948 964 1024 adipiscendae
987 948 1082 1006 laudis
1108 947 1265 1021 humanae,

229 1038 280 1096 sed
293 1037 455 1093 necessitas
468 1032 596 1090 tuendae
608 1033 712 1090 salutis
724 1041 754 1087 et
766 1032 921 1087 libertatis.
943 1030 987 1088 lta
1001 1033 1041 1087 sit
1052 1034 1147 1108 plane.
1168 1033 1268 1105 „Nam

228 1129 411 1198 „postquam
435 1137 484 1175 res
508 1135 627 1188 eorum,
655 1117 733 1171 sicut
746 1115 850 1170 scribit
863 1115 925 1189 ipse
937 1112 1113 1186 Sallustius,
1138 1117 1267 1194 legibus,

229 1203 404 1279 „moribus,
430 1202 511 1280 agris
525 1209 630 1272 aucta,
649 1199 721 1255 satis
735 1215 893 1272 prospera,
908 1197 1042 1272 satisque
1053 1199 1168 1271 pollens
1182 1198 1267 1256 ride-

229 1289 360 1363 „batur,
388 1287 477 1343 sicuti
490 1285 630 1360 pleraque
643 1283 813 1338 mortalium
824 1279 987 1351 habentur,
1013 1279 1126 1336 invidia
1140 1299 1178 1337 ex
1192 1301 1267 1357 opu-

229 1372 349 1446 „lentia
362 1379 427 1426 orta
446 1377 499 1425 est.
535 1366 632 1445 lgitur
655 1383 743 1442 reges
769 1364 927 1439 populique
952 1363 1072 1418 finitimi
1096 1364 1172 1420 bello
1199 1375 1268 1422 ten-

229 1465 338 1528 „tare,
357 1454 462 1527 paucis
477 1469 515 1508 ex
528 1451 631 1506 amicis
645 1449 758 1506 auxilio
773 1465 848 1504 esse.
891 1445 969 1502 Nam
982 1447 1091 1502 caeteri
1102 1456 1183 1504 metu
1196 1467 1268 1523 per-

229 1577 250 1610 „
258 1537 333 1593 culsi
346 1539 436 1613 longe
449 1553 467 1590 a
479 1535 619 1608 perieulis
632 1533 764 1588 aberant.
807 1530 846 1586 At
857 1528 983 1586 Romani
993 1527 1072 1585 domi
1084 1532 1268 1606 militiaeque

229 1661 251 1692 „
262 1619 370 1674 intenti
383 1618 544 1687 festinare,
567 1633 690 1689 parare,
716 1615 793 1670 alius
806 1614 897 1670 alium
911 1610 1040 1685 hortari,
1065 1611 1199 1672 hostibus
1214 1616 1266 1672 ob·

230 1703 337 1777 „viam
350 1703 411 1773 ire3
438 1700 620 1770 libertatem,
647 1697 789 1772 patriam,
814 1705 1011 1771 parentesque
1038 1698 1127 1753 armis
1153 1707 1266 1777 tegere.

230 1784 332 1859 „Post
345 1784 395 1840 ubi
407 1783 538 1858 pericula
548 1783 660 1838 virtute
672 1782 879 1855 propulerant,
894 1780 983 1836 sociis
997 1788 1086 1856 atque
1099 1783 1201 1838 amicis
1211 1801 1265 1839 au-

229 1869 330 1941 „xilia
343 1867 516 1942 portabant,
537 1866 693 1943 magisque
707 1862 810 1919 dandis
825 1881 911 1938 quam
923 1862 1102 1938 accipiendis
1114 1864 1265 1922 beneficiis

229 1952 401 2025 „amicitias
414 1949 589 2024 parabant.“
623 1947 774 2005 Deceuter
787 1944 833 2002 his
846 1947 958 2003 artibus
971 1945 1065 2004 Roma
1079 1950 1181 2006 crevit.
1206 1947 1265 2005 Sed

229 2043 374 2114 regnante
386 2033 498 2105 Numa,
525 2041 559 2088 ut
572 2040 633 2088 tam
645 2033 736 2109 longa
749 2049 808 2105 pax
822 2039 916 2102 esset,
929 2039 1030 2088 utrum
1043 2033 1197 2090 irruebant
1210 2034 1264 2089 im·

228 2119 313 2196 probi
326 2117 461 2192 belloque
475 2115 645 2187 tentabant3
670 2133 709 2170 an
723 2112 797 2172 nihil
810 2132 913 2172 eorum
926 2113 1029 2186 fiebat,
1048 2123 1082 2171 ut
1093 2126 1196 2191 posset
1206 2135 1263 2192 pax

230 2204 281 2257 illa
306 2195 488 2277 persisteret
532 2197 566 2257 si
580 2199 659 2254 enim
672 2198 756 2272 bellis
771 2199 859 2254 etiam
872 2206 935 2254 tum
947 2195 1042 2254 Roma
1055 2199 1264 2272 lacessebatur,

179 2353 182 2358 Ι
230 2303 269 2341 ne
282 2286 371 2340 armis
385 2301 467 2339 arma
480 2282 567 2340 obvia
580 2281 769 2354 ferebantur3
788 2281 901 2357 ‘quibus
927 2279 1020 2338 modis
1046 2283 1206 2361 agebatur,
1233 2293 1264 2340 ut

230 2369 312 2424 nulla
335 2383 436 2445 pugna
465 2367 611 2440 superati,
638 2366 720 2421 nullo
734 2363 842 2422 Martio
856 2365 966 2440 impetu
980 2366 1078 2421 territi
1090 2365 1263 2424 sedarentur

229 2451 358 2522 inimici3
383 2448 429 2504 his
456 2447 551 2506 modis
569 2467 684 2523 semper
696 2456 852 2527 ageretur,
879 2457 910 2504 et
922 2467 1036 2523 semper
1048 2447 1142 2506 Roma
1156 2452 1263 2507 clausis

230 2533 294 2590 lani
306 2534 400 2608 portis
413 2541 518 2607 pacata
530 2544 679 2609 regnaret.
705 2530 792 2600 Quod
804 2533 831 2586 si
843 2532 874 2587 in
887 2539 1034 2605 potestate
1046 2551 1107 2590 non
1120 2529 1189 2606 fuit,
1204 2553 1264 2592 nou

231 2635 302 2695 ergo
317 2615 410 2672 Roma
422 2633 525 2690 pacem
536 2613 640 2670 habuit
653 2613 791 2690 quamdiu
806 2612 848 2670 dii
861 2632 979 2686 eorum,
993 2614 1045 2670 sed
1059 2616 1197 2690 quamdiu
1211 2617 1263 2673 ho-

230 2701 325 2756 mines
345 2698 465 2756 finitimi
491 2699 721 2772 circumquaque
746 2699 922 2769 voluerunt,
949 2699 1002 2772 qui
1014 2715 1079 2755 eam
1091 2701 1173 2757 nubo
1187 2701 1263 2757 bello

228 2791 480 2858 provocaverunt:
504 2781 654 2853 uisiforte
682 2779 724 2836 dii
741 2782 815 2836 tales
833 2781 922 2836 etiarn
943 2779 974 2836 id
998 2779 1111 2838 homiui
1135 2783 1265 2841 rendere

230 2864 396 2935 elidebant,
423 2863 502 2940 quod
514 2866 590 2920 alius
602 2861 690 2920 homo
705 2864 802 2921 voluit
814 2865 877 2920 sive
895 2864 1001 2920 uoluit.
1044 2864 1173 2922 Interest
1198 2869 1263 2942 qui·

230 2947 295 3002 dem
321 2948 380 3002 iarn
404 2948 478 3003 vitio
503 2948 638 3023 proprio,
663 2948 754 3004 malas
767 2956 882 3003 mentes
904 2955 1050 3021 quatenus
1064 2949 1201 3006 sinantur
1214 2953 1266 3007 isti

230 3029 387 3085 daemones
401 3031 449 3086 vel
460 3040 574 3087 terrere
587 3032 636 3087 vel
648 3031 793 3087 excitare:
821 3029 873 3086 sed
890 3029 916 3086 si
934 3048 1049 3106 semper
1061 3029 1117 3089 hoe
1129 3045 1264 3108 possent,

230 3132 285 3168 nec
296 3113 376 3168 aliud
387 3115 547 3171 secretiore
561 3131 597 3170 ac
610 3115 763 3190 superiore
775 3122 925 3188 potestate
940 3123 1044 3170 eontra
1058 3133 1160 3172 eorum
1173 3135 1264 3174 eona-

228 3204 292 3251 tum
307 3213 394 3271 saepe
407 3198 494 3254 aliter
507 3206 664 3275 ageretur,
692 3215 806 3272 semper
819 3197 851 3253 in
863 3205 1011 3271 potestate
1023 3195 1166 3256 haberent
1177 3220 1264 3276 paces

229 3279 408 3355 bellicasque
433 3282 592 3352 victorias,
621 3298 697 3354 quae
722 3297 836 3354 semper
849 3279 912 3336 fere
925 3299 978 3355 per
990 3278 1187 3340 humanorum
1199 3287 1264 3342 oui-

228 3379 345 3418 morum
362 3372 461 3420 motus
488 3363 642 3421 accidunt:
668 3367 684 3400 i
698 3380 771 3437 quas
785 3372 885 3420 tamen
907 3365 1080 3440 plerumque
1095 3376 1201 3424 eontra
1215 3387 1264 3426 eo·

227 3464 295 3502 rum
317 3445 383 3502 fieri
407 3448 608 3517 voluntatem,
635 3463 696 3501 uon
710 3446 937 3503 solum'labulae
959 3448 1052 3504 multa
1076 3452 1265 3524 mentientes,

228 3537 258 3584 et
271 3530 324 3585 vix
339 3531 403 3585 veri
420 3528 531 3604 aliquid
543 3531 591 3585 vel
605 3527 787 3600 indicantes,
814 3531 862 3586 rel
876 3529 1097 3608 significantes,
1112 3532 1163 3589 scd
1177 3537 1266 3591 etiam

227 3611 291 3687 ipss
304 3610 438 3668 Ronlans
452 3611 610 3667 confitetur
626 3607 759 3666 historia.
982 3611 1019 3682 (⁸
1033 3615 1073 3672 ol.
1090 3614 1174 3672 GAP.
1191 3616 1265 3696 XI.)
