2576 4396
289 221 348 278 DE
372 220 594 278 ClVlTllTE
617 221 698 279 DEl
721 223 802 280 LlB.
825 227 883 283 xl.
1031 237 1089 294 341

65 376 170 431 sicutIn
178 371 407 448 specierisibilis
414 370 546 447 [visibili]
553 370 690 443 hominis,
702 374 727 428 si
739 392 830 430 unum
839 376 1093 456 radatursuperei-

63 461 136 529 lium,
149 474 237 531 quam
250 453 457 530 propemodum
470 452 544 510 nihil
558 457 683 530 corpori,
696 464 727 511 et
738 474 824 531 quam
834 461 957 516 multum
967 463 1093 522 denubi-

63 550 106 597 tur
117 537 351 614 pulcbritudine3
378 539 516 612 quoniam
529 556 590 593 non
603 539 679 594 mole
694 547 820 611 constat,
833 541 885 597 sed
897 545 1047 616 parilitate
1060 566 1094 604 ac

60 622 236 678 dimensione
248 619 454 676 membrorum.
473 619 535 676 Nec
549 639 621 677 sane
631 623 755 678 multum
769 623 935 682 mirandum
949 636 1005 698 est,
1018 631 1095 703 quod

59 705 86 760 hi
100 706 147 780 qui
164 704 338 759 nonnullam
350 704 456 759 malam
469 714 574 778 putant
588 721 653 760 esse
666 713 802 762 naturam
816 725 870 764 suo
884 709 1010 785 quodam
1023 729 1094 767 con-

59 790 145 844 trario
160 794 296 842 exortam
309 795 558 864 propagatamque
570 788 727 862 principio,
742 790 848 846 nolunt
859 794 993 866 accipere
1008 795 1095 850 istam

59 889 172 926 causam
185 869 346 925 creationis
359 887 472 941 rerum,
500 879 534 926 ut
551 869 646 927 bonus
658 869 740 928 Deus
758 871 901 931 eonderet
912 874 1005 948 bona3
1031 895 1094 932 cre-

60 953 157 1010 dentes
179 970 246 1007 eum
262 953 361 1026 potius
380 951 417 1008 ad
436 951 508 1009 baec
525 954 674 1011 mundana
690 956 843 1013 molimina
855 957 1028 1016 rebellantis
1043 959 1094 1016 ad-

58 1054 170 1092 versum
184 1053 217 1090 se
229 1036 300 1090 mali
313 1045 445 1093 extrema
457 1039 633 1094 necessitate
646 1037 831 1111 perductum,
852 1059 993 1117 suasuque
1007 1052 1094 1099 natu-

58 1131 116 1174 ram
127 1118 235 1174 bonam
248 1119 326 1174 malo
340 1119 501 1176 coercendo
515 1121 736 1196 superandoque
749 1122 916 1194 miscuisse,
931 1143 1018 1198 quam
1031 1135 1094 1181 tur-

56 1203 171 1276 pissime
181 1203 323 1276 pollutam
336 1211 367 1258 et
378 1202 578 1258 crudelissime
590 1205 764 1277 captivatam
774 1212 805 1260 et
816 1222 984 1278 oppressam
995 1207 1094 1263 laboro

56 1303 158 1362 magno
182 1285 236 1340 vix
258 1283 380 1342 mundet
401 1303 435 1341 ac
460 1286 576 1357 liberet,
602 1304 664 1341 non
689 1293 782 1342 totam
799 1296 913 1358 tamen3
939 1289 992 1344 sed
1019 1290 1094 1364 quod
1127 1357 1129 1363 Ι

57 1369 115 1424 eius
129 1385 192 1424 non
204 1369 335 1442 potuerit
347 1367 382 1425 ab
395 1370 447 1424 illa
460 1369 666 1443 inquinatione
682 1370 820 1446 purgari,
846 1379 966 1448 tegmen
980 1390 1015 1427 ac
1027 1372 1094 1427 vin-

56 1453 147 1507 culum
161 1451 296 1507 futurum
308 1449 403 1508 hostis
417 1453 489 1509 victi
502 1461 533 1508 et
544 1453 662 1509 inclusi.
681 1450 733 1510 Sic
746 1461 844 1508 autem
856 1452 1021 1510 Manichaei
1035 1472 1093 1510 uon

55 1534 229 1610 desiperent,
242 1536 291 1592 vel
302 1538 401 1611 potius
415 1537 591 1608 insanirent,
606 1537 632 1591 si
645 1534 703 1596 Dei
716 1544 861 1608 naturam,
875 1537 964 1594 sicuti
978 1546 1034 1608 est,
1048 1538 1093 1592 in-

54 1618 294 1692 commutabilem,
309 1627 396 1695 atque
409 1621 528 1677 omnino
539 1617 792 1695 incorruptibilem
803 1618 967 1692 crederent,
981 1621 1029 1676 cui
1040 1638 1093 1676 no-

53 1719 115 1757 cere
133 1703 215 1758 nulla
227 1720 276 1757 res
294 1705 403 1776 possit:
430 1704 559 1760 aniciam
577 1721 649 1760 vero
669 1719 743 1779 quae
761 1705 914 1760 voluntate
932 1705 1041 1759 mutari
1063 1703 1094 1756 in

55 1783 181 1841 deterius
196 1793 228 1840 et
239 1795 361 1858 peccato
376 1789 524 1861 corrumpi
536 1787 651 1860 potuit,
677 1796 765 1860 atque
783 1787 826 1842 ita
844 1785 1093 1842 incommutabilis

53 1869 183 1924 veritatis
197 1869 263 1924 luce
276 1870 404 1944 privari,
432 1889 493 1926 non
507 1869 566 1926 Dei
579 1877 708 1944 partem,
735 1887 790 1924 nec
805 1870 868 1924 eius
881 1878 1006 1925 naturae
1019 1885 1093 1944 qnae

52 1949 106 2006 Dei
120 1960 177 2022 est,
192 1950 245 2006 sed
258 1951 293 2006 ab
307 1953 359 2008 illo
373 1953 520 2009 conditam
533 1954 623 2030 longe
636 1954 776 2028 imparem
785 1949 939 2009 Conditori
949 1950 1092 2009 Christia-

53 2053 88 2090 na
101 2034 231 2091 sanitate
244 2035 400 2091 sentirent.

405 2187 528 2246 CAP.
572 2185 735 2244 XXlll.

215 2280 258 2334 De
269 2283 471 2352 erramusque
484 2282 612 2354 origenis
624 2283 747 2336 doctrina
757 2283 924 2350 inculpatur.

109 2371 172 2430 Sed
185 2373 277 2427 multo
292 2379 338 2426 est
350 2372 516 2430 mirandum
529 2374 667 2447 amplius,
692 2370 768 2446 quod
783 2373 870 2428 etiam
883 2371 1015 2447 quidam,
1043 2373 1093 2445 qui

48 2475 138 2512 unum
148 2454 305 2511 nobiscum
318 2455 441 2510 eredunt
454 2457 582 2512 omnium
595 2471 695 2508 rerum
709 2472 773 2507 esse
787 2456 973 2527 principium,
987 2456 1090 2509 ullam·

48 2557 100 2613 que
111 2547 264 2607 naturam,
277 2555 354 2613 quae
364 2556 426 2594 non
437 2548 483 2593 est
496 2535 572 2611 quod
585 2533 667 2588 Deus
682 2543 738 2604 est,
752 2537 810 2588 nisi
824 2536 859 2590 ab
872 2537 923 2589 illo
939 2534 1090 2589 conditore

47 2641 111 2677 esse
126 2639 189 2677 non
202 2635 304 2693 posse;
318 2622 478 2676 noluerunt
489 2628 587 2672 tamen
598 2617 685 2670 istam
697 2633 815 2670 causam
828 2613 993 2670 fabricandi
1006 2633 1090 2669 mun-

47 2705 74 2760 di
83 2715 145 2760 tam
157 2703 266 2758 bonam
277 2721 311 2758 ac
325 2702 487 2776 simmicem
498 2699 574 2755 bene
587 2717 622 2754 ac
636 2699 809 2772 simpliciter
822 2696 953 2768 credere,
965 2706 999 2752 ut
1009 2695 1091 2752 Deus

46 2786 140 2842 bonus
152 2785 297 2842 conderet
308 2785 397 2856 bona,
411 2793 441 2840 et
451 2791 551 2840 essent
560 2791 628 2856 post
638 2780 735 2838 Deum
746 2799 820 2856 quae
829 2799 891 2837 non
902 2788 1002 2836 essent
1014 2779 1091 2854 quod

46 2881 89 2925 est
103 2869 207 2939 Deus,
228 2869 305 2924 bona
317 2877 415 2924 tamen
428 2887 503 2943 quae
516 2883 576 2923 non
590 2865 701 2921 laceret
715 2865 881 2921 nisibenus
895 2862 987 2920 Deus.
1031 2861 1091 2920 Sed

46 2955 159 3008 animas
175 2949 293 3020 dicunt,
317 2969 377 3007 non
392 2951 508 3026 quidem
520 2958 619 3026 partes
633 2947 709 3021 Dei,
729 2947 780 3004 sed
793 2947 885 3004 factas
899 2966 917 3004 a
930 2946 1006 3020 Deo,
1020 2965 1089 3023 pec-

46 3054 129 3092 casse
142 3054 161 3090 a
174 3032 337 3090 Conditore
355 3033 533 3106 recedend03
560 3043 590 3089 et
609 3031 733 3089 diversis
753 3032 958 3112 progressibus
978 3049 1031 3106 pro
1045 3030 1089 3085 di-

45 3119 189 3174 versitate
201 3125 402 3191 peccatorum,
417 3135 434 3174 a
448 3118 538 3174 coelis
551 3134 644 3191 usque
658 3115 694 3172 ad
706 3124 817 3188 terras,
836 3115 954 3173 diversa
968 3131 1090 3188 corpora

46 3202 131 3274 quasi
144 3201 267 3257 vincula
279 3201 436 3257 meruisse:
463 3209 494 3256 et
504 3198 582 3256 lrunc
596 3217 661 3254 esse
674 3198 825 3270 mundum,
839 3216 960 3274 eamque
972 3214 1089 3254 causam

46 3282 149 3338 mundi
163 3281 255 3338 fuisse
268 3281 408 3354 faciendi,
422 3301 483 3339 non
494 3291 527 3338 ut
536 3280 731 3338 conderentur
741 3283 828 3350 bona,
842 3280 894 3336 sed
906 3287 940 3336 ut
952 3281 1028 3336 mala
1042 3297 1088 3333 eo-

45 3363 232 3422 biberentur.
271 3364 350 3420 Hinc
363 3365 504 3442 Origines
515 3367 588 3420 iure
601 3359 743 3438 culpatur.
777 3361 812 3418 In
829 3364 911 3419 libris
925 3363 1004 3417 enim
1017 3377 1094 3434 quos

46 3451 177 3522 appellat
186 3444 255 3527 περὶ
266 3439 376 3527 ἀρχῶν,
386 3449 417 3504 id
427 3457 481 3520 est,
494 3447 529 3502 da
539 3447 704 3522 principiis,
715 3443 771 3502 hoc
783 3446 887 3515 sensit,
898 3442 953 3498 bec
965 3442 1090 3514 scripsit.

45 3529 101 3587 Vbi
114 3533 185 3607 plus
200 3549 289 3606 quam
302 3530 359 3586 dici
370 3540 477 3607 potest,
491 3532 582 3586 miror
594 3528 743 3585 bominem
755 3529 787 3582 in
801 3525 1009 3582 ecclesiasticis
1023 3521 1090 3577 lite-

45 3615 85 3668 ris
99 3623 164 3670 tam
178 3614 298 3670 doctum
312 3623 342 3669 et
355 3614 564 3682 exercitatum,
589 3629 651 3668 non
664 3608 837 3680 ostendisse,
863 3606 990 3682 primum
1006 3621 1092 3679 quam

43 3691 100 3752 hoc
115 3706 198 3754 esset
211 3697 393 3753 contrarium
405 3695 575 3770 Scripturas
586 3693 675 3750 buius
687 3701 786 3749 tantae
798 3688 982 3746 auctoritatis
991 3687 1091 3742 inten-

45 3777 141 3850 tioni,
168 3797 246 3854 quae
262 3797 317 3854 per
336 3781 435 3835 omnia
449 3795 537 3853 opera
554 3777 612 3834 Dei
629 3775 827 3852 subiungens,
849 3771 892 3829 Et
907 3771 986 3828 cidit
997 3767 1092 3838 Deus,

47 3861 119 3936 quia
132 3861 239 3920 donum
254 3870 319 3934 est‚·
331 3862 537 3938 completisque
550 3859 684 3918 omuibus
698 3857 845 3927 inferens,
867 3852 908 3910 lit
920 3851 997 3910 cidit
1007 3849 1092 3909 Deus
