2530 4392
209 207 269 268 ³32
436 197 531 256 Dlvl
554 195 746 255 AVREbll
771 194 1038 256 AVGVS'l'lNl.

208 366 270 427 ret,
296 355 343 411 vel
362 371 429 408 eum
447 352 498 426 qui
518 349 714 422 undecunque
729 349 1041 426 accensurexstingui
1054 351 1166 406 omnino
1177 369 1216 406 ιιι

208 447 316 517 posset,
331 445 361 492 et
373 444 490 492 caetera
503 452 577 509 quae
592 433 806 508 praetermissis
821 433 886 488 aliis
900 435 1063 488 innumeris
1075 451 1217 490 commemo
1240 425 1241 496 l

207 522 299 580 rande
313 521 432 578 interim
446 513 534 574 durii
572 515 655 574 Haec
669 534 744 594 ergo
757 518 789 572 in
802 517 853 572 illo
867 519 999 587 saeculo,
1028 517 1109 592 quod
1119 516 1217 572 futurua
1240 517 1241 572 l

208 616 269 676 cst,
288 606 314 660 si
329 603 490 660 diceremus
504 601 620 670 futura,
645 599 788 674 nobisque
801 601 948 656 increduli
962 600 1181 675 responderent,
1197 598 1216 655 S'
1240 575 1241 660 b

208 691 295 746 vultis
309 697 342 744 ut
355 707 390 744 ea
403 687 572 757 credamus,
600 683 635 739 de
655 685 780 761 singulis
799 682 912 738 reddite
929 686 1093 740 rationem:
1120 701 1167 740 nos
1178 701 1217 738 ιιι

207 791 293 850 posse
308 771 532 840 confiteremur,
559 787 594 824 eo
609 766 686 843 quod
698 768 764 823 istis
779 777 809 823 et
822 768 964 824 similibus
978 766 1039 824 Dei
1057 769 1137 824 miris
1149 769 1217 842 operi

209 859 261 914 bus
286 855 404 912 infirma
421 855 590 911 mortalium
612 853 800 910 ratiocinatio
824 853 1010 923 vinceretur3
1038 851 1130 907 lixam
1148 860 1218 906 tanen

208 940 284 1015 apud
298 957 352 994 nos
367 957 433 994 esse
446 938 603 1007 rationem,
618 953 679 992 non
690 937 755 992 sine
768 936 883 992 ratione
895 935 1129 1009 omnipotentem
1139 934 1219 1002 iacere,
1240 1007 1241 1010 Ἴ

209 1023 285 1080 unde
305 1023 418 1078 animus
429 1019 582 1078 humanus
599 1018 732 1075 infirmus
752 1019 898 1075 rationem
916 1037 975 1075 non
994 1028 1098 1093 potest
1114 1016 1219 1074 reddere:
1240 1011 1241 1062 ἶ

209 1109 283 1164 etin
297 1106 397 1162 multis
411 1104 528 1179 quidem
545 1103 632 1160 rebus
646 1097 791 1160 incertum
804 1103 889 1160 nobis
904 1121 969 1158 esse
983 1102 1057 1178 quid
1070 1104 1151 1173 velit;
1171 1098 1220 1156 illud
1240 1137 1241 1144 ι

209 1201 307 1248 tamen
321 1207 386 1246 esse
400 1189 606 1260 certissimum,
621 1185 694 1243 nihil
707 1205 808 1242 eorum
820 1187 866 1242 illi
879 1202 943 1244 esse
952 1187 1145 1262 impossibile,
1157 1201 1219 1259 qure-

210 1289 324 1350 cunque
347 1273 489 1332 voluerit:
516 1273 600 1346 eique
619 1289 673 1328 nos
692 1269 811 1327 credere
827 1269 1024 1345 praedicenti,
1053 1289 1137 1346 quem
1154 1283 1220 1342 neque

208 1360 417 1433 impotentem,
444 1373 540 1431 neque
553 1356 746 1412 mentientem
758 1371 911 1428 possumus
926 1353 1059 1412 credere.
1103 1353 1140 1411 Hi
1151 1362 1218 1408 tanen

208 1441 277 1498 fidei
287 1440 531 1514 reprehensores,
547 1448 759 1513 exactoresque
770 1439 908 1510 rationis,
923 1439 993 1512 quid
1007 1439 1047 1494 ad
1061 1439 1117 1496 ista
1130 1453 1217 1510 respon·

208 1525 296 1596 dent,
324 1525 360 1580 de
379 1524 483 1599 quibus
502 1524 579 1580 ratio
601 1521 683 1580 reddi
701 1521 736 1576 ab
755 1519 873 1578 homine
892 1539 952 1578 non
970 1521 1087 1596 potest,
1113 1531 1139 1578 et
1151 1530 1218 1576 tanen

208 1618 292 1676 sunt,
320 1615 349 1664 et
368 1609 426 1682 ipsi
444 1607 555 1664 rationi
574 1615 698 1666 naturae
719 1604 858 1662 videntur
875 1623 943 1688 'esse
963 1601 1133 1664 contrarial
1164 1605 1218 1668 Quae

208 1693 234 1747 si
248 1691 348 1746 future
362 1709 427 1746 esse
441 1690 623 1760 diceremus,
652 1690 787 1746 similiter
801 1707 818 1746 a
832 1689 933 1760 nobis,
960 1691 1041 1746 sicut
1060 1707 1155 1746 earam
1170 1701 1218 1760 qna
1240 1749 1241 1754 ἵ

208 1775 308 1830 futura
323 1791 387 1828 esse
401 1771 534 1840 dicimus,
549 1773 583 1828 ab
597 1771 763 1828 infidelibus
774 1774 851 1830 ratio
862 1781 1045 1847 posceretur.
1072 1773 1115 1830 Ae
1125 1768 1218 1848 perlae,

208 1875 275 1913 cum
292 1857 324 1912 in
345 1855 450 1912 talibus
470 1855 604 1928 operibus
625 1853 683 1912 Dei
702 1855 820 1914 deficiat
836 1858 912 1914 ratio
925 1856 1035 1914 cordis
1062 1869 1093 1914 et
1110 1851 1218 1912 sermonis

208 1939 346 2010 humani,
373 1940 452 1996 sicut
469 1939 527 1994 ista
541 1957 600 1996 non
616 1938 683 1994 idco
697 1957 759 1996 non
774 1949 861 2012 sunt,
888 1941 931 1996 sic
945 1958 1005 1996 non
1019 1939 1091 1998 ideo
1105 1936 1219 1997 euenit
1240 1901 1241 1960 d

208 2043 269 2080 non
292 2032 393 2094 erunt,
419 2023 559 2100 quoniam
579 2024 655 2080 ratio
677 2021 712 2078 de
733 2025 867 2099 utrisque
888 2024 923 2082 ab
940 2021 1064 2082 homine
1082 2042 1139 2082 non
1153 2023 1219 2096 potat

208 2107 297 2164 reddi.
506 2127 509 2132 ¹
1240 2143 1241 2172 3

617 2189 735 2248 cna.
780 2189 839 2247 vi.
1240 2179 1241 2250 l

208 2271 288 2336 ana
295 2289 347 2324 nan
357 2273 446 2326 atracia
458 2273 591 2324 tetracola
602 2270 744 2324 nataralia
754 2271 824 2335 aiat,
845 2273 892 2324 sed
900 2273 1033 2342 pleraque
1049 2273 1160 2326 bartiano
1170 2268 1214 2338 age

293 2340 338 2392 aio
349 2341 519 2412 modificata,
536 2344 667 2411 pleraque
677 2349 768 2392 antem
779 2341 935 2395 daeasoaam
944 2352 1005 2396 arte
1016 2343 1168 2412 composita.
1240 2357 1241 2366 ¹

266 2445 325 2504 Hic
340 2447 416 2504 forte
430 2449 645 2524 respondeant,
658 2447 782 2504 Prorsus
797 2468 851 2506 nec
866 2451 1024 2524 istasunt,
1046 2471 1104 2510 nec
1116 2453 1167 2507 iste
1177 2463 1220 2503 ιιι·

207 2531 318 2602 dimus,
345 2532 418 2588 falsa
432 2531 467 2588 de
486 2531 532 2588 his
551 2532 644 2601 diota,
671 2532 746 2589 falsa
764 2535 932 2609 conscripta
949 2544 1037 2608 sunt3
1064 2544 1095 2594 et
1112 2532 1220 2592 adiiciant

207 2617 435 2686 ratiocinantes,
450 2625 537 2692 atque
550 2615 683 2672 dicentes
690 2655 701 2687 ,
714 2613 748 2673 Si
761 2618 832 2674 talia
846 2617 991 2676 credenda
1002 2629 1086 2692 sunt,
1101 2615 1220 2676 crediteel

207 2717 260 2756 vos
274 2699 352 2774 quod
365 2701 397 2756 in
410 2699 527 2756 easdem
539 2701 640 2756 literas
654 2709 699 2756 est
711 2701 848 2773 relatum,
862 2701 954 2758 inim
966 2704 1012 2759 rel
1026 2721 1096 2760 esse
1108 2696 1220 2778 quoddra

206 2781 331 2839 Veneria
345 2781 463 2854 ianam,
490 2793 579 2860 atque
593 2784 634 2841 ibi
647 2782 868 2857 candelabrum,
895 2787 969 2843 etin
983 2803 1019 2842 eo
1032 2788 1177 2844 lucernam
1186 2776 1220 2835 nb

207 2865 274 2922 divo
293 2868 336 2922 sic
355 2865 523 2937 ardentem,
550 2877 584 2924 ut
597 2885 661 2923 eam
675 2867 756 2924 nulla
768 2876 943 2944 tempestas,
969 2871 1071 2928 nullus
1090 2867 1175 2927 imber
1187 2879 1221 2919 ex·

207 2950 389 3024 stingueret,
416 2947 495 3004 unde
508 2951 584 3006 sieut
598 2951 649 3006 ille
662 2951 755 3026 lapis,
780 2952 837 3008 ista
858 2953 900 3010 ita
919 2945 1022 3032 λύχνος
1036 2947 1185 3032 ἄσβεστος,
1202 2943 1220 3000 id

207 3039 262 3100 est,
276 3031 399 3084 lucerna
411 3032 665 3110 inexstinguibilis
675 3036 827 3092 nominata
837 3043 891 3094 est.
918 3036 1002 3105 Quod
1013 3046 1165 3112 propterea
1175 3037 1220 3107 pti·
1240 3107 1241 3112 η

207 3121 294 3168 erunt
307 3111 421 3186 dicere,
435 3123 467 3170 ut
481 3116 679 3190 respondendi
692 3118 777 3176 nobis
791 3122 945 3198 angustias
957 3122 1118 3198 ingerant:
1140 3111 1219 3193 quini
1240 3139 1241 3166 1

206 3197 368 3253 dixerimus
382 3216 442 3254 non
458 3218 523 3260 esse
537 3200 731 3273 credendum,
757 3204 867 3278 scripta
878 3205 929 3260 illa
942 3205 1149 3261 miraculorum
1159 3195 1219 3254 infir·
1240 3251 1241 3262 ,

205 3280 361 3352 ιιιΙιίιιιιιι;
388 3283 526 3339 siautcrn
539 3283 714 3341 credendum
733 3303 799 3351 esse
819 3288 1069 3358 concesserimus,
1094 3282 1218 3343 confirm*
1240 3295 1241 3348 ]

205 3365 298 3422 bimus
312 3366 434 3422 numina
447 3385 641 3446 paganorum.
670 3367 731 3426 Sed
744 3387 798 3426 nos
812 3371 890 3429 sicut
901 3372 960 3426 iam
972 3372 1004 3426 in
1017 3371 1093 3428 libro
1106 3361 1217 3424 duodevi-

204 3451 317 3526 gesimo
330 3447 415 3505 buius
430 3451 534 3526 Operis
549 3451 627 3523 dixi,
651 3470 712 3508 non
725 3449 863 3510 habemus
877 3471 999 3510 necesse
1013 3455 1112 3510 omnia
1125 3445 1215 3507 credetl

205 3550 281 3608 quae
296 3535 430 3590 continet
449 3534 573 3592 historia
593 3538 740 3612 gentium,
771 3555 838 3592 cum
852 3539 1043 3610 etipaiinter
1056 3527 1214 3592 schismati

204 3617 281 3671 sicut
294 3617 336 3672 ait
348 3613 458 3690 Varro,
474 3621 558 3694 quasi
571 3618 639 3676 data
653 3637 741 3694 opera
756 3628 787 3676 et
799 3621 883 3695 quasi
896 3635 933 3676 ex
947 3619 1091 3676 industrie
1102 3611 1214 3693 permult¹

205 3695 396 3771 dissentiant;
425 3701 476 3758 sed
489 3721 540 3773 ee,
555 3703 581 3759 si
594 3705 728 3759 volumus
735 3742 744 3772 ,
764 3703 911 3760 credimus
924 3721 999 3779 quae
1013 3721 1072 3760 non
1085 3700 1213 3758 adversare

205 3790 253 3835 tur
266 3780 367 3850 libris,
385 3785 488 3856 quibus
500 3804 561 3843 non
574 3785 738 3842 dubitamus
754 3796 891 3862 oportere
905 3805 960 3844 nos
977 3786 1103 3844 credere.
1136 3781 1174 3839 ue
1184 3774 1214 3828 Μ’

203 3871 302 3917 autem
322 3863 530 3924 miraculorum
549 3869 638 3940 lacis,
663 3869 748 3926 nabis
763 3871 800 3928 ad
815 3889 850 3928 ιι
865 3889 939 3948 quae
951 3870 1050 3929 futura
1067 3860 1213 3944 persuadet*
