2530 4392
202 207 263 264 264
432 193 529 254 lllVl
550 191 738 252 AVRELll
758 187 1017 248 AVGVSTlNl

203 359 243 416 rit
256 352 419 413 Christum:
446 358 478 406 et
490 346 558 404 ideo
569 363 623 422 per
636 363 701 402 cum
715 344 813 400 salvus
826 359 891 398 esse
904 359 965 398 non
977 343 1092 418 possit,
1105 361 1166 398 nec
1181 344 1231 399 isa

202 459 269 498 rum
291 434 577 508 mendaciloquorum
598 430 772 486 daemonum
790 427 913 502 laqueos
931 427 1027 482 vitarc
1047 427 1098 482 vel
1126 428 1234 482 solvere

204 523 268 582 Nos
282 529 379 578 autem
393 535 487 593 nequo
500 515 666 590 Apollinem
678 514 892 586 vituperantem
905 507 1070 582 Christum,
1082 527 1184 585 nequa
1192 508 1235 565 lle-

204 617 291 664 caten
315 619 469 678 possumus
497 597 657 674 approharc
682 593 858 654 laudantem.
903 591 957 648 llle
980 595 1093 668 quippe
1114 604 1234 669 tanquan

203 692 338 766 iniquum
352 684 502 743 Christum
513 683 579 739 vult
592 681 689 752 credi,
703 697 790 756 quem
802 697 820 734 a
832 677 976 734 iudicibus
989 687 1077 733 recta
1092 678 1234 734 sentienti·

204 774 260 831 ltus
274 772 347 828 dicit
360 787 423 825 esse
437 767 584 836 occisum3
608 765 667 821 ista
679 761 828 820 hominem
840 762 1020 834 piissimum,
1034 760 1091 817 sed
1103 759 1234 817 hominen

205 865 328 914 tantum.
351 850 416 908 Vna
429 859 474 906 est
487 859 587 905 tamen
602 857 633 904 ct
645 848 724 904 illius
739 855 768 901 ct
781 843 868 902 huius
882 845 1023 917 intentio,
1036 854 1074 901 ut
1088 846 1186 902 nolint
1197 843 1235 899 ho-

205 943 300 998 mines
314 954 377 992 esse
391 933 590 1004 Christianos3
617 934 667 1007 qui
693 931 752 985 nisi
772 927 934 986 Christiani
956 937 1066 1000 erunt,
1094 929 1132 985 ab
1154 945 1238 984 corun

205 1023 269 1080 erui
282 1027 426 1096 potestate
440 1036 501 1074 non
514 1024 662 1091 poterunt.
705 1012 764 1069 lste
777 1031 849 1069 vcro
861 1011 1072 1088 philosophus,
1096 1013 1144 1070 vel
1155 1013 1252 1102 potissi

206 1107 258 1182 qni
271 1103 379 1160 talibus
393 1101 537 1159 adversus
552 1097 736 1156 Christianos
745 1099 835 1174 ‘quasi
854 1097 981 1153 oraculis
1000 1095 1148 1168 credunt,
1173 1096 1252 1174 prium

206 1189 333 1258 faciant,
359 1188 386 1243 si
404 1193 543 1262 possunt,
569 1192 603 1240 ut
619 1184 697 1240 inter
717 1201 749 1238 se
767 1181 803 1236 de
820 1183 884 1256 ipso
898 1179 1016 1237 Christo
1030 1178 1151 1236 Hecate
1168 1189 1239 1253 atque

206 1274 309 1349 Apollo
325 1270 520 1342 concordent,
547 1285 673 1343 eumque
690 1275 741 1324 aut
759 1266 842 1322 ambo
863 1261 1081 1336 condemnent,
1108 1273 1161 1321 aut
1173 1263 1239 1319 ambs

209 1355 387 1415 collaudent.
432 1352 556 1423 Quodsi
570 1351 860 1426 facerepotuissent,
875 1347 967 1406 nihilo
981 1349 1083 1404 minus
1098 1367 1154 1404 nos
1169 1357 1197 1403 et
1207 1347 1238 1402 vi·

208 1449 392 1516 tuperatores
412 1447 442 1494 ct
458 1436 626 1494 laudatores
644 1433 755 1492 Christi
772 1432 890 1491 fallaces
910 1431 1069 1489 daemones
1083 1434 1232 1489 vitaremus

208 1523 283 1582 Cum
297 1542 368 1580 varo
388 1541 491 1578 corum
507 1519 578 1576 deus
599 1529 629 1575 et
646 1519 700 1575 dca
717 1520 796 1574 inter
816 1536 847 1572 se
861 1515 897 1573 de
911 1514 1047 1588 Christo,
1076 1518 1129 1572 ille
1142 1517 1238 1589 vitupe

206 1605 316 1675 rando,
342 1607 402 1661 ista
427 1603 572 1660 laudando
601 1603 797 1672 dissentiant3
824 1601 956 1676 prolecto
983 1596 1255 1676 blasphcnrantilrurl

208 1687 392 1745 Christianos
407 1705 468 1744 non
481 1685 607 1743 crcdunt
618 1684 769 1757 homines,
785 1686 812 1740 si
823 1694 904 1742 recte
913 1685 971 1758 ipsi
984 1685 1129 1741 sentiant.

270 1768 349 1826 Sane
364 1768 512 1826 Christum
525 1769 665 1840 laudans,
690 1771 740 1825 vel
751 1767 947 1845 Porphyrius,
974 1769 1023 1826 vel
1036 1766 1174 1841 Hecate,
1192 1785 1240 1822 cun
1255 1795 1256 1800 κ

209 1855 304 1924 dicat,
319 1871 387 1911 eum
399 1853 496 1926 ipsum
509 1851 624 1908 dedisse
637 1852 768 1908 fataliter
781 1851 968 1924 Christianis,
981 1861 1016 1907 ut
1029 1853 1241 1927 implicarentur

209 1953 321 2008 errore,
336 1953 438 1992 causas
451 1943 549 1992 tamen
563 1935 703 2008 eiusdem,
717 1937 793 1992 siout
805 1945 900 2012 putat,
911 1935 1013 2011 pandit
1027 1938 1154 1993 erroris.
1180 1936 1242 2001 Qun
1256 1982 1257 2018 p

209 2029 379 2096 antequam
393 2038 431 2076 ex
443 2020 541 2077 verbis
556 2020 617 2075 eius
632 2037 794 2094 exponam,
821 2021 902 2094 prius
922 2037 1053 2095 quaero,
1082 2021 1112 2076 si
1127 2019 1257 2077 latulim'

209 2104 290 2161 dedit
304 2102 438 2161 Christus
452 2101 627 2160 Christianis
642 2106 750 2162 erroris
763 2105 1010 2178 implicationem,
1024 2111 1129 2160 utrum
1142 2105 1242 2168 volens,

210 2209 248 2247 an
261 2190 366 2246 nolens
380 2187 503 2244 dederit.
525 2185 560 2246 Si
571 2189 687 2259 volens,
701 2187 845 2264 quomodo
857 2184 975 2244 iustusl
998 2186 1035 2245 Si
1048 2189 1171 2260 nolens,
1185 2204 1242 2262 quo·

209 2272 295 2328 modo
307 2268 431 2329 beatusl
460 2270 521 2328 Sed
533 2273 592 2328 iam
604 2289 707 2328 causas
721 2273 812 2348 ipsius
828 2270 978 2328 audiamus
994 2273 1119 2327 erroris.
1147 2270 1243 2344 „Sunt

210 2356 345 2428 ‚,inquit‚
373 2356 494 2428 spiritus
514 2356 626 2411 terreni
646 2355 762 2413 minimi
773 2357 838 2412 loco
853 2351 998 2432 [terreno]
1020 2355 1153 2430 quodam
1165 2355 1243 2411 malo

211 2456 300 2510 „rum
312 2436 488 2494 daemonum
504 2439 643 2513 potestati
656 2440 790 2496 subiecti.
823 2439 867 2496 Ab
880 2437 926 2495 his
940 2440 1089 2514 sapicntes
1104 2438 1244 2496 Hebraeo

210 2539 317 2594 „rum,
342 2539 467 2598 quorum
478 2539 555 2578 unus
571 2523 628 2579 iste
641 2525 729 2579 etlam
742 2521 825 2579 lesus
838 2521 914 2594 fuit,
939 2525 1018 2578 sicut
1031 2521 1146 2579 audisti
1158 2522 1244 2578 dirim

210 2605 378 2680 „Apollinis
393 2601 557 2682 [oracula],
585 2623 659 2682 quae
683 2607 817 2682 superius
842 2605 922 2663 dicta
943 2615 1027 2678 sunt;
1052 2607 1089 2662 ab
1113 2605 1162 2663 his
1186 2624 1244 2682 erga

212 2687 364 2754 „Hebraei
378 2688 567 2746 daemonibus
580 2691 716 2766 pessimis
727 2699 757 2746 et
769 2690 933 2746 minoribus
945 2689 1101 2765 spiritibus
1115 2690 1244 2748 vetabam

210 2774 386 2851 „religiosos
393 2811 403 2843 ‚
418 2782 448 2828 ct
461 2774 533 2848 ipsis
547 2791 655 2831 vacare
667 2772 874 2849 prohibebant:
894 2774 1034 2830 venerari
1046 2783 1151 2830 autam
1163 2775 1244 2850 magis

209 2857 376 2927 „coelestes
390 2854 477 2926 deos,
503 2858 628 2930 amplius
642 2868 740 2914 autem
751 2859 890 2915 venerari
904 2854 1000 2938 Deum
1013 2855 1147 2914 Patrem.
1193 2856 1244 2914 llos

209 2946 344 3008 „autem,
362 2938 474 3011 inquit,
494 2949 523 2994 et
536 2939 577 2994 dii
589 2942 791 3015 praecipiunt,
815 2951 845 2998 ct
857 2944 890 2998 in
904 2941 1109 3016 superioribus
1124 2939 1245 2998 ostendi·

208 3037 312 3090 „mus,
339 3019 582 3092 quemadmodum
597 3024 727 3080 animum
743 3025 895 3082 advertere
908 3024 945 3081 ad
958 3023 1056 3082 Deum
1069 3037 1212 3094 monent,
1224 3037 1246 3078 ιι

207 3102 314 3174 „illum
327 3103 423 3158 colere
436 3102 544 3180 ubique
557 3105 711 3181 imperant.
746 3107 856 3166 Vcrum
868 3109 981 3166 indocti
1000 3118 1030 3164 ct
1043 3109 1157 3183 impiae
1171 3117 1245 3166 natu·

207 3203 299 3258 „rac,
330 3184 435 3260 quihus
453 3206 524 3244 vere
541 3189 635 3246 fatum
655 3209 717 3249 non
735 3195 884 3251 concessit
902 3212 920 3250 a
937 3193 993 3250 diis
1013 3191 1093 3248 dona
1108 3193 1244 3257 chancre,

206 3287 324 3346 „neque
350 3267 457 3326 hahere
480 3269 559 3330 lovis
581 3275 754 3332 immortalis
778 3279 944 3349 notionem,
971 3295 1032 3332 non
1053 3275 1245 3334 audientem

206 3354 299 3428 „deos
312 3363 342 3411 ct
356 3352 471 3412 divinos
484 3357 581 3430 viros,
598 3357 666 3415 deos
681 3359 799 3435 quidem
813 3377 915 3417 omnes
927 3369 1164 3431 recusaverunt,
1188 3377 1246 3435 pro-

206 3437 336 3510 „hihitos
350 3447 451 3495 autern
464 3438 620 3498 daemones
634 3453 664 3499 ct
676 3441 730 3499 hos
744 3463 806 3500 non
819 3443 932 3515 odisse,
959 3443 1010 3500 sed
1022 3445 1161 3499 revereri
1182 3443 1244 3521 [non

205 3524 324 3595 „solum
348 3523 437 3578 nullis
462 3523 537 3580 odiis
559 3526 690 3600 insequi,
718 3526 769 3584 sed
790 3528 880 3585 etiam
899 3527 1030 3585 revereri
1047 3519 1244 3605 delegerant}

205 3603 325 3674 „Deum
338 3615 437 3662 autem
449 3607 619 3666 simulantes
635 3611 747 3682 colere,
768 3613 879 3668 casola
891 3629 945 3686 pcr
958 3627 1032 3687 quae
1044 3607 1134 3666 Deus
1148 3611 1241 3666 adors-

205 3693 293 3753 „tur,
320 3705 381 3744 non
400 3699 502 3766 agunt.
542 3689 618 3749 Nam
630 3691 712 3749 Deus
732 3694 863 3770 quidem,
888 3703 990 3770 utpote
1003 3693 1139 3750 omnium
1152 3693 1244 3757 Pater,

205 3765 337 3834 „nullius
351 3769 479 3846 indiget:
507 3772 559 3828 sed
572 3775 656 3831 nohis
670 3785 716 3831 est
728 3777 820 3848 bene,
835 3797 901 3834 cum
916 3797 982 3834 eum
994 3794 1047 3852 per
1060 3777 1207 3832 iustitiam
1220 3785 1244 3828 ιι

205 3845 394 3922 „castitatem
406 3853 536 3928 aliasque
547 3858 672 3914 virtutos
687 3858 852 3933 adoramus,
866 3863 959 3938 ipsam
972 3861 1064 3919 vitam
1077 3875 1201 3935 precem
1213 3854 1242 3913 sd
