2602 4416
236 243 275 300 46
472 227 575 287 DlVl
602 223 792 303 AVRELll
821 227 1072 288 AVGVSTlNl

237 407 338 447 secum
351 383 485 442 trahant:
515 383 578 438 sive
595 378 730 434 homines
743 379 801 434 ista
816 380 1033 451 connniserint,
1049 399 1122 455 quos
1137 380 1207 439 deos
1221 383 1272 439 ha.

235 473 300 530 beri
313 469 445 549 gaudent
458 467 510 541 qui
521 463 656 520 humanis
671 462 823 518 erroribus
837 461 983 540 gaudent,
996 481 1049 538 pro
1065 465 1170 540 quibus
1185 469 1275 524 etiam

237 575 269 613 se
284 553 422 612 colendos
436 551 515 606 nrille
530 544 657 602 nocendi
670 544 851 620 fallendique
863 546 975 602 artibus
987 547 1195 622 interponunt,
1210 552 1275 608 sive

237 641 326 696 etiam
340 635 551 694 nonnullorum
564 627 904 685 hominumillaerimina
919 647 988 686 vera
1002 631 1072 702 sint,
1089 627 1274 706 quae'tamen

237 723 273 780 de
286 718 457 778 numinibus
470 713 545 790 fingi
558 713 685 769 libenter
698 713 849 786 accipiunt
863 713 1047 770 fallacissimi
1073 717 1212 789 spiritus,
1239 727 1275 774 ut

236 807 273 862 ad
287 807 412 861 scelesta
425 815 460 853 aa
474 798 573 868 turpia
591 795 803 870 perpetranda,
831 798 913 853 velut
930 798 965 854 ab
980 799 1043 870 ipso
1060 801 1142 854 coelo
1156 799 1273 856 traduci

236 892 375 944 interrae
391 882 462 938 satis
477 879 583 936 idonea
598 879 735 936 videatur
748 881 919 936 auctoritas.
963 879 1038 938 Cum
1055 884 1149 960 igitur
1163 881 1275 940 Graeci

234 971 339 1025 talium
353 965 507 1023 numinum
521 981 624 1019 servos
639 981 671 1018 se
685 981 751 1018 esse
770 965 934 1035 sentirent,
961 966 1039 1021 inter
1062 968 1109 1022 ‘tot
1134 976 1165 1023 et
1189 973 1275 1023 tanta

235 1069 338 1108 corum
351 1049 496 1106 theatrica
509 1047 670 1120 opprobria
682 1045 862 1120 parcendum
876 1047 932 1103 sibi
945 1065 963 1103 a
975 1051 1071 1122 poetis
1088 1051 1168 1106 nullo
1184 1049 1274 1108 ruodo

232 1141 430 1210 putaverunt,
457 1132 505 1187 vel
519 1129 576 1184 diis
592 1131 654 1185 suis
671 1131 760 1185 etiam
774 1132 817 1185 sic
832 1131 1014 1186 consimilari
1027 1141 1210 1207 appetentes,
1224 1137 1277 1189 vol

233 1227 416 1286 metuentes,
444 1233 481 1270 ne
495 1213 696 1270 honestiorem
709 1213 817 1269 sarisam
829 1214 887 1288 ipsi
911 1215 1106 1290 requirendo,
1133 1227 1163 1272 et
1180 1218 1223 1272 eis
1241 1234 1275 1273 se

233 1300 289 1358 hoc
304 1299 389 1357 modo
403 1296 615 1375 praeferendo,
643 1297 709 1352 illos
724 1297 761 1353 ad
772 1295 957 1354 iracundiam
980 1309 1187 1372 provocarent.

963 1377 1048 1458 (iul.
1066 1379 1200 1440 GAPVT
1210 1380 1275 1466 X.)

642 1464 663 1522 C
686 1465 710 1521 A
733 1464 765 1520 Ρ.
808 1462 840 1521 Χ
854 1463 875 1522 Ι.

232 1563 274 1615 De
285 1561 396 1614 scenicis
405 1563 480 1628 apud
492 1563 610 1612 Graecos
620 1561 650 1612 in
659 1561 824 1627 reipublicae
835 1551 1099 1614 administrationem
1109 1561 1233 1630 receptis,
1245 1582 1276 1615 eo

311 1631 381 1698 quod
387 1632 543 1697 placatores
554 1630 663 1680 deorum
672 1628 774 1680 iniuste
785 1629 819 1680 ab
830 1629 981 1682 bominibus
996 1640 1195 1698 spernerentur.

293 1719 338 1777 Ad
362 1717 438 1774 hanc
465 1718 705 1775 convenientiam
736 1720 888 1792 pertinet,
920 1717 998 1793 quod
1023 1719 1111 1774 etiam
1137 1722 1275 1778 scenicos

231 1813 347 1861 actores
367 1801 526 1858 earundem
553 1801 719 1859 fabularum
738 1813 798 1857 non
819 1819 911 1876 parato
933 1802 1062 1858 civitatis
1088 1799 1201 1858 honore
1228 1803 1275 1862 di-

231 1906 307 1966 gnos
335 1887 553 1942 existimarunt.
598 1881 768 1960 Siquidem,
797 1883 876 1960 quod
894 1885 925 1940 in
947 1903 981 1940 eo
1002 1903 1119 1961 quoquc
1134 1883 1273 1962 derepu-

230 1973 307 2028 blica
332 1970 407 2026 libro
435 1977 699 2040 commemoratur,
724 1966 887 2025 Aeschines
913 1965 1118 2040 Atheniensis,
1144 1969 1192 2025 vir
1211 1973 1274 2027 clo-

231 2055 458 2130 quentissinrus,
486 2071 553 2109 curn
570 2051 744 2108 adolescens
771 2050 940 2130 tragoedias
967 2053 1168 2126 actitavisset,
1194 2071 1273 2110 rern-

230 2139 379 2216 publicam
408 2135 584 2211 capessivit,
613 2145 643 2192 et
654 2134 874 2192 Aristodemum
887 2137 1037 2213 tragicum
1049 2137 1121 2190 item
1140 2146 1273 2196 actorem

230 2223 366 2276 maximis
393 2212 428 2274 dc
454 2219 542 2276 rebus
566 2220 647 2294 pacis
665 2237 701 2274 ac
717 2217 788 2276 belli
804 2221 936 2297 legatum
953 2218 991 2275 ad
1002 2217 1171 2294 Philippum
1181 2220 1272 2278 Athe-

230 2305 350 2359 nienses
365 2319 451 2376 saepe
464 2303 621 2359 miserunt.
665 2301 734 2360 Non
755 2305 835 2358 enim
847 2312 1082 2360 consentaneum
1100 2299 1272 2378 putabatur,

231 2384 426 2442 cumeasdem
440 2395 520 2442 artes
539 2385 718 2462 eosdemque
738 2389 873 2444 scenicos
893 2385 995 2460 ludos,
1022 2389 1111 2443 etiam
1132 2385 1188 2444 diis
1208 2390 1271 2444 suis

229 2477 367 2544 acceptos
387 2467 541 2541 viderent,
567 2471 635 2526 illos
659 2487 800 2544 perquos
826 2479 1006 2548 agerentur,
1032 2471 1188 2526 infantium
1203 2472 1270 2528 loco

229 2571 264 2607 ac
277 2570 402 2608 numero
416 2552 566 2628 deputare.
600 2550 711 2609 *Hace
725 2552 835 2609 Graeci
849 2555 978 2630 turpiter
991 2553 1119 2629 quidem,
1134 2553 1186 2609 scd
1198 2572 1272 2611 sane

230 2631 286 2691 diis
301 2637 364 2692 suis
379 2637 499 2692 onrnino
514 2645 733 2714 congruenter,
762 2639 814 2712 qui
831 2657 887 2694 nec
905 2639 997 2694 vitam
1011 2639 1121 2694 civium
1134 2639 1269 2694 laceran-

229 2719 296 2776 dam
309 2721 422 2796 linguis
440 2729 596 2793 poetarum
616 2728 646 2775 et
663 2718 846 2776 histrionum
864 2719 1039 2801 subtrahere
1052 2721 1119 2776 ausi
1138 2731 1224 2792 sunt,
1252 2740 1270 2777 a

229 2803 336 2876 quibus
352 2803 514 2857 cernebant
527 2801 651 2856 deorum
664 2803 756 2858 vitam
770 2803 881 2860 eisdem
899 2805 971 2877 ipsis
986 2803 1042 2858 diis
1057 2805 1225 2859 volentibus
1241 2814 1270 2860 ct

228 2885 387 2940 libentibus
402 2885 498 2956 carpi3
525 2893 555 2938 et
567 2885 648 2956 ipsos
661 2883 813 2958 homines,
840 2905 893 2960 per
916 2903 990 2960 quos
1013 2887 1071 2940 ista
1092 2887 1124 2940 in
1143 2883 1268 2944 theatris

229 2967 396 3042 agebantur
409 2983 485 3039 quae
500 2967 688 3038 numinibus,
717 2970 823 3043 quibus
843 2968 954 3024 subditi
973 2975 1074 3037 erant,
1103 2976 1189 3046 grata
1203 2989 1269 3027 esse

229 3056 451 3124 cognoverant,
477 3065 538 3104 non
553 3050 649 3106 solum
661 3051 783 3108 minime
802 3049 984 3126 spernendos
1003 3051 1190 3123 incivitate,
1218 3073 1267 3110 ve-

227 3149 294 3186 rum
320 3131 409 3195 etiam
426 3133 553 3188 maxime
570 3129 762 3190 honorandos
788 3141 941 3208 putarunt.
985 3133 1064 3200 Quid
1090 3135 1169 3190 enim
1197 3128 1286 3194 cau-¹

228 3231 278 3268 sac
298 3214 429 3287 reperire
447 3215 595 3288 possunt,
617 3235 671 3273 cur
684 3217 852 3274 sacerdotes
870 3215 1054 3274 honorarent
1068 3219 1137 3294 quia
1150 3235 1203 3294 per
1217 3239 1266 3276 eos

226 3297 362 3352 victimas
386 3295 442 3352 diis
465 3301 659 3374 acceptabiles
684 3299 862 3372 offerebant,
889 3310 919 3354 et
946 3303 1081 3358 scenicos
1106 3303 1265 3376 probrosos

224 3378 384 3451 haberent,
411 3399 465 3457 per
479 3401 552 3459 quos
571 3385 651 3440 illam
671 3386 853 3458 voluptatem
872 3384 935 3440 sive
950 3383 1093 3442 honorem
1108 3385 1165 3442 diis
1180 3386 1263 3442 exhi·

225 3464 289 3520 beri
302 3465 482 3537 petentibus,
509 3476 548 3538 et,
576 3467 750 3540 nisifieret,
776 3469 986 3542 irascentibus,
1013 3467 1263 3528 eorumadrnoni-

224 3549 308 3604 tione
322 3545 505 3606 didiceranti
532 3549 606 3608 Cum
617 3553 793 3626 praesertim
811 3551 929 3624 Labeo,
956 3571 1043 3628 quem
1058 3549 1262 3611 huiuscemodi

224 3649 326 3688 rerum
339 3627 551 3704 peritissimum
564 3632 747 3706 praedicant,
763 3636 885 3691 numina
897 3635 976 3693 hona
987 3655 1005 3692 a
1015 3637 1188 3694 numinibus
1202 3655 1263 3694 ma-

223 3713 259 3768 lis'
277 3715 334 3770 ista
348 3716 436 3772 etiam
451 3717 547 3772 cultus
562 3712 734 3773 diversitate
747 3712 930 3797 distinguat,
956 3729 990 3776 ut
1002 3721 1096 3778 malos
1110 3713 1181 3778 deos
1194 3740 1262 3794 pro-

221 3797 324 3869 pitiari
338 3799 475 3856 caedibus
501 3809 531 3858 ct
551 3799 688 3856 tristibus
713 3803 981 3876 supplicationibus
1006 3813 1142 3876 asserat,
1168 3805 1262 3862 bonos

221 3889 323 3936 autom
337 3881 487 3958 obsequiis
512 3885 598 3941 laetis
622 3886 877 3959 atqueiucundis:
907 3891 1006 3964 qualia
1030 3897 1119 3960 sunt,
1145 3899 1179 3943 ut
1199 3889 1261 3961 ipse
