2592 4396
209 199 272 257 acc
439 190 538 250 mvl
559 187 745 248 nvnnnu
766 185 1023 246 Avcvsrrnr

212 323 215 330 ’
587 339 707 397 cer.
750 337 872 396 x111.

209 443 253 494 De
264 439 428 494 revolutione
439 439 614 500 saeculorum,
634 433 728 504 quibus
739 445 811 488 certo
822 435 879 487 tine
889 435 1034 498 conclusio,
1049 429 1178 487 universo
1192 452 1264 488 eern-

283 526 334 578 per
344 509 373 561 in
383 509 492 561 eundem
504 507 621 558 ordinem
633 505 792 572 eandemque
803 503 915 572 speciem
925 504 1049 556 redituro
1061 504 1174 572 quidem

554 573 893 642 pbilosopbo'erediderrmt.

272 685 359 742 Hanc
377 694 473 740 autem
491 701 523 738 se
542 679 704 756 philosophi
722 680 822 736 mnndi
839 679 925 736 huius
945 699 1004 736 non
1023 681 1109 763 aliter
1127 689 1264 754 putave-

209 779 281 826 runt
294 787 380 843 posse
392 769 441 824 rel
454 764 749 835 debereditsolrere,
777 765 837 820 nisi
849 772 882 819 ut
895 764 1066 818 circumitus
1085 772 1264 837 temporum

209 853 394 921 inducerent,
409 849 512 924 quibus
527 848 627 904 eadem
641 865 754 922 semper
767 847 859 902 luisse
870 854 1013 902 renovata
1024 854 1113 920 atque
1126 849 1266 920 repetita

210 937 355 991 interum
367 943 483 1003 natura,
498 941 586 1006 atque
597 932 639 987 ita
648 930 782 1004 deinceps
797 929 861 986 fore
872 931 937 984 sine
951 930 1119 984 cessatione
1133 947 1264 986 asseve-

210 1025 313 1073 rarent
338 1017 489 1072 volumina
514 1015 697 1071 venientium
721 1013 1027 1088 praetereuntiumque
1052 1013 1265 1069 saeculorum:

212 1101 318 1156 sivein
332 1099 440 1154 mundo
459 1106 650 1172 permanente
666 1097 718 1152 isti
736 1097 907 1152 circumitus
929 1094 1048 1166 fierent,
1076 1097 1144 1152 sire
1163 1097 1264 1151 certis

210 1183 375 1239 intervallis
388 1183 485 1237 oriens
501 1189 531 1236 et
543 1180 678 1236 occidens
691 1177 817 1235 muudus
832 1177 929 1234 eadem
942 1196 1056 1252 semper
1066 1177 1152 1252 quasi
1166 1197 1266 1249 nova,

210 1283 286 1340 quae
303 1273 454 1320 transacta
472 1273 501 1320 et
520 1281 596 1338 quac
614 1271 741 1320 ventura
759 1271 844 1334 sunt,
871 1259 1029 1317 exhiberet.
1060 1261 1162 1336 Aque
1177 1261 1267 1317 ludi-

211 1348 275 1404 brio
288 1365 408 1423 prorsus
422 1348 617 1404 immortalem
630 1348 767 1417 animam,
781 1347 869 1401 etiam
885 1363 951 1400 cum
964 1345 1139 1418 sapientiam
1153 1363 1268 1418 peree-

209 1433 304 1506 perit,
329 1431 454 1486 liberare
466 1449 527 1486 non
540 1437 680 1504 possunt,
705 1437 822 1485 euntem
837 1429 901 1483 sine
920 1428 1083 1484 cessatione
1096 1427 1135 1482 ad
1150 1428 1269 1485 salsam

210 1513 431 1584 beatitudinem,
452 1521 481 1568 et
494 1513 530 1568 ad
541 1531 643 1570 veram
655 1513 804 1568 miseriam
817 1513 881 1567 sine
894 1511 1056 1566 cessatione
1069 1509 1269 1568 redeuntem.

211 1595 362 1662 Quomodo
373 1597 529 1652 enirnvcra
539 1595 690 1652 beatitudo
703 1604 758 1667 cst,
773 1595 808 1650 de
819 1595 900 1650 cuius
915 1611 1062 1668 nunquam
1076 1597 1270 1652 aeternitate

211 1677 385 1750 confiditur,
406 1677 475 1734 dum
488 1681 586 1735 anima
598 1689 753 1734 venturam
766 1679 913 1732 miseriam
926 1684 978 1732 aut
990 1677 1223 1750 imperitissime
1238 1682 1269 1734 in

210 1763 335 1818 veritate
348 1763 455 1832 nescit,
470 1769 521 1836 aut
534 1761 736 1817 infelicissime
749 1762 781 1815 in
791 1759 972 1816 beatitudine
982 1757 1190 1832 pertimescit?
1208 1763 1270 1818 Aut

211 1845 237 1900 si
250 1844 287 1900 ad
301 1845 434 1900 miserias
447 1862 597 1919 nunquam
610 1844 734 1898 ulterius
748 1841 894 1913 reditura,
922 1861 960 1898 ex
977 1841 1022 1897 his
1040 1842 1077 1898 ad
1095 1842 1269 1902 beatitudi-

200 1945 282 2006 xnem
294 1929 407 2005 pergit3
427 1926 462 1983 fit
475 1945 546 2004 crgo
561 1927 672 2001 aliquid
685 1927 755 1983 novi
769 1927 800 1982 in
814 1934 958 2000 tempore,
987 1925 1065 2000 quod
1084 1925 1183 1983 finem
1204 1948 1269 1985 non

208 2007 298 2066 babet
321 2011 468 2084 temporis.
492 2009 552 2066 Cur
573 2028 634 2064 non
657 2029 727 2087 ergo
752 2019 781 2065 et
799 2005 945 2064 mundus?
968 2006 1027 2065 Cur
1046 2027 1106 2064 non
1121 2019 1156 2065 et
1171 2009 1269 2068 hemo

208 2092 305 2149 factus
320 2095 351 2148 in
363 2088 492 2148 mundoi
513 2101 547 2148 ut
564 2093 608 2147 illi
628 2095 727 2148 nescio
747 2094 797 2166 qni
809 2091 878 2147 falsi
891 2093 1062 2147 circumitus
1077 2111 1095 2146 a
1107 2090 1202 2149 falsis
1219 2115 1269 2151 sa-

209 2177 358 2250 pientibus
372 2175 582 2250 fallacibusque
596 2177 753 2250 comperti,
767 2177 799 2232 in
814 2174 949 2231 doctrina
963 2193 1034 2231 sana
1047 2176 1173 2232 tramite
1186 2181 1270 2236 recti
1289 2215 1290 2286 q

209 2260 325 2313 itineris
340 2259 496 2314 evitentur.
1289 2311 1290 2314 ,

274 2339 349 2394 Nam
364 2338 488 2414 ,quidam
511 2332 546 2395 et
559 2339 633 2396 illud
647 2341 724 2414 quod
736 2342 846 2418 legitur
858 2341 890 2396 in
903 2334 978 2398 librb
991 2332 1184 2415 Salomonis,
1218 2352 1271 2423 qui
1289 2347 1290 2402 l

210 2430 332 2480 vocatur
345 2420 555 2479 Ecclesiastes:
584 2421 665 2492 Qum
687 2433 735 2480 cot
757 2424 834 2500 quod
848 2423 943 2496 fuit?
964 2421 1065 2501 speum
1083 2427 1169 2501 qood
1194 2435 1290 2488 criti

209 2506 260 2562 Er
274 2505 345 2581 quid
367 2515 413 2562 cst
436 2507 514 2582 quod
526 2506 651 2578 fuctum
675 2503 744 2563 est?
769 2503 873 2582 Ipsum
896 2509 972 2583 qood
985 2506 1066 2579 fiet:
1093 2519 1124 2564 et
1138 2528 1206 2568 non
1224 2525 1272 2571 est

210 2607 292 2646 omae
305 2605 408 2645 recens
422 2589 474 2645 sub
486 2589 556 2646 tole.
583 2587 657 2658 Qun
672 2589 822 2666 loquetur,
837 2599 867 2646 et
881 2591 978 2660 dicut,
992 2589 1069 2646 Ecce
1081 2588 1139 2646 boc
1153 2612 1272 2653 novum

209 2669 282 2729 eet?
311 2667 454 2742 Iumfoo't
467 2673 498 2726 in
512 2672 642 2729 saeculis
656 2672 871 2749 quacfuerunt
884 2682 954 2730 unte
967 2687 1020 2729 uos
1030 2691 1041 2728 :
1064 2684 1197 2748 propter
1213 2677 1272 2736 hos

207 2755 380 2810 ‘eucrrmitus
395 2755 428 2808 in
442 2753 543 2810 eadem
557 2753 715 2810 redeuntes
730 2763 761 2809 et
777 2755 808 2809 in
823 2753 924 2810 eadem
944 2764 1050 2810 cuncta
1066 2772 1272 2833 revocantes,

209 2838 322 2892 dietum
334 2837 469 2912 intelligi
478 2838 595 2906 volunt,
610 2837 688 2910 quod
700 2838 751 2892 ille
763 2845 815 2893 aut
828 2836 864 2892 de
876 2836 921 2893 his
935 2838 1021 2893 rebus
1036 2837 1121 2906 dixit,
1139 2839 1180 2896 de
1198 2849 1273 2920 qui.

208 2919 262 2974 bus
276 2917 410 2990 superius
423 2918 613 2990 loquebatur,
626 2915 681 2974 hoc
695 2929 755 2991 est,
770 2919 805 2974 de
819 2921 1060 2998 generationibus
1074 2923 1143 2978 aliis
1159 2932 1271 2984 eunti.

208 3001 275 3070 bus,
289 3000 361 3064 aliis·
372 3000 572 3070 venientibus,
585 3001 621 3056 de
634 3003 703 3056 solis
718 3001 908 3074 anfractibus,
923 3003 1153 3062 deterrentium
1167 3008 1271 3084 lapsi·

208 3083 279 3154 bus3
305 3089 357 3137 aut
369 3091 447 3137 certe
460 3080 496 3138 de
510 3085 641 3140 omnium
652 3102 752 3141 rerum
765 3087 939 3162 generibus,
953 3105 1028 3161 quae
1041 3089 1206 3164 oriuntur,
1223 3105 1272 3151 at-

211 3184 268 3240 que
282 3164 427 3221 occidunt.
470 3165 605 3223 Fuerunt
618 3169 697 3224 enim
709 3167 842 3224 homines
857 3177 926 3225 ante
940 3187 1010 3241 nos,
1027 3179 1141 3226 suntet
1155 3176 1271 3233 nobis-

212 3267 293 3317 cum,
319 3257 349 3303 et
368 3257 456 3304 erunt
472 3259 538 3324 post
551 3266 621 3323 nos,
646 3252 689 3306 ita
712 3270 845 3326 quaeque
858 3253 1034 3324 animantia,
1060 3255 1110 3309 rel
1123 3257 1270 3317 arbusta.

209 3329 345 3390 Monstra
358 3349 474 3407 quoque
487 3334 562 3408 ipsa,
585 3353 660 3409 quae
673 3336 816 3391 inusitata
830 3345 1005 3406 nascuntur,
1028 3339 1166 3410 quamvis
1181 3341 1271 3399 inter

211 3433 242 3470 se
256 3414 373 3471 diversa
386 3417 464 3487 sint,
491 3426 522 3472 et
535 3417 677 3492 quaedam
697 3437 798 3472 corum
811 3420 902 3473 semel
914 3419 993 3474 facta
1005 3428 1190 3494 narrentur,
1223 3437 1271 3482 ta-

210 3517 278 3554 men
299 3498 462 3563 secundum
483 3499 514 3555 id
537 3499 615 3574 quod
637 3501 817 3576 generaliter
829 3502 971 3556 miracula
984 3511 1163 3560 etmonstra
1178 3521 1270 3580 sunt,

209 3582 311 3655 utique
323 3591 353 3636 et
364 3581 501 3654 fuerunt,
524 3591 554 3637 et
566 3591 669 3652 erunt3
690 3601 745 3639 nec
759 3601 862 3638 recens
878 3593 908 3638 et
920 3601 1030 3640 novum
1044 3593 1100 3655 est,
1123 3596 1162 3642 ut
1174 3577 1271 3648 nrcn-
1289 3637 1290 3648 ,

210 3670 303 3716 strum
312 3664 364 3719 sub
376 3665 440 3718 sole
450 3673 596 3720 nascatur.
611 3664 750 3730 Quamvis
763 3663 834 3721 haec
845 3665 935 3722 verba
949 3667 1067 3742 quidam
1080 3669 1122 3723 sic
1138 3670 1272 3730 intelle-

209 3745 320 3814 xerint,
333 3753 473 3819 tanquam
482 3748 514 3801 in
523 3745 793 3821 praedestinatione
807 3747 865 3804 Dei
878 3751 937 3804 iam
947 3750 1026 3805 facta
1038 3749 1132 3806 fnisse
1147 3759 1274 3830 omnia,
1289 3775 1290 3820 t

133 3839 136 3846 ’
209 3825 326 3897 sapiens
340 3828 390 3882 ille
402 3830 550 3885 voluisset
562 3831 701 3907 intelligi,
716 3841 746 3888 et
758 3831 824 3887 ideo
837 3830 912 3888 nihil
924 3835 1028 3891 recens
1041 3851 1106 3890 esse
1117 3836 1175 3893 sub
1188 3843 1273 3898 sole.
1289 3825 1290 3866 ¹
