2586 4396
34 71 38 204 t
282 171 345 230 DE
374 171 593 234 ClVlTATE
620 178 698 236 DEI
729 182 809 240 LlB.
835 186 866 242 V.
1039 196 1096 252 16⁷

33 215 36 300 l

58 331 127 406 leges
141 335 235 401 atque
250 325 383 396 illicitas,
399 325 448 381 sed
463 327 497 382 ad
512 326 672 386 Iohannem
684 331 715 386 in
729 333 857 410 Aegypti
870 356 969 396 eremo
984 347 1094 401 cousti-

59 422 158 480 tutum,
186 426 280 483 quem
297 407 356 464 Dei
373 425 492 466 servum
507 410 700 486 prophetandi
718 417 823 490 spiritu
841 421 1005 492 praeditum
1018 425 1094 484 sama

30 497 32 564 l
57 494 259 550 crebrescente
279 491 439 562 didicerat,
460 495 556 565 misit3
583 505 671 570 atque
686 497 721 553 ab
742 518 778 555 eo
798 504 935 561 nuntium
952 507 1094 566 victoriae

29 574 31 600 '
57 578 251 634 certissimum
264 577 388 650 accepit.
425 575 496 632 Mox
517 580 637 652 tyranni
650 579 772 638 Maximi
785 586 950 643 exstinctor
963 587 1093 648 Valenti-

28 650 29 680 ³
56 664 170 736 ιίιιιιιιιι
197 677 326 735 puerum
351 661 468 736 imperii
493 662 539 716 sui
561 662 711 736 partibus,
738 667 815 722 uude
843 668 964 748 lagatus
986 672 1094 748 fuerat,

54 765 113 801 cum
126 741 413 800 misericordissime
425 747 617 801 veneratione
630 748 777 806 restituit:
800 769 892 828 eoque
906 755 968 811 sive
980 774 1034 831 per
1047 759 1093 814 in-

52 828 146 898 sidias,
161 827 230 882 sive
245 845 304 901 quo
318 829 375 884 alio
388 836 474 903 pacto
486 830 534 884 vel
546 847 615 885 casu
624 832 757 904 proxime
767 836 929 909 exstincto,
943 839 1033 896 alium
1046 849 1093 916 ty-

53 930 174 968 renuam
190 909 383 987 Eugenium,
407 911 503 986 quiin
516 913 596 969 illius
610 915 796 987 irnperetoris
810 919 906 976 locum
919 939 979 978 non
992 923 1092 1001 legiti-

52 1015 91 1050 me
103 995 208 1050 luerat
221 993 414 1072 subrogatus,
429 1004 549 1070 accepto
563 1014 668 1054 rursus
681 998 853 1073 prophetico
867 1021 1022 1082 responso,
1035 1006 1098 1063 fide'

52 1090 144 1134 certus
160 1078 330 1151 oppressit,
355 1087 458 1134 contra
471 1080 554 1135 cuius
568 1080 807 1140 robustissimum
821 1090 986 1144 exercitum
998 1092 1091 1168 magis

52 1161 170 1233 orando,
186 1160 420 1236 quamferiendo
429 1164 581 1239 pugnavit.
598 1160 718 1221 'Milites
732 1167 818 1222 nobis
834 1170 886 1242 qui
897 1170 1030 1243 aderant,
1044 1191 1090 1229 re-

50 1248 200 1315 tulerunt,
229 1253 350 1300 extorta
364 1245 420 1300 sibi
439 1263 504 1301 esse
518 1245 554 1301 de
566 1248 702 1303 manibus
717 1267 910 1325 quaecunque
922 1254 1091 1311 iaculaban-

50 1340 105 1400 tur,
120 1345 191 1384 cum
204 1345 223 1383 a
236 1325 399 1384 Theodosii
410 1329 543 1402 partibus
558 1331 590 1385 in
610 1329 795 1388 adversarios
809 1331 967 1391 vehemens
985 1347 1091 1393 ventus

50 1415 114 1483 iret,
138 1421 170 1467 et
191 1428 254 1468 non
269 1412 365 1468 solum
384 1429 579 1488 quaecunque
597 1415 629 1469 in
646 1431 698 1469 eos
718 1415 902 1472 iaciebantur
920 1420 1091 1476 concitatis-

50 1499 119 1551 sime
132 1503 273 1568 raperet,
300 1513 404 1552 verum
419 1498 509 1554 etiam
525 1498 655 1571 ipsorum
673 1499 732 1554 tela
745 1499 777 1554 iu
791 1517 891 1556 eorum
906 1520 1030 1577 corpora
1043 1522 1092 1560 re-

50 1588 211 1654 torqueret.
240 1576 325 1634 Vnde
340 1588 369 1635 et
381 1589 469 1654 poeta
482 1578 672 1653 Claudianus,
692 1584 827 1658 quamvis
840 1602 858 1640 a
871 1582 980 1642 Christi
997 1589 1091 1643 nomi-

51 1682 83 1718 ue
97 1665 227 1733 alienus,
242 1663 274 1718 in
288 1663 351 1718 eius
365 1672 464 1720 tamen
476 1663 610 1720 laudibus
624 1664 713 1722 dixit:

128 1745 156 1802 0
171 1747 299 1802 nimium
313 1745 419 1802 dilecte
432 1747 510 1819 Deo,
525 1749 572 1804 cui
585 1748 683 1805 hrudit
695 1749 731 1806 ab
744 1752 847 1808 ιιιῒιίι.

126 1830 241 1886 Aeolus
254 1839 381 1887 armatas
394 1829 526 1906 hyemes,
541 1833 590 1888 cui
602 1834 710 1888 militat
722 1831 834 1908 aether,

125 1912 168 1969 Et
183 1914 333 1969 coniurati
346 1916 471 1970 veniunt
484 1913 521 1970 ad
534 1917 657 1972 classica
669 1914 766 1974 venti!

50 1996 147 2054 l'ictor
161 2005 276 2066 autem,
291 1997 368 2052 sient
382 1997 547 2053 crediderat
560 2007 590 2054 et
601 1999 804 2072 praedixerat,
827 2000 907 2058 lovis
921 2004 1090 2074 simulacra,

48 2100 117 2156 quae
137 2080 284 2137 adversus
304 2097 371 2134 eum
391 2079 509 2136 fueraut
532 2083 633 2137 nescio
649 2083 752 2157 quibus
769 2083 876 2140 ritibus
891 2087 973 2141 velut
986 2104 1090 2142 conse-

48 2175 136 2235 crata,
166 2163 243 2218 etin
257 2161 382 2235 Alpibus
396 2165 573 2236 constitute,
597 2164 745 2239 deposuit:
773 2184 934 2242 eorumque
954 2167 1090 2239 fulmine,

48 2249 120 2321 quod
132 2261 228 2304 aurea
240 2244 386 2318 fuissent,
412 2247 577 2304 iacentibus
597 2243 691 2326 (quod
703 2249 754 2304 illa
766 2250 879 2306 laetitia
892 2249 1090 2329 permittebat)

48 2330 244 2401 Cursoribus,
268 2339 299 2386 et
320 2347 352 2385 se
375 2330 412 2386 ab
437 2331 479 2386 eis
498 2330 649 2388 fulminari
663 2333 737 2388 velle
751 2333 933 2406 dicentibus,
956 2333 1091 2392 hilariter

47 2414 236 2494 benigneque
249 2411 380 2470 donavit.
395 2411 584 2472 lnimicorum
597 2432 719 2472 suorum
732 2415 820 2490 filios,
834 2435 909 2492 quos
924 2437 984 2475 non
998 2420 1090 2492 ipsius

48 2499 156 2570 iussus,
171 2497 225 2553 sed
239 2497 308 2553 belli
320 2498 482 2554 abstulerat
494 2499 636 2572 impetus,
662 2500 751 2554 etiem
763 2499 895 2556 nondum
907 2499 1089 2556 Christianos

46 2582 81 2636 ad
94 2582 252 2638 ecelesiam
267 2569 490 2659 confugientes,
518 2579 700 2638 Christianos
720 2578 775 2636 hac
789 2583 945 2638 occasione
958 2581 1024 2636 fieri
1036 2601 1089 2638 vo-

47 2665 113 2736 luit,
128 2675 159 2720 et
169 2663 341 2722 Christiana
355 2666 478 2720 caritate
492 2662 610 2733 dilexit,
624 2681 679 2718 uec
691 2663 819 2738 privarit
832 2663 930 2734 rebus,
944 2663 995 2719 sed
1006 2666 1091 2720 auxit

46 2746 215 2804 bonoribus.
249 2745 284 2802 lu
299 2749 446 2804 neminem
459 2755 527 2822 post
540 2747 695 2802 victoriam
709 2746 839 2818 privatas
854 2746 1024 2803 inimicitias
1037 2766 1089 2804 va-

47 2835 109 2886 lere
119 2832 263 2906 permisit.
290 2829 373 2886 Bella
388 2832 496 2902 civilia,
521 2849 582 2886 aon
596 2831 674 2886 sicut
687 2829 783 2887 Cinna
796 2839 826 2886 et
840 2829 951 2888 Marius
965 2840 995 2888 et
1007 2829 1090 2908 Sylla

46 2917 140 2971 etalii
153 2918 229 2972 tales
247 2932 303 2968 nec
318 2913 402 2970 fluite
414 2913 501 2970 finire
518 2915 693 2986 voluerunt,
721 2911 772 2968 sed
796 2916 890 2994 magis
917 2913 1011 2972 doluit
1036 2933 1085 2972 ex·

45 3009 108 3054 orta
122 3017 213 3075 quem
226 3003 362 3076 cuiquem
375 3015 482 3053 nocere
495 2998 588 3055 voluit
605 3000 771 3055 terminata.
810 2996 892 3055 luter
904 2995 977 3057 baec
990 3001 1089 3056 omnia

43 3101 79 3136 ex
92 3085 160 3158 ipso
180 3085 270 3140 initio
290 3081 408 3155 imperii
425 3082 472 3137 sui
489 3100 550 3137 uon
568 3082 680 3156 qrrievit
693 3081 863 3139 iustissimis
877 3091 908 3139 et
919 3084 1089 3140 misericor-

43 3165 174 3222 dissimis
188 3169 306 3245 legibus
319 3163 460 3220 adversus
474 3166 577 3240 impios
590 3165 737 3222 laboranti
748 3163 900 3222 Ecclesiae
914 3166 1089 3236 subvenire3

41 3267 129 3324 quam
143 3249 256 3306 Valens
273 3249 440 3307 haereticus
460 3248 564 3305 favens
576 3248 710 3305 Arrianis
723 3246 915 3306 vehementer
928 3248 1089 3312 afflixerat:

41 3335 127 3390 cuius
138 3333 296 3390 Ecclesiae
310 3351 344 3389 se
357 3331 518 3388 membrum
531 3350 597 3388 csse
608 3334 702 3410 magis
716 3351 803 3408 qnam
815 3333 847 3388 in
859 3334 948 3388 terris
962 3348 1090 3409 regnare

41 3417 199 3492 gaudebat.
227 3416 394 3476 Simulasse
406 3416 561 3492 gentilium
575 3416 681 3490 ubique
696 3414 854 3472 evertenda
867 3416 1027 3490 praecepit,
1042 3430 1089 3468 sa-

39 3501 76 3554 tis
89 3502 282 3580 intelligens,
296 3517 352 3556 nee
363 3506 482 3556 terrena
495 3517 617 3554 munera
630 3500 661 3554 in
677 3496 910 3568 daemoniorum,
924 3495 975 3551 sed
989 3497 1019 3550 iu
1033 3492 1091 3549 Dei

38 3586 103 3639 veri
117 3603 187 3642 esse
199 3586 299 3660 posits
310 3591 465 3659 potestate.
492 3580 570 3648 Quid
584 3590 681 3636 autem
696 3579 753 3636 fuit
766 3581 829 3636 eius
842 3579 981 3656 religiosa
993 3575 1089 3632 bumi-

37 3667 123 3724 litate
147 3668 332 3739 mirabilius,
359 3665 473 3742 quando
495 3666 527 3722 iu
550 3663 860 3721 Thessalonicensium
884 3659 1090 3738 gravissimum

36 3753 154 3822 scelus,
178 3753 228 3808 cui
242 3752 302 3808 iem
317 3749 462 3823 episcopis
477 3745 730 3806 intercedentibus
745 3745 921 3820 promiserat
932 3742 1091 3822 indulgen·

37 3833 124 3906 tiam,
146 3835 277 3892 tumultu
292 3831 497 3910 quorumdem,
517 3832 569 3906 qui
584 3832 611 3885 ei
624 3827 832 3900 cohaerebant,
846 3825 997 3884 vindicare
1012 3845 1089 3884 com·
