2602 4416
218 177 258 230 oo
448 167 546 226 DIVI
568 161 757 222 AVRELII
779 159 1033 220 AVGVSTINI

218 323 298 379 illam
312 320 507 390 sententiam,
527 317 603 374 sieut
616 315 730 384 solent,
745 329 797 386 pro
813 310 985 368 defensione
999 327 1118 370 suorum
1132 313 1259 372 deorum

219 423 365 481 opponere
378 403 537 472 audebunt,
903 477 905 480 .

305 481 480 545 Discessere
494 499 594 540 omnes
609 477 705 555 adytis
720 480 838 554 arisque
851 480 963 536 relictis

346 570 415 642 Dii,
440 567 544 643 quibus
557 559 780 638 imperiumhoc
795 559 941 620 steterat?
963 595 977 608 -
999 595 1014 608 ·
1037 595 1051 608 -
1074 596 1088 609 -

220 656 350 714 PrImum
363 657 388 711 si
401 655 444 708 ita
457 658 518 720 est,
532 665 592 703 non
606 645 716 704 habent
729 663 782 704 cur
795 655 956 721 querantur
969 646 1004 702 de
1015 648 1159 726 religione
1169 647 1261 707 Chri-

221 743 332 808 stiana,
359 733 436 810 quod
448 730 502 787 hac
517 727 622 786 offensi
635 747 685 786 eos
700 729 741 785 dii
755 730 801 785 sui
815 728 1015 788 deseruerint:
1038 734 1176 807 quoniam
1190 737 1261 808 qui-

221 824 287 879 dem
300 820 426 874 maiores
441 833 543 872 eorum
555 815 613 870 iam
625 811 740 888 pridem
752 814 881 870 moribus
896 815 956 870 suIs
970 815 1005 871 ab
1016 813 1102 870 Vrbis
1116 817 1262 873 altaribus

219 915 280 961 tam
293 901 399 956 multos
413 917 447 956 ac
466 899 597 952 minutos
612 895 697 968 deos,
720 905 860 970 tanquam
872 914 986 952 muscas
1001 897 1172 975 abegerunt.
1197 898 1264 956 Sed

219 997 318 1042 tamen
330 981 403 1039 haec
417 981 570 1036 numinum
583 979 669 1036 turba
681 979 732 1035 ubi
746 987 823 1050 erat,
843 998 909 1036 cum
921 981 1011 1058 longe
1023 990 1180 1056 antequam
1192 1000 1263 1038 mo-

218 1087 267 1126 res
282 1073 540 1139 corrumperentur
554 1063 678 1138 antiqui,
693 1061 809 1118 aGallis
816 1061 910 1118 Roma
921 1072 1005 1136 capta
1016 1073 1046 1118 et
1058 1065 1180 1120 incensa
1192 1063 1263 1122 esti

220 1153 267 1210 An
281 1157 452 1226 praesentes
466 1147 543 1203 forte
557 1140 761 1202 dormiebanti
801 1143 886 1200 Tunc
901 1147 979 1202 enlm
991 1153 1054 1202 tota
1067 1144 1145 1202 Vrbe
1158 1149 1189 1204 in
1203 1147 1263 1206 ho-

222 1236 310 1291 stium
323 1240 498 1308 potestatem
510 1229 647 1300 redacta,
673 1229 752 1286 solus
767 1228 850 1283 collis
863 1225 1045 1302 Capitolinus
1058 1241 1265 1304 remanserat,

221 1319 273 1394 qui
294 1318 383 1372 etiam
405 1317 468 1390 ipse
493 1321 663 1388 caperetur,
689 1312 748 1368 nisi
762 1311 865 1366 saltem
878 1328 998 1368 anseres
1013 1310 1068 1367 diis
1083 1309 1265 1369 dormienti-

222 1402 278 1457 bus
293 1399 464 1476 vigilarent.
496 1395 581 1452 Vnde
593 1413 669 1470 pene
681 1395 713 1450 in
728 1394 968 1468 superstitionem
979 1395 1193 1472 Aegyptiorum
1205 1395 1263 1451 bc-

222 1484 294 1538 stias
308 1497 434 1554 avesque
449 1480 608 1534 colentium
621 1476 714 1534 Roma
728 1475 894 1548 deciderat,
923 1495 989 1533 cum
1011 1478 1110 1534 anseri
1124 1479 1264 1536 solennia

222 1562 416 1621 celebrabant.
461 1559 571 1616 Verum
593 1559 629 1614 de
655 1557 700 1614 his
727 1558 913 1630 adventitiis,
941 1569 971 1616 et
1000 1561 1131 1634 corporis
1157 1563 1262 1636 potius

222 1663 310 1722 quam
322 1644 413 1700 anImi
425 1645 525 1714 malis,
541 1660 614 1717 quae
625 1642 673 1698 vel
685 1641 720 1698 ab
734 1639 868 1698 hostibus
881 1643 929 1697 vel
942 1643 999 1698 aIIa
1014 1641 1094 1699 clade
1108 1644 1261 1718 accidunt,

222 1726 352 1786 nondum
377 1727 497 1782 interim
523 1723 655 1799 disputo:
682 1743 762 1780 nuno
784 1743 840 1802 ago
854 1723 889 1779 de
912 1724 977 1780 labe
999 1743 1127 1798 morum,
1148 1727 1262 1802 quibus

221 1812 348 1887 primum
359 1809 499 1884 paulatIm
513 1807 705 1878 decoloratis,
733 1805 838 1862 deiude
852 1809 994 1864 torrentis
1015 1809 1100 1864 modo
1114 1813 1263 1885 praecipi-

221 1894 309 1965 tatis,
335 1901 434 1963 tanta,
461 1891 593 1966 quamvis
607 1891 733 1968 integris
747 1891 835 1946 tectis
858 1891 1083 1967 moenibusque,
1109 1893 1188 1949 facta
1214 1905 1263 1954 est

222 1977 311 2033 ruIna
323 1975 517 2050 reipublicae,
540 1982 573 2028 ut
586 1975 686 2050 magni
700 1981 836 2029 auctores
851 1991 951 2029 eorum
964 1993 1027 2030 eam
1038 1983 1109 2031 tunc
1123 1977 1263 2036 amissam

222 2077 284 2116 non
297 2058 433 2116 dubitent
447 2057 553 2113 dicere.
598 2053 690 2112 Recte
704 2064 801 2112 autem
817 2056 1037 2130 abscesserant,
1063 2065 1097 2113 ut
1109 2060 1264 2116 amittere-

222 2153 290 2214 tur,
315 2159 415 2198 emnes
430 2141 525 2216 adytis
540 2141 657 2214 arisque
670 2139 783 2194 relictis
798 2137 855 2211 dii,
882 2141 908 2194 si
927 2158 1027 2197 eorum
1041 2141 1077 2196 dc
1098 2143 1175 2198 bona
1197 2145 1264 2201 vita

224 2232 313 2299 atque
325 2225 440 2280 iustitIa
453 2225 557 2279 civitas
571 2231 728 2296 praecepta
748 2231 953 2279 contemserat.
997 2223 1084 2280 Nunc
1097 2243 1168 2282 vero
1187 2243 1264 2301 qua-

223 2309 284 2378 les,
313 2323 440 2381 quaeso,
460 2305 501 2362 dii
513 2305 654 2376 fuerunt,
669 2307 695 2361 si
707 2306 868 2362 noluerunt
881 2324 948 2384 eum
958 2309 1065 2382 populo
1078 2309 1191 2364 cultore
1205 2326 1265 2368 suo

222 2391 342 2460 vivere,
362 2406 449 2463 quem
461 2390 537 2445 male
549 2390 701 2445 viventem
713 2407 774 2444 non
788 2388 950 2446 docuerant
962 2390 1037 2448 beno
1050 2392 1151 2448 slvere
1162 2387 1175 2446 I

574 2486 642 2544 CA
664 2487 696 2544 P.
738 2485 904 2545 XXIII.

227 2565 382 2622 Varietatea
401 2584 491 2620 rerum
512 2567 713 2636 temporalium,
733 2585 785 2620 non
804 2585 837 2620 ex
851 2569 965 2640 surore.
986 2577 1037 2621 act
1055 2569 1266 2642 impugnatione

405 2638 572 2700 daemonum,
591 2637 638 2688 aed
646 2653 680 2689 ex
689 2636 747 2688 ceri
755 2635 811 2689 Dei
822 2639 939 2705 pendere
949 2637 1057 2690 iudicio.

286 2727 363 2794 Quid
376 2727 453 2801 quod
466 2727 555 2783 etiam
567 2725 707 2782 videntur
720 2745 822 2782 eorum
840 2726 969 2784 adfuisse
983 2729 1188 2803 cupiditatibus
1203 2734 1264 2790 im-

221 2809 353 2885 plendis,
368 2818 398 2864 et
411 2807 608 2864 ostenduntur
621 2826 682 2865 non
695 2809 858 2884 praefuisse
871 2807 1080 2868 refrenandis?
1106 2812 1164 2877 aui
1179 2817 1265 2874 enim

222 2891 349 2949 Marium
361 2909 471 2946 novum
482 2889 630 2947 hominem
644 2901 675 2947 et
694 2893 869 2970 ignobilem,
893 2894 1127 2950 cruentissimum
1154 2908 1263 2956 aucto-

222 2993 286 3030 rem
297 2973 442 3030 bcllorum
456 2975 587 3030 civilium
600 2982 688 3049 atque
702 2985 867 3052 gestorem,
885 2985 920 3033 ut
933 2977 1041 3052 septies
1055 2979 1159 3034 consul
1172 2977 1264 3040 fieret

222 3055 426 3126 adiuverunt,⁴
440 3065 533 3130 atque
543 3065 578 3112 ut
590 3058 621 3112 in
636 3059 759 3130 septimo
774 3076 828 3114 suo
843 3062 997 3116 consulatu
1020 3070 1186 3120 moreretur
1211 3083 1262 3121 se-

222 3155 296 3209 nex,
323 3157 379 3194 nec
392 3138 424 3194 in
438 3156 543 3194 manus
557 3137 657 3214 Syllae
670 3139 765 3196 futuri
787 3158 857 3196 mox
883 3143 1007 3198 victoris
1033 3143 1176 3217 irrueret3
1206 3167 1263 3205 cur

221 3239 282 3277 non
296 3221 384 3276 etiam
397 3222 553 3292 iuverunt,
577 3231 611 3276 ut
623 3239 641 3276 a
653 3230 848 3278 tantorumsc
863 3235 1063 3299 compesceret
1075 3227 1262 3288 immanitate

220 3299 408 3360 Iacirlorumi
431 3301 465 3359 Si
479 3305 557 3359 enim
570 3301 690 3359 adhaec
703 3323 769 3360 eum
782 3304 823 3360 dii
837 3324 938 3362 eorum
951 3325 1012 3364 non
1026 3309 1181 3383 iuverunt,
1196 3331 1260 3370 non

219 3404 323 3460 parum
347 3395 393 3442 est
420 3383 498 3460 quod
523 3386 657 3442 fatentur
676 3388 766 3441 etiam
791 3406 851 3444 non
876 3391 1011 3465 propitiis
1026 3391 1081 3448 dIIs
1097 3395 1260 3469 suisposse

220 3467 355 3524 accidere
367 3465 480 3524 honrini
493 3468 579 3524 irtam
592 3469 798 3542 temporalem,
812 3488 900 3544 quam
913 3462 1001 3528 ulmis
1015 3473 1158 3552 diligunt,
1186 3487 1259 3535 tan-

219 3559 279 3606 tam
292 3550 479 3620 felicitatem
506 3558 536 3604 et
547 3567 634 3623 posse
646 3548 800 3622 homines,
827 3553 1118 3628 sicutfuitMarius,
1148 3561 1258 3632 salute,

217 3631 347 3700 viribus,
373 3631 492 3705 opibus,
515 3627 694 3703 honoribus,
721 3633 884 3710 dignitate,
897 3637 1098 3714 longaevitate
1110 3644 1257 3698 cumulari

218 3721 249 3766 et
260 3712 373 3786 perfrui
387 3713 444 3768 diis
457 3713 555 3768 iratis:
582 3731 670 3786 posse
684 3717 771 3770 etiam
784 3713 936 3789 homines,
951 3721 1030 3776 sicut
1043 3719 1100 3778 fuit
1109 3719 1259 3802 Regulus,

220 3794 405 3868 captivitate,
432 3795 594 3866 servitute,
620 3797 734 3870 inopia,
757 3798 886 3874 vigIIIIs,
912 3798 1061 3860 doloribus
1085 3809 1256 3864 excruciari
