2602 4416
310 221 372 279 DE
397 216 614 278 ClVl'l'ATE
645 217 724 276 DEI
747 219 830 278 ΗΒ.
859 220 880 278 Ι.
1097 225 1116 282 d

82 378 206 448 insania,
229 375 295 430 eius
309 372 427 429 nomini
440 371 585 426 ressitunt
598 369 687 426 corde
700 387 858 443 perverso,
885 379 919 428 ut
927 375 1115 446 sempiternis

80 460 207 517 tenebris
223 457 405 531 puniantur3
430 453 468 509 ad
482 452 560 528 quod
573 470 681 509 nomen
696 471 748 509 ore
764 455 812 510 vel
828 454 949 512 subdolo
969 456 1114 534 confuge-

80 552 158 614 runt,
186 549 221 598 ut
234 539 392 612 temporali
406 539 472 592 luce
484 535 664 593 fruerentur.

488 633 610 692 GAP.
654 635 702 692 ΙΙ.

36 791 37 794 ¹
81 722 158 786 Quod
167 721 243 772 culta
254 732 371 786 acquam
382 715 452 767 bella
462 715 505 796 ιιι
515 724 596 784 geete
607 725 679 780 sant,
701 725 732 768 at
742 718 864 780 victores,
876 725 993 787 propter
1004 719 1065 771 deca
1074 737 1114 771 ee·

36 795 37 802 ¹
320 801 383 836 ram
400 800 464 852 quer
478 793 613 847 mearam,
627 795 774 852 parcerent
787 788 876 842 aictia

146 861 206 918 Tot
223 861 300 917 bella
317 867 405 936 gesta
424 859 591 931 conscripta
612 867 697 930 sunt,
727 861 775 916 vel
799 870 869 918 ante
889 859 1039 918 conditam
1053 859 1114 918 Ro-

82 967 170 1015 mam,
194 945 244 1000 rel
256 943 291 998 ab
306 944 371 997 eius
386 949 492 996 exortu
507 948 537 996 et
550 942 688 1015 imperio,
711 944 828 1022 legant,
856 953 887 1000 et
899 943 1053 1018 proferant
1071 946 1115 1002 sic

82 1032 114 1086 ab
140 1026 318 1104 alienigenis
338 1025 468 1098 aliquam
487 1033 601 1097 captam
619 1043 685 1081 esse
701 1027 866 1096 civitatem,
893 1036 927 1085 ut
944 1025 1044 1084 bostes
1063 1030 1115 1102 qui

84 1118 232 1186 ceperant,
260 1115 420 1184 parcerent
430 1108 484 1178 eis,
511 1125 585 1182 quos
598 1108 635 1164 ad
648 1107 772 1166 deorum
785 1127 907 1166 suorum
920 1112 1029 1183 templa
1040 1127 1113 1167 con-

82 1195 193 1272 fugisse
206 1199 429 1264 eompcrerant3
448 1199 501 1246 aut
513 1191 641 1265 aliquem
660 1191 765 1249 ducem
778 1191 976 1250 Barbarorum
988 1211 1109 1267 praece-

84 1279 178 1351 pisse,
199 1284 234 1331 ut
253 1275 370 1347 irrupto
391 1272 498 1347 oppido
519 1276 619 1330 nullm
639 1275 795 1348 (criretur,
823 1278 875 1350 qui
892 1277 924 1330 in
938 1277 989 1330 illo
1003 1277 1114 1330 velillo

85 1361 190 1433 templo
204 1358 312 1414 fuisset
324 1359 474 1413 inventus.
489 1355 679 1413 Nonnevidit
690 1357 805 1418 Aeneas
819 1357 969 1418 Priamum
982 1373 1035 1429 per
1048 1373 1114 1412 aras

145 1441 299 1519 Sanguine
312 1438 482 1496 foedantem
496 1456 571 1515 quos
589 1441 653 1512 ipse
667 1448 838 1496 sacraverat
851 1435 956 1517 ignati

27 1539 29 1548 ’
86 1523 192 1580 Nonne
203 1523 361 1580 Diomedes
375 1531 405 1577 et
417 1521 551 1598 Vlysses3

146 1638 187 1650 -
209 1607 303 1662 eaesis
322 1622 454 1662 summae
467 1604 638 1662 custodibus
659 1607 748 1678 areis,

144 1689 322 1762 Corripuere
337 1705 453 1744 sacram
468 1687 613 1766 effigiem,
638 1690 834 1766 manibusque
853 1693 986 1748 cruentis

144 1772 304 1850 virgineas
317 1772 385 1828 ausi
397 1769 483 1828 divae
495 1773 671 1850 contingere
688 1769 798 1830 vittasi

84 1852 144 1913 Nec
157 1864 257 1912 tamen
271 1853 350 1928 qnod
364 1856 500 1930 sequitur
511 1873 615 1912 verum
636 1865 695 1916 est:

141 1939 188 1995 Ex
202 1939 254 1994 illo
269 1935 373 2010 fluere,
399 1955 435 1994 ac
449 1946 531 1994 retro
546 1938 683 2013 sublapsa
697 1939 806 1998 referri

144 2021 219 2096 Spes
233 2020 379 2078 Danaum.

81 2107 187 2164 Postea
201 2105 311 2180 quippe
323 2105 479 2178 vicerunt,
504 2115 608 2180 postea
626 2107 748 2166 Troiam
767 2107 847 2166 ferro
867 2108 1046 2186 ignibusque
1064 2106 1114 2162 de-

81 2194 194 2260 lerunt,
226 2196 332 2262 postea
359 2187 581 2267 confrigientem
604 2190 640 2247 ad
657 2209 723 2248 aras
747 2190 896 2248 Priamum
919 2191 1115 2248 obtruncave-

86 2282 162 2330 runt.
208 2271 275 2328 Nee
287 2270 355 2328 ideo
370 2269 463 2328 Troia
474 2274 575 2346 periit,
602 2277 673 2352 quia
685 2273 850 2336 Minervam
862 2274 1000 2349 perdidit.
1038 2273 1117 2341 Quid

81 2359 157 2414 enim
170 2357 256 2431 prius
267 2355 332 2427 ipsa
345 2353 481 2412 Minerva
503 2356 686 2431 perdiderat,
708 2366 744 2415 ut
755 2354 887 2432 perirati
913 2376 953 2416 au
966 2356 1046 2414 forte
1063 2375 1116 2412 cu-

80 2440 177 2496 stodes
205 2433 297 2494 sueri
329 2436 396 2494 Hoc
410 2455 482 2494 sane
504 2457 609 2496 verum
639 2449 699 2499 est:
725 2442 785 2498 illis
805 2442 913 2516 quippe
930 2441 1117 2513 interemptis

80 2525 175 2596 potuit
181 2521 306 2578 auferri.
319 2520 424 2597 Neque
430 2521 849 2594 enimhominesasimulacro,
866 2523 918 2580 sed
926 2525 1118 2580 simulacrum

80 2607 114 2662 ab
126 2602 297 2662 hominibus
309 2603 493 2661 servabatur.
508 2605 663 2672 Quomodo
676 2623 749 2682 ergo
769 2606 933 2673 colebatur,
948 2613 982 2660 ut
992 2604 1118 2676 patriam

82 2688 246 2744 custodiret
260 2695 290 2742 et
303 2688 401 2758 cives,
426 2705 502 2761 quae
516 2705 587 2742 sues
604 2705 664 2744 nou
677 2688 774 2744 valuit
797 2684 948 2740 custodire
962 2680 1118 2740 custodesl

477 2783 602 2842 GAP.
644 2783 720 2841 lll.

81 2865 168 2929 Quam
178 2866 366 2934 imprudenter
376 2862 495 2918 Romani
504 2865 565 2918 deas
572 2872 701 2933 penaten,
720 2865 768 2933 ιιι
786 2862 899 2917 Troiam
913 2862 1049 2916 catteds're
1064 2879 1117 2916 ιιι

276 2942 441 3002 potuerant,
462 2933 515 2986 rita·
528 2935 703 2988 crediderunt
716 2935 887 3007 profuturos.

138 3007 219 3064 Ecce
233 3007 370 3082 qualibus
384 2997 441 3062 diis
460 3006 563 3064 urbem
581 3006 710 3064 Romani
731 3006 907 3065 servandam
920 3025 952 3062 se
966 3023 1116 3063 commen-

75 3090 164 3146 dasse
179 3090 360 3168 gaudebant.
406 3089 572 3146 Opimium
590 3091 788 3148 miserabilem
806 3085 951 3146 errorem!
978 3087 1019 3144 Et
1031 3089 1117 3144 nobis

75 3182 276 3244 succensent,
297 3192 365 3230 cum
379 3171 415 3228 de
437 3171 494 3228 diis
509 3191 612 3232 eorum
626 3175 698 3230 talia
709 3173 848 3230 dicimus:
868 3191 924 3230 nec
938 3178 1118 3228 succensent

77 3257 255 3312 auctoribus
263 3257 338 3326 suis,
355 3263 470 3330 quosut
476 3253 654 3328 ediscerent,
663 3256 834 3328 ‚mercedem
840 3254 1001 3325 dederunt3
1014 3252 1117 3308 docto-

75 3357 188 3413 resque
202 3341 284 3411 ipscs
299 3339 434 3412 insuper,
461 3345 492 3392 et
503 3340 612 3394 salario
630 3340 761 3412 publico,
781 3347 812 3396 et
824 3337 988 3395 honoribus
1002 3334 1117 3411 dignis-

77 3423 169 3478 simos
190 3419 370 3478 habuerunt.
421 3419 533 3494 Nempe
559 3420 637 3495 apud
655 3419 830 3500 Virgilium,
857 3439 945 3496 quem
962 3423 1119 3492 propterea

79 3505 196 3574 parvuli
210 3505 328 3581 legunt,
343 3502 527 3560 atridelicet
538 3512 627 3578 poeta
639 3522 766 3581 magnus
781 3505 972 3576 omniumque
983 3498 1116 3571 praeela-
1199 3549 1203 3556 ,
1264 3505 1265 3515 ’

78 3586 213 3642 tissimus
242 3595 332 3660 atque
358 3587 487 3660 optimus
522 3587 635 3643 teneris
671 3587 798 3642 ebibitus
826 3587 913 3642 annis
945 3597 1006 3636 nou
1031 3578 1119 3636 lacile

78 3668 231 3724 oblivione
245 3669 343 3741 possit
356 3668 485 3739 aboleri,
512 3667 675 3726 secundum
687 3668 762 3726 illud
772 3666 907 3724 Horatii:

137 3751 319 3889 &³:⁰3¹
332 3759 379 3806 est
391 3751 505 3808 imbuta
517 3769 623 3808 recens
641 3751 773 3808 servabit
786 3748 916 3805 ederem.
