2576 4396
238 175 299 230 314
464 169 560 229 DIVI
581 165 767 226 AVRELII
787 168 1033 228 AVGVSTINI

237 343 307 401 pora
320 323 493 394 bestiarum,
520 321 671 394 scripsisse
686 321 877 378 certissimum
890 331 942 377 est.
985 320 1070 379 Hanc
1084 326 1256 384 sententiam

238 407 389 482 Porphyrii
403 405 502 462 doctor
515 406 610 462 tenuit
623 413 653 460 et
665 403 811 460 Plotinus:
836 403 997 480 Porphyrio
1011 413 1110 464 tamen
1123 409 1185 464 iure
1200 409 1256 466 dis-

238 493 346 567 plicuit.
381 487 415 545 ln
428 487 575 546 hominum
588 506 673 561 sane,
697 505 757 544 non
771 506 823 543 sua
836 507 910 566 quae
931 488 1114 563 dimiserant,
1141 491 1191 548 sed
1203 497 1258 550 alia

145 582 150 590 “
238 592 312 632 nova
326 590 446 647 corpora
457 573 553 629 redire
564 569 704 628 humanas
716 572 826 628 animas
840 573 996 630 arbitratus
1010 581 1062 630 cst.
1084 573 1192 632 Puduit
1203 579 1256 640 sci-

238 660 307 714 licet
322 656 394 713 illud
407 656 540 728 credere,
567 673 604 712 ne
616 664 710 712 mater
723 655 849 711 fortasse
862 655 955 712 filium
968 657 1000 712 in
1013 659 1120 714 mulam
1130 661 1257 716 revoluta

238 749 381 800 vectaret:
396 749 426 795 et
438 757 499 795 non
511 739 614 814 puduit
626 737 681 794 hoc
695 737 826 810 credere,
838 739 889 795 ubi
902 734 966 818 [ne]
981 741 1113 797 revoluta
1125 752 1215 819 mater
1228 744 1257 797 in

238 826 364 901 puellam
375 822 436 878 filio
449 823 572 878 forsitan
586 821 716 879 nuberet.
754 823 869 889 Quanto
883 823 1012 880 creditur
1022 822 1171 880 honestius
1184 824 1259 901 quod

239 908 333 964 sancti
347 915 377 961 et
389 924 507 963 veraces
521 907 627 984 Angeli
640 904 818 978 docuerunt,
832 905 909 982 quod
920 905 1082 981 Prophetae
1090 907 1147 964 Dei
1153 907 1259 984 Spiritu

239 991 297 1047 acti
312 991 403 1045 locuti
422 999 506 1061 sunt,
533 988 608 1065 quod
626 990 687 1064 ipse
708 1008 792 1064 quem
816 999 972 1046 venturum
985 989 1258 1066 Salvatoremprac-

238 1075 321 1129 missi
334 1075 430 1129 nuntii
448 1072 672 1148 praedixerunt,
698 1072 774 1148 quod
791 1075 874 1130 missi
886 1074 1017 1149 Apostoli
1030 1076 1079 1150 qui
1092 1075 1189 1132 orbern
1200 1085 1259 1131 ter·

238 1175 335 1214 rarum
347 1155 510 1235 Evangelio
523 1153 728 1231 repleverunt?
743 1158 874 1228 Quanto,
888 1158 1017 1235 inquam,
1032 1155 1182 1215 honestius
1197 1178 1258 1214 cre-

239 1241 331 1312 ditur,
357 1243 467 1296 reverti
480 1243 569 1296 semel
582 1242 692 1298 animas
706 1240 741 1296 ad
758 1260 878 1316 corpora
894 1243 1026 1316 propria,
1052 1260 1136 1319 quarn
1151 1245 1260 1299 reverti

238 1326 324 1380 toties
338 1323 375 1380 ad
388 1321 522 1404 dirersal
544 1322 762 1396 Verumtamen,
776 1333 809 1380 ut
819 1325 892 1400 dixi,
905 1343 942 1380 ex
953 1343 1059 1404 magna
1072 1326 1192 1400 partein
1205 1324 1259 1382 hae

239 1409 375 1482 opinione
389 1417 534 1464 correctus
549 1417 594 1463 est
606 1407 799 1484 Porphyrius,
826 1417 860 1465 ut
877 1411 978 1464 saltem
996 1410 1028 1464 in
1042 1411 1119 1466 solos
1131 1406 1259 1466 homines

238 1489 377 1547 humanas
390 1493 501 1548 animas
514 1493 700 1567 praecipitari
712 1509 814 1567 posse,
842 1493 980 1564 sentiret,
1005 1492 1150 1549 belluinos
1167 1502 1259 1550 autem

239 1591 369 1630 carceres
388 1583 534 1646 evertere,
560 1576 678 1630 minime
697 1575 849 1632 dubitaret.
893 1574 976 1632 Dicit
993 1577 1095 1648 etiam,
1120 1573 1215 1632 Deum
1228 1575 1259 1631 nd

237 1655 293 1713 hoc
306 1659 432 1714 animam
444 1658 553 1716 mundo
567 1656 697 1730 dedisse,
716 1667 748 1714 ut
760 1660 898 1714 materiae
912 1660 1069 1734 corporalis
1083 1676 1259 1737 cognoscens

237 1742 327 1811 mala,
355 1740 391 1796 ad
403 1739 520 1799 Patrem
533 1750 713 1813 recurreret,
732 1760 787 1798 nec
800 1741 957 1817 aliquando
971 1745 1028 1798 iam
1040 1743 1143 1798 talium
1153 1744 1259 1817 polluta

239 1825 413 1901 contagione
425 1833 584 1882 tcneretur.
627 1823 682 1881 Vbi
706 1827 761 1880 ctsi
784 1825 892 1899 aliquid
915 1827 1158 1884 inconvenienter
1178 1827 1258 1900 sapit,

237 1909 329 1984 magis
345 1909 422 1982 enim
436 1909 502 1965 data
516 1919 561 1965 est
573 1909 706 1982 corpori,
731 1917 764 1964 ut
783 1909 858 1964 bona
874 1909 1000 1980 faceret,
1025 1911 1177 1966 nonenim
1189 1911 1258 1968 mala

237 1990 373 2062 disceret,
387 1993 413 2046 si
426 2011 485 2048 non
495 1993 620 2050 faceret:
634 1993 666 2047 in
680 2011 714 2048 eo
727 2001 825 2049 tamen
839 1991 962 2050 aliorum
972 1992 1188 2049 Platonicorum
1202 1995 1258 2066 opi-

237 2075 370 2146 nionem,
385 2084 414 2130 et
427 2095 486 2132 non
499 2077 577 2132 inre
589 2094 679 2150 parva
692 2073 873 2146 emendavit,
886 2076 962 2151 quod
975 2075 1141 2132 mundatem
1154 2077 1189 2133 ab
1202 2095 1258 2132 om·

205 2177 217 2208 s
236 2158 321 2214 nibus
340 2160 424 2214 malis
444 2161 570 2216 animam
588 2168 619 2216 et
631 2178 696 2215 cum
708 2158 796 2216 Patre
815 2161 1018 2233 constitutam,
1044 2177 1191 2234 nunquam
1207 2162 1258 2216 iam

235 2243 311 2295 mala
324 2239 425 2296 mundi
438 2239 523 2297 huius
536 2260 687 2316 passuram
701 2261 765 2298 esse
780 2241 932 2310 confessus
947 2252 1000 2300 est.
1040 2243 1103 2309 Qua
1117 2245 1258 2300 sententia

235 2323 367 2396 profecto
381 2323 515 2394 abstulit,
539 2324 615 2399 quod
629 2343 693 2381 esse
706 2324 887 2382 Platonicum
900 2329 1026 2383 maxime
1038 2324 1219 2400 perhibetur,
1231 2335 1259 2381 ut
1275 2377 1276 2382 ,

235 2415 364 2461 mortuos
379 2424 416 2460 ex
429 2407 520 2478 vivis,
534 2409 575 2464 ita
588 2409 670 2465 vivos
685 2425 721 2464 ex
734 2411 855 2466 mortuis
870 2428 982 2485 semper
994 2409 1074 2466 lieri:
1100 2408 1259 2486 falsumque
1275 2417 1276 2450 ἓ

236 2507 300 2544 csse
314 2489 451 2562 ostendit,
466 2491 543 2566 quod
555 2490 705 2548 Platonice
718 2492 836 2550 videtur
849 2492 958 2553 dixisse
970 2492 1122 2572 Virgilius,
1137 2494 1170 2549 in
1186 2513 1259 2550 cam-
1275 2457 1276 2550 i

235 2591 287 2647 pos
300 2571 416 2648 Elysios
429 2584 567 2652 purgatas
581 2576 692 2632 animas
706 2577 829 2646 missas,
849 2572 919 2652 (quo
933 2577 1050 2634 nomine
1063 2585 1201 2652 tanquam
1213 2596 1260 2653 per

234 2656 361 2713 fabulam
373 2658 512 2715 videntur
525 2659 687 2737 significari
700 2659 808 2738 gaudia
819 2656 999 2738 beatorum)
1024 2658 1060 2716 ad
1072 2657 1196 2718 fluvium
1209 2659 1260 2716 he·

235 2738 334 2797 theurn
348 2743 479 2812 evocari,
501 2740 555 2798 hoc
575 2751 635 2812 est,
662 2742 699 2798 ad
712 2743 890 2800 oblivionem
903 2745 1138 2818 praeteritorum:

317 2822 438 2879 Scilicet
450 2825 633 2880 immemores
647 2843 752 2898 supera
764 2835 797 2882 ut
812 2845 945 2882 convexa
956 2829 1098 2899 revisant,

318 2904 431 2962 Rursus
446 2915 476 2960 et
490 2907 635 2982 incipiant
646 2909 678 2963 in
694 2926 817 2984 corpora
828 2911 904 2966 uelle
916 2913 1034 2967 reverti.

234 2986 339 3044 Merito
354 2983 501 3061 displicuit
512 2988 566 3044 hoc
578 2988 755 3066 Porphyrio:
779 2995 916 3067 quoniam
929 3012 961 3049 re
974 3013 1045 3051 vera
1057 2995 1176 3052 credere
1189 2998 1261 3052 stul·

235 3079 297 3125 tum
311 3071 373 3142 es‘t,
394 3089 430 3126 cx
443 3073 493 3126 illa
506 3074 581 3144 vita,
610 3092 682 3148 quae
697 3074 865 3132 beatissima
879 3095 943 3132 esse
961 3096 1021 3134 non
1034 3079 1142 3153 poterit
1155 3080 1215 3134 nisi
1228 3078 1261 3135 de

236 3171 288 3208 sua
302 3154 392 3209 fucrit
409 3157 582 3212 aeternitate
603 3159 778 3229 certissima,
804 3158 969 3217 desidcrare
984 3163 1096 3217 animas
1109 3180 1261 3236 corporum

235 3238 463 3310 corruptibilium
483 3241 593 3312 labem,
609 3250 649 3298 ct
667 3242 735 3299 inde
755 3241 791 3299 ad
809 3245 866 3303 ista
884 3261 1031 3316 remeare,
1057 3253 1197 3320 tanquam
1209 3244 1262 3302 boc

235 3329 303 3396 agat
316 3339 425 3377 summa
438 3325 592 3400 purgatio,
607 3334 641 3380 ut
653 3326 816 3400 inquinatio
829 3329 1004 3403 requiratur.
1029 3353 1031 3368 ·
1047 3325 1081 3384 Si
1095 3332 1173 3385 enim
1187 3327 1261 3406 quod
1275 3385 1276 3394 ἓ

233 3403 360 3477 perfecte
372 3404 562 3479 mundantur,
576 3407 630 3464 hoc
644 3408 744 3480 efficit,
759 3419 792 3465 ut
805 3412 935 3466 omnium
949 3412 1158 3468 obliviscantur
1169 3413 1260 3469 malo-
1275 3453 1276 3484 ,

233 3505 313 3558 rum,
339 3491 481 3546 malmurn
494 3499 590 3548 autem
610 3493 716 3548 oblivio
734 3493 806 3549 facit
824 3511 976 3568 corporum
994 3492 1188 3570 desiderium,
1214 3489 1276 3552 ubi1

232 3587 334 3634 rursus
347 3573 532 3646 implicentur
545 3577 642 3646 malis,
662 3575 792 3650 profecto
806 3578 863 3632 crit
873 3577 1055 3635 infelicitatis
1069 3597 1170 3652 cause,
1185 3599 1260 3636 surn-

231 3653 422 3727 mafclicitas;
433 3666 463 3712 ct
471 3660 612 3714 stultitiae
625 3676 721 3730 causa,
727 3661 866 3735 perfectio
874 3663 1046 3736 sapientiae3
1062 3672 1093 3718 et
1105 3664 1261 3721 immundi-

232 3738 292 3794 tiae
297 3757 393 3810 causa,
403 3758 512 3797 summa
520 3740 667 3811 mundatio
673 3737 851 3822 [munditiaJ.
866 3743 894 3800 N
896 3764 927 3800 ec
938 3748 1061 3802 veritate
1067 3747 1109 3804 ibi
1116 3748 1204 3806 beata
1210 3749 1262 3804 erit

234 3821 340 3894 anima,
346 3823 594 3900 quamdiucunque
604 3826 670 3896 erit,
684 3828 732 3884 ubi
740 3827 986 3902 oportetfallatur,
999 3837 1031 3886 ut
1040 3830 1126 3889 beata
1136 3835 1185 3890 sit.
1198 3832 1261 3891 Nou
