2602 4416
228 244 268 300 66
458 234 557 294 DlVl
578 232 765 292 AVRELll
786 231 842 290 AV
848 233 1040 292 GVSTlNl

227 392 388 470 placuerit,
415 390 464 446 vol
488 395 608 463 propter
634 403 684 442 eos
709 387 851 456 maxime,
879 387 929 460 qui
941 388 1058 461 privata
1075 383 1182 446 habere
1208 411 1275 450 non

228 483 361 551 possunt.
405 471 607 530 Exstruantur
621 470 816 543 amplissimae
830 478 919 544 atque
933 473 1139 529 ornatissimae
1155 473 1277 548 domus,

230 559 349 633 opipara
363 557 500 615 convivia
511 553 752 630 frequententur,
772 552 822 609 ubi
836 555 941 628 cuique
954 555 1074 612 libuerit
1087 566 1118 614 et
1127 561 1277 632 potuerit,

229 641 277 697 die
291 649 438 715 noctuque
451 637 584 706 ludatur,
608 635 740 707 bibatur,
758 645 911 708 vomatur,
926 636 1083 695 diffluatur.
1128 637 1277 699 Saltatio-

228 743 282 782 nes
297 724 427 797 undique
454 727 649 794 concrepent,
675 717 791 776 theatra
804 717 977 778 inhonestae
991 723 1123 780 lactitiae
1136 725 1277 798 vocibus,

229 817 316 882 atquc
331 805 411 860 omni
424 820 535 880 genere
548 803 612 860 sive
627 802 846 860 crudelissimae
857 805 920 862 sive
933 807 1121 880 turpissimae
1134 808 1278 881 volupta-

228 892 268 945 tis
284 895 468 943 exaestuent.
511 884 565 942 llle
578 888 619 942 sit
629 887 762 961 publicus
788 888 943 959 inimicus,
970 891 1018 945 cui
1043 887 1115 946 haec
1142 889 1277 947 felicitas

230 971 379 1044 displicet:
406 969 539 1044 quisquis
554 979 744 1026 commutare
757 973 806 1026 vel
819 971 936 1027 auferre
950 975 1125 1044 tentaverit,
1153 991 1221 1029 eum
1235 975 1278 1029 li-

227 1054 299 1110 bera
311 1052 466 1110 multitudo
480 1061 596 1109 avertat
608 1053 643 1110 ab
658 1054 795 1122 auribus,
824 1063 938 1111 evertat
956 1073 972 1110 e
995 1055 1128 1126 sedibus,
1155 1056 1279 1114 auferat

228 1136 435 1194 avivcntibus.
478 1134 526 1192 llli
538 1134 701 1193 habeantur
715 1135 756 1191 dii
769 1138 847 1208 veri,
875 1139 926 1212 qui
950 1135 1026 1194 hanc
1052 1138 1281 1212 adipiscendam

228 1221 343 1295 populis
356 1221 600 1294 procuraverint,
627 1219 820 1294 adeptamque
843 1222 1037 1277 servaverint.
1082 1220 1226 1278 Celantur
1241 1233 1281 1278 ut

228 1304 396 1375 voluerint,
422 1303 506 1359 ludos
533 1312 696 1378 exposcant
721 1305 822 1378 quales
848 1304 1014 1375 voluerint,
1041 1321 1112 1378 quos
1127 1323 1194 1360 cum
1208 1308 1279 1362 suis

213 1388 279 1443 'vel
291 1387 327 1443 de
342 1388 402 1443 suis
416 1389 532 1461 possint
544 1385 653 1443 habere
666 1387 844 1444 cultoribus:
871 1395 986 1444 tantum
1000 1386 1143 1458 efficiant,
1170 1395 1204 1442 ut
1217 1392 1281 1446 tali

229 1471 366 1526 felicitati
391 1469 466 1525 nihil
491 1471 526 1526 ab
552 1468 654 1541 hoste,
680 1468 754 1526 nihil
768 1489 785 1526 a
797 1479 896 1545 peste,
923 1469 998 1528 nihil
1010 1471 1045 1528 ab
1059 1473 1118 1527 ulla
1137 1469 1220 1525 clade
1235 1475 1282 1528 ti-

228 1561 352 1606 meatur.
397 1553 468 1618 Quis
495 1551 571 1608 hanc
592 1553 800 1625 rempublicam
819 1571 925 1625 sanus,
953 1573 1014 1611 uon
1030 1553 1124 1612 dicam
1137 1551 1281 1614 Romano

228 1635 364 1708 imperio,
377 1633 429 1689 sed
442 1633 740 1708 domuiSardauapali
753 1633 985 1710 comparaveriti
999 1639 1049 1710 qui
1059 1636 1205 1710 quondam
1217 1657 1280 1695 rex

228 1719 271 1772 ita
288 1716 345 1773 luit
362 1718 559 1791 voluptatibus
579 1716 710 1788 deditus,
737 1726 770 1772 ut
783 1719 815 1773 in
834 1719 968 1792 sepulcro
983 1737 1035 1774 suo
1049 1720 1140 1774 scribi
1153 1719 1281 1795 fecerit,

229 1818 265 1856 ea
278 1801 340 1855 sola
354 1818 386 1856 se
399 1798 507 1856 habere
516 1809 679 1871 mortuum,
694 1819 768 1875 quae
781 1800 871 1857 libido
886 1803 949 1856 eius
964 1803 1052 1857 ctiam
1066 1819 1132 1858 cum
1144 1803 1282 1876 viveret,

228 1879 391 1939 hauriendo
419 1893 630 1941 consumserat.
676 1884 769 1951 Quem
794 1903 898 1962 regem
911 1885 963 1940 isti
976 1886 1003 1940 'si
1014 1882 1157 1940 haberent
1171 1886 1230 1956 sibi
1245 1890 1281 1945 in

228 1966 337 2022 talibus
351 1965 572 2045 indulgentem,
594 1985 650 2024 uec
663 1968 696 2023 in
711 1969 753 2023 eis
769 1969 905 2042 cuiquam
916 1968 977 2024 ulla
990 1969 1149 2024 severitate
1166 1969 1280 2026 adver-

229 2055 361 2122 sant'cm,
387 2049 455 2108 huic
468 2052 608 2106 libentius
623 2069 710 2126 quam
723 2049 850 2108 Romani
862 2060 980 2108 veteres
994 2047 1119 2109 Romulo
1133 2054 1278 2126 templum

229 2141 259 2188 ct
272 2131 420 2190 flaminem
434 2142 653 2190 consecrarent.

615 2283 738 2342 CAP.
782 2283 896 2341 XXl.

342 2379 418 2444 Quae
428 2377 563 2430 sententia
568 2379 664 2450 fuerit
675 2379 813 2434 Ciceronis
824 2383 856 2434 de
865 2381 989 2434 Romana
1001 2383 1159 2453 reipublice.

293 2466 353 2526 Sed
379 2468 405 2522 si
432 2469 633 2524 contemnitur
656 2472 707 2546 qui
719 2470 883 2528 Romanam
896 2473 1105 2548 rempublicam
1116 2475 1279 2548 pessimam

228 2571 263 2607 ac
277 2548 539 2628 flagitiosissimam
553 2549 646 2624 dixit,
676 2573 731 2611 uec
745 2564 853 2612 curant
863 2557 914 2612 isti
928 2567 1038 2631 quanta
1051 2563 1278 2631 morumpcssi-

228 2653 343 2690 morum
357 2653 391 2690 ac
404 2631 620 2709 flagitiosorum
632 2637 697 2693 labc
711 2655 746 2694 ac
771 2638 913 2696 dedecore
940 2641 1111 2714 impleatur,
1139 2639 1192 2696 scd
1205 2651 1278 2700 tan-

230 2717 378 2774 truurnodo
392 2725 426 2772 ut
440 2716 583 2772 consistat
598 2726 628 2773 ct
640 2729 773 2793 maneat3
800 2723 921 2779 audiant
946 2742 1027 2794 eam,
1056 2743 1132 2795 non,
1157 2733 1191 2780 ut
1205 2723 1276 2783 Sal-

227 2802 336 2856 lustius
350 2807 467 2868 narrat,
493 2801 650 2872 pessimam
664 2821 698 2859 ac
711 2802 973 2882 flagitiosissimam
987 2806 1111 2877 factam,
1139 2807 1206 2879 sed,
1232 2813 1276 2867 si-

228 2891 279 2937 cut
292 2880 395 2936 Cicero
408 2881 551 2955 disputat,
576 2885 635 2940 iam
649 2896 719 2943 tunc
741 2905 861 2962 prorsus
884 2891 1013 2964 perisse,
1040 2898 1070 2945 et
1082 2891 1192 2946 nullam
1205 2911 1273 2950 om-

227 2965 299 3020 nino
313 2964 491 3020 remansisse
505 2967 722 3040 rempublicam.
766 2969 883 3028 inducit
896 2975 975 3030 eninr
988 2971 1172 3047 Scipionem,
1201 2994 1273 3034 eum

226 3048 322 3120 ipsum
336 3047 386 3121 qui
395 3044 605 3124 Carthaginem
618 3054 820 3126 exstinxerat,
841 3056 877 3112 de
891 3058 1040 3131 republica
1053 3057 1273 3133 disputantem,

227 3129 342 3202 quando
355 3132 611 3202 praesentiebatur
630 3153 664 3191 ea
682 3140 889 3213 corruptione,
916 3159 1002 3216 quam
1016 3141 1155 3196 describit
1169 3139 1272 3200 Sallu-

226 3213 317 3282 stius,
343 3214 402 3267 iam
414 3214 530 3289 iamque
544 3219 685 3290 peritura.
728 3219 773 3277 Eo
802 3224 907 3298 quippe
933 3232 1063 3298 tompore
1089 3224 1272 3300 disputatur,

226 3296 355 3370 quoiam
368 3313 445 3352 unus
460 3296 661 3356 Gracchorum
686 3305 801 3360 occisus
828 3305 899 3377 fuit,
927 3325 1014 3381 aquo
1029 3307 1132 3364 scribit
1146 3308 1272 3366 seditio-

139 3431 142 3436 ,
225 3395 279 3432 nes
293 3397 400 3455 graves
415 3383 547 3454 coepisse
561 3381 730 3442 Sallustius.
774 3386 850 3444 Nam
863 3391 967 3446 mortis
983 3391 1046 3446 eius
1064 3391 1098 3446 lit
1111 3393 1143 3446 in
1158 3391 1272 3452 eisdem

223 3461 307 3516 libris
334 3467 579 3522 commemoratio.
625 3465 697 3523 Cum
710 3463 809 3526 autem
822 3469 922 3546 Scipio
942 3474 974 3528 in
988 3474 1110 3530 secundi
1127 3474 1196 3530 libri
1209 3475 1271 3532 fine

225 3543 371 3616 dixisset,
402 3553 435 3600 ut
459 3547 491 3602 in
518 3547 623 3604 fidibus
650 3567 684 3605 ac
712 3553 790 3608 tibiis
818 3564 905 3630 atque
919 3565 1007 3612 cantu
1021 3557 1084 3630 ipso
1099 3575 1133 3614 ac
1145 3559 1271 3616 vocibus

226 3637 388 3683 concentus
404 3637 449 3683 cst
463 3629 579 3702 quidam
592 3633 739 3690 tenendus
755 3653 792 3691 ex
806 3635 955 3695 distinctis
975 3641 1073 3711 sonis,
1100 3659 1188 3715 quem
1212 3644 1271 3699 im-

223 3716 366 3764 mutatum
392 3719 443 3766 aut
466 3711 680 3786 discrepantem
706 3735 791 3774 aures
817 3721 949 3778 eruditae
963 3721 1043 3779 terre
1058 3741 1118 3780 non
1131 3736 1271 3800 possunt,

225 3788 308 3860 isquc
335 3802 496 3848 concentus
524 3811 561 3848 cx
588 3795 847 3858 dissimillimarum
860 3823 967 3860 vocum
979 3806 1183 3863 moderatione
1198 3827 1270 3866 con-

226 3887 291 3928 cors
307 3880 403 3930 tamen
417 3875 543 3932 efficitur
558 3889 587 3933 ct
613 3899 797 3957 congruens
824 3887 868 3944 sic
883 3905 921 3944 ex
935 3891 1056 3948 suminis
1072 3901 1101 3946 et
1113 3889 1224 3949 infimis
1241 3910 1270 3950 et
