2586 4396
216 207 279 266 aaa
445 196 544 258 o1v1
570 195 756 256 sussen
774 173 1034 254 vlv'aisruu

570 339 897 408 csr.xxxu

225 449 261 504 ue
273 447 474 520 hydromantia,
490 463 541 514 per
551 462 630 514 poam
640 443 731 496 Numa
739 483 747 508 ‚
767 443 831 496 aisis
846 441 1004 512 quibusdam
1018 443 1181 496 daemonnm
1202 445 1281 501 ima·

558 514 668 586 ginibus
699 514 901 584 tadisionbatur.

280 610 356 668 Nam
369 619 399 666 et
416 609 478 682 ipsa
491 601 601 678 Numa,
627 603 663 660 ad
681 623 766 680 quem
783 605 881 684 nullus
900 603 959 660 Dei
974 601 1129 680 propheta,
1160 609 1280 664 nullus

222 703 340 754 sanctus
359 693 489 770 Angelus
508 689 694 761 mittebatur,
721 687 957 764 hydromantiam
974 687 1071 744 facero
1087 693 1279 762 compulsus

222 789 284 849 est,
300 787 333 833 ut
346 778 377 832 in
391 790 465 850 aqua
477 773 591 832 rideret
603 771 746 851 imagines
759 771 889 842 deorum,
903 769 950 828 rel
965 767 1061 844 potius
1075 769 1279 831 ludificatio-

220 881 273 920 nes
288 860 478 930 daemonum,
492 877 510 914 a
523 857 627 932 quibus
641 857 770 928 audiret,
785 855 852 931 quid
864 855 897 910 in
910 855 1001 910 sacris
1015 855 1211 914 constituere
1227 867 1278 913 at-

207 963 276 1020 que
294 945 450 1000 observare
471 941 597 998 deberet.
641 939 725 1006 Quod
743 955 837 1018 genus
856 939 1046 995 divinationis
1064 937 1145 994 idem
1168 938 1278 997 Varro

220 1028 348 1084 aPersis
362 1025 434 1083 dicit
447 1027 585 1096 allatum,
607 1041 663 1098 quo
678 1015 708 1078 e't
720 1025 817 1098 ipsum
827 1021 966 1092 Numam,
987 1029 1017 1076 et
1028 1029 1132 1096 postea
1148 1021 1278 1100 Pytha-

221 1129 325 1189 goram
335 1109 537 1186 philosophum
546 1125 629 1164 usum
641 1107 733 1164 fuisse
747 1113 965 1162 commemorat:
979 1106 1029 1161 ubi
1042 1103 1182 1163 adhibito
1199 1125 1278 1165 san-

222 1195 313 1275 guino
326 1196 414 1251 etiam
426 1191 538 1250 inferos
548 1190 680 1266 perhibet
693 1191 855 1267 sciscitari3
870 1199 900 1245 et
912 1188 1131 1266 ’νικρομᾱντείαν
1146 1189 1279 1249 Graece

222 1281 293 1336 dicit
305 1279 421 1349 vocari,
441 1295 516 1352 quaa
528 1278 591 1332 sive
604 1275 825 1352 hydromantia,
838 1274 902 1330 sive
914 1273 1116 1330 necromantia
1129 1273 1278 1349 dicatur,

222 1361 349 1437 idipsum
361 1371 423 1433 est,
447 1359 498 1418 ubi
510 1355 648 1418 videntur
662 1360 771 1414 mortui
785 1357 928 1414 divinare.
972 1357 1084 1423 Quibus
1097 1355 1178 1414 haec
1193 1362 1278 1416 artiss

223 1449 276 1504 bus
290 1446 379 1516 liant,
393 1445 448 1518 ipsi
460 1443 599 1500 viderint.
638 1441 714 1500 Nolo
728 1443 806 1498 enim
819 1439 915 1496 dicere
928 1438 980 1496 has
994 1447 1072 1496 artas
1085 1441 1185 1498 otiam
1201 1455 1279 1503 ante

221 1530 319 1587 nostri
334 1527 495 1584 Salvatoris
509 1528 666 1583 adventum
678 1527 709 1580 in
725 1527 795 1600 ipsis
809 1524 977 1580 civitatibus
995 1525 1130 1602 gentium
1145 1527 1278 1604 legibus

223 1615 319 1668 solere
332 1609 488 1686 prohiberi,
503 1620 533 1666 et
545 1625 640 1684 poena
653 1609 838 1664 severissima
850 1608 1005 1664 vindicari.
1024 1607 1111 1678 Nolo,
1125 1609 1276 1685 inquam,

222 1695 279 1752 hoo
293 1695 403 1750 dicere:
430 1693 564 1749 fortassis
578 1695 657 1748 enlm
670 1694 741 1749 talia
753 1685 825 1748 tunc
839 1693 976 1748 licebant.
1019 1690 1075 1746 llis
1094 1700 1207 1750 tamen
1224 1713 1275 1751 ar-

222 1781 300 1836 tibus
313 1776 417 1833 didicit
429 1793 512 1832 saora
525 1778 576 1832 illa
588 1775 761 1850 Pompilius,
773 1807 778 1815 ι
790 1787 914 1852 quorum
932 1790 1083 1831 sacrorum
1099 1773 1189 1833 iacta
1202 1797 1275 1853 pro-

224 1862 312 1933 didit,
339 1879 440 1916 eausas
454 1859 567 1932 obruit;
592 1861 634 1916 ita
652 1861 751 1915 timuit
769 1867 799 1916 et
818 1861 880 1934 ipse
897 1859 975 1933 quod
994 1857 1108 1916 didicit:
1138 1877 1276 1934 quarum

224 1963 378 2002 causarum
394 1943 525 2020 proditos
543 1944 634 2000 libros
658 1953 776 1999 senatus
802 1944 944 1999 incendit.
988 1941 1064 2009 Quid
1087 1940 1168 2000 mihi
1199 1965 1276 2028 crgo

223 2028 317 2086 Varro
331 2031 450 2084 illorum
464 2034 613 2100 sanorum
625 2029 698 2083 alias
712 2027 813 2083 neseio
827 2041 900 2102 quas
914 2040 1018 2082 causas
1030 2027 1113 2083 velut
1122 2025 1275 2104 physicas

223 2116 450 2189 interpretatur;
476 2111 593 2187 quales,
619 2113 645 2168 si
662 2106 731 2167 libri
748 2111 792 2166 illi
809 2107 993 2182 habuissent,
1020 2129 1080 2167 non
1093 2111 1210 2187 utique
1226 2131 1275 2170 ar-

224 2199 349 2268 sissent,
376 2206 428 2252 aut
442 2205 472 2251 et
484 2199 556 2250 istos
570 2193 713 2251 Varronis
727 2195 766 2250 ad·
778 2193 932 2252 Caenonem
943 2193 1112 2268 pontificem
1132 2199 1274 2274 scrIptos

223 2291 312 2354 atque
326 2280 419 2334 editos
428 2278 532 2334 'Patres
548 2279 709 2355 conscripti
724 2280 859 2334 similiter
872 2273 1098 2334 incendissenti
1112 2278 1213 2344 Quod
1229 2301 1274 2338 er·

224 2381 263 2442 go
276 2381 384 2438 aquam
397 2363 549 2440 egesserit,
562 2361 593 2418 id
606 2371 660 2434 cst,
674 2364 875 2436 exportaverit
884 2361 981 2418 Numa
992 2361 1171 2436 Pompilius,
1188 2365 1274 2422 unde

223 2446 460 2524 hydromantiam
473 2445 599 2518 iaceret,
617 2446 684 2502 ideo
697 2445 862 2522 Nympham
874 2447 1030 2522 Aegeriam
1043 2445 1214 2523 coniugem
1229 2449 1274 2506 di.

224 2531 302 2588 eitur
315 2529 466 2602 habuisse,
479 2529 721 2605 quemadmodum
734 2532 766 2586 in
780 2529 947 2604 supradicto
960 2529 1035 2585 libro
1047 2527 1203 2588 Varronis
1220 2553 1273 2591 cx-

224 2617 352 2692 ponitur.
395 2614 440 2672 Ita
458 2615 537 2672 enim
554 2617 651 2672 solent
662 2631 710 2670 res
724 2624 825 2693 gastae
837 2613 1028 2688 adspersione
1040 2611 1274 2674 mendaciorum

223 2702 258 2755 in
269 2699 381 2756 fabulas
394 2701 481 2755 verti.
524 2695 559 2754 ln
572 2700 624 2754 illa
641 2700 734 2776 igitar
751 2695 956 2774 hydromantia
975 2697 1204 2756 curiosissimus
1223 2703 1276 2758 ille

224 2799 278 2838 rex
291 2782 441 2842 Romanus
455 2791 485 2837 et
499 2797 582 2837 sacra
595 2781 714 2852 didicit,
735 2784 854 2856 quaein
868 2781 951 2838 libris
966 2781 1025 2836 suis
1037 2779 1204 2856 pontifices
1219 2785 1274 2843 ha·

224 2865 341 2938 berent3
354 2874 384 2920 et
398 2883 499 2923 eorum
513 2876 712 2939 causas,'quas
726 2874 843 2939 praeter
858 2883 889 2921 se
903 2865 1051 2922 neminem
1063 2866 1142 2920 scire
1157 2871 1274 2927 voluit.

224 2945 325 3022 ltaque
348 2963 397 3002 aas
418 2965 550 3002 scorsum
572 2947 695 3022 scriptas
719 2963 818 3004 secum
836 2947 960 3024 quodam
978 2947 1064 3006 modo
1083 2951 1164 3005 mori
1183 2952 1273 3028 fecit,

224 3029 339 3105 quando
358 3031 399 3085 ita
418 3027 629 3087 subtrahendas
648 3029 798 3088 hominum
816 3035 940 3090 notitiae
952 3031 1202 3108 sepeliendasque
1218 3059 1273 3095 cu-

225 3115 309 3170 rarit.
353 3114 413 3169 Aut
425 3129 497 3192 ergo
511 3113 686 3172 daemonum
698 3117 759 3172 illic
773 3125 832 3172 tam
846 3115 980 3174 sordidae
1000 3125 1030 3172 at
1046 3118 1159 3173 noxiae
1182 3124 1272 3196 cupi-

226 3197 331 3253 ditates
349 3207 434 3254 erant
452 3201 655 3273 conscriptae,
680 3209 714 3257 ut
732 3218 770 3258 ex
787 3199 833 3256 his
852 3209 914 3257 tota
931 3201 983 3256 illa
999 3198 1149 3279 theologia
1166 3206 1272 3262 civilis

224 3282 312 3337 etiam
325 3281 400 3356 apud
412 3284 485 3338 tales
499 3281 631 3340 homines
646 3284 833 3340 exsecrabilis
847 3291 1016 3360 appareret,
1031 3287 1157 3360 quitum
1172 3291 1273 3345 multa

222 3368 256 3424 in
274 3366 343 3440 ipsis
366 3367 456 3422 sacris
475 3367 673 3424 erubescenda
691 3378 893 3443 susceperant3
919 3360 971 3424 aut
993 3369 1038 3424 illi
1061 3387 1166 3424 omncs
1191 3373 1272 3430 nihil

224 3449 302 3506 aliud
315 3467 401 3525 quam
414 3448 548 3508 homines
561 3453 670 3508 mortui
682 3449 893 3527 prodebantur,
907 3468 981 3527 quos
992 3461 1053 3508 tam
1061 3453 1178 3528 prolixi
1190 3463 1271 3512 tam-

223 3535 301 3608 poris
314 3543 460 3591 vetustate
473 3535 535 3591 iere
549 3551 649 3592 omnes
660 3537 758 3610 populi
769 3537 904 3614 gentium
913 3534 984 3592 deos
997 3537 1184 3594 iminortales
1202 3559 1271 3596 esse

224 3615 423 3674 crediderant:
450 3637 517 3674 cum
530 3627 561 3674 et
572 3617 678 3674 talibus
692 3620 782 3674 sacris
796 3618 885 3675 iidem
896 3617 942 3676 illi
955 3618 1111 3677 daemones
1126 3619 1269 3681 oblecta-

226 3709 343 3771 rentur,
369 3703 420 3776 ‹pui
433 3720 464 3758 se
478 3701 615 3758 colendos
628 3718 682 3774 pro
694 3703 766 3774 ipsis
778 3703 919 3776 mortuis,
934 3718 1005 3779 quos
1019 3703 1088 3759 deos
1100 3709 1206 3780 putari
1222 3709 1269 3764 fe-

227 3791 329 3838 cerant
341 3783 510 3858 quibusdam
523 3785 672 3840 fallacium
684 3787 892 3843 miraculorum
909 3787 1163 3860 attestationibus,
1196 3809 1269 3866 sup-

226 3864 383 3942 ponebant.
423 3864 482 3924 Sed
496 3869 611 3924 ocoulta
624 3865 681 3924 Dei
694 3870 758 3925 reri
768 3869 954 3944 providentia
971 3871 1080 3951 facturn
1094 3879 1154 3944 cst,
1187 3885 1226 3932 ut
1241 3885 1269 3931 ei
