2586 4396
237 197 275 254 58
461 185 559 248 DlVl
582 184 772 244 AVRELll
792 180 1039 241 AVGVSTlNl

236 349 309 404 aliae
321 345 356 400 de
369 344 418 398 illo
430 359 514 416 quem
527 340 628 416 genuit
640 337 730 394 Adam
743 338 774 393 in
788 337 850 394 eius
864 334 1086 404 successionem,
1098 352 1184 409 quem
1196 334 1251 390 ire·

237 443 281 486 ter
295 425 409 496 occidit,
423 434 452 480 et
465 424 619 498 appellavit
631 439 737 478 nomen
749 421 827 476 illius
841 417 923 490 Seth,
937 417 1052 489 dicens,
1071 419 1251 494 asscriptum

237 521 291 583 est,
304 508 468 568 Suscitavit
481 508 555 564 caim
568 503 639 562 mibi
652 502 735 562 Deae
749 521 843 562 semea
856 502 941 560 eliud
946 520 1007 580 pro
1019 500 1100 572 Abel,
1112 519 1190 578 queas
1204 522 1251 559 oc-

235 596 309 652 cs'ds't
322 591 404 650 Cain.
419 589 490 647 Cum
503 591 600 664 itaque
613 590 686 644 istac
699 588 772 646 duae
786 588 875 644 series
888 587 1128 664 generationum,
1143 603 1202 642 una
1216 585 1253 640 de

235 675 318 750 Seth,
331 679 422 733 altera
433 674 468 730 de
482 671 564 743 Cain,
578 671 629 728 has
641 671 712 730 duas
724 670 872 748 dequibus
886 671 1009 748 agimus,
1025 669 1167 726 distinctis
1176 668 1254 726 ordi-

236 761 320 818 nibus
329 761 481 816 insinuent
492 755 641 828 Civitates,
655 774 742 814 unam
756 756 910 814 coelestem
922 755 954 811 in
966 755 1055 810 terris
1067 753 1254 830 peregrinan-

236 854 310 916 tem,
336 845 455 900 alteram
473 850 619 897 terrenam
637 841 763 896 terrenis
780 849 917 914 tanquam
935 839 997 894 sola
1015 839 1074 894 sint
1086 835 1200 914 gaudiis
1212 841 1253 896 iu-

234 927 364 984 hiantem
375 927 423 982 rel
440 922 653 995 inhaerentem3
680 925 778 982 nullus
792 923 827 980 de
838 922 978 1000 progenie
992 919 1075 992 Cain,
1096 919 1163 976 euin
1175 921 1252 980 dinu-

236 1019 346 1068 merata
358 1010 396 1064 sit
409 1016 615 1065 connumerato
625 1006 719 1064 'Adam
731 1025 822 1082 usque
836 1006 872 1062 ad
885 1015 1015 1064 octavam
1028 1006 1253 1082 generationem,

237 1103 307 1170 quot
326 1111 469 1150 annorum
486 1091 589 1148 fuisset
606 1109 759 1168 expressus
780 1099 839 1161 est,
871 1087 984 1164 quando
1002 1089 1107 1167 genuit
1125 1108 1190 1146 eum
1206 1091 1253 1165 qui

238 1185 477 1234 commemoratur
489 1183 554 1250 post
567 1194 642 1232 eum.
668 1173 769 1231 Noluit
781 1175 859 1230 enim
872 1171 998 1248 Spiritus
1011 1171 1069 1230 Dei
1081 1175 1113 1230 in
1125 1181 1254 1230 terrenae

152 1267 153 1272 ’
237 1260 371 1318 Civitatis
384 1258 621 1337 generationibus
634 1267 764 1333 tempora
776 1266 879 1316 notare
897 1265 965 1314 ante
983 1256 1136 1328 diluvium,
1161 1256 1211 1312 sed
1223 1259 1255 1314 in

238 1345 372 1402 coelestis
386 1344 498 1414 maluit,
513 1352 648 1418 tanquam
661 1350 759 1400 essent
770 1341 908 1398 memoria
921 1339 1080 1418 digniores.
1105 1338 1193 1398 Porro
1205 1359 1254 1397 au-

239 1439 297 1486 tem
310 1426 382 1486 Seth
395 1426 510 1502 quando
523 1435 608 1484 natus
623 1437 685 1499 ιιι,
708 1444 769 1484 non
783 1423 897 1501 quidem
909 1425 994 1480 taciti
1006 1432 1075 1480 sunt
1087 1425 1158 1480 anni
1169 1427 1253 1500 patris

237 1514 311 1582 eius,
326 1513 377 1566 sed
390 1512 448 1565 iam
460 1520 603 1586 genuerat
615 1512 702 1568 alios:
722 1520 751 1567 et
763 1526 859 1566 utrum
872 1511 948 1566 solos
962 1506 1035 1564 Cain
1048 1516 1077 1563 et
1089 1507 1170 1579 Abel,
1184 1508 1253 1564 affir-

236 1613 316 1650 mare
329 1595 394 1668 quis
408 1588 529 1648 audenti
555 1591 622 1648 Non
642 1595 719 1649 enim
738 1594 806 1667 quia
826 1595 880 1648 soli
897 1592 1039 1648 nominati
1058 1600 1126 1646 sunt
1144 1603 1254 1667 propter

238 1675 354 1732 ordines
368 1676 604 1754 generationum,
625 1694 695 1751 quas
710 1677 927 1732 commemorari
939 1675 1098 1750 oportebat,
1112 1675 1178 1732 ideo
1192 1694 1253 1732 eeu·

237 1757 462 1834 sequensvideri
473 1757 566 1829 debet,
580 1761 656 1814 solos
670 1760 762 1816 fuisse
776 1769 845 1816 tune
858 1767 1012 1837 generatos
1027 1776 1064 1814 ex
1076 1755 1175 1816 Adam.
1190 1757 1255 1816 Cum

237 1843 315 1899 enirn
329 1842 445 1898 silentio
460 1843 605 1916 coopertis
619 1843 746 1898 omnium
759 1843 924 1900 nominibus
939 1851 1134 1914 caeterorum,
1147 1843 1256 1920 legatur

237 1945 304 1982 eum
317 1926 457 2004 genuisse
469 1924 545 1980 filios
560 1935 589 1982 ιι
600 1925 692 2000 filias,
716 1935 804 2002 quota
816 1925 904 1982 fuerit
918 1929 974 1983 ista
986 1927 1083 2001 proles
1097 1927 1172 1996 eius,
1194 1929 1256 2000 quis

235 2018 400 2086 praesumat
413 2027 553 2082 asserere,
567 2011 593 2066 si
607 2011 719 2086 culpem
731 2007 904 2067 temeritatis
920 2006 1027 2067 eritatl
1044 2007 1145 2066 Potuit
1158 2011 1257 2086 quippe

235 2093 326 2152 Adam
339 2093 479 2150 divinitus
495 2091 659 2150 admonitus
674 2094 787 2166 dicere,
809 2103 911 2170 postea
923 2112 1009 2170 quarn
1021 2091 1093 2160 seth
1106 2102 1194 2150 natus
1208 2103 1256 2162 ιιι,

235 2175 401 2234 Suscitavit
413 2178 487 2234 enim
500 2175 572 2234 mibi
582 2175 665 2235 Deua
678 2195 773 2236 acmen
786 2179 935 2256 uliudpre
948 2176 1036 2253 Abob-
1048 2177 1187 2254 queniam
1198 2179 1256 2234 talis

236 2269 299 2316 erat
312 2261 437 2330 iuturus,
450 2261 500 2337 qui
512 2262 645 2336 impleret
657 2263 735 2318 illius
749 2263 943 2334 sanctitatem,
957 2279 1017 2320 nou
1027 2257 1103 2337 ipuod
1111 2261 1176 2336 ipse
1185 2263 1257 2338 prior

235 2351 302 2416 post
322 2361 387 2398 eum
406 2344 544 2416 temporis
564 2344 665 2400 ordine
685 2354 863 2416 nasceretur.
896 2345 1009 2404 Deinde
1027 2343 1104 2419 quod
1123 2347 1256 2422 scriptun

235 2435 291 2498 ιιι,
309 2423 391 2483 Vicit
403 2435 500 2482 autem
513 2423 585 2484 Setb
598 2429 721 2505 quinque
733 2438 763 2486 et
776 2429 915 2488 ducentae
929 2445 1029 2499 annos,
1043 2429 1090 2484 vel
1103 2430 1256 2486 seeundum

234 2508 395 2581 Hebraeos,
409 2511 532 2588 quinque
545 2521 575 2568 et
587 2520 700 2568 centum
713 2511 818 2582 onnes,
830 2524 860 2572 ct
870 2515 974 2591 gennit
983 2511 1078 2568 Enna:
1092 2513 1161 2586 quis
1175 2513 1259 2588 possit

235 2595 295 2650 nisi
306 2591 538 2652 inconsideratus
552 2613 731 2667 asseverare,
752 2593 831 2652 hunc
844 2598 905 2654 eius
917 2595 1146 2673 primogenitum
1156 2591 1258 2652 luisset

234 2674 273 2734 Vt
286 2676 462 2734 admiranter
475 2679 579 2736 merito
593 2680 791 2754 requiramus,
818 2679 960 2755 quomodo
980 2697 1031 2755 per
1044 2687 1090 2736 tot
1101 2696 1197 2736 annos
1210 2681 1259 2734 im·

234 2763 329 2818 munis
343 2761 433 2818 fuerit
445 2779 463 2816 a
477 2761 623 2840 connubio
644 2763 708 2820 sine
727 2764 788 2818 ullo
806 2765 955 2839 proposito
975 2763 1192 2834 continentiae,
1217 2762 1260 2822 rel

235 2863 295 2900 non
308 2844 446 2920 genuerit
459 2845 649 2922 coniugatus3
663 2844 777 2920 quando
788 2846 903 2922 quidem
916 2849 1003 2904 etiarn
1011 2845 1052 2902 de
1065 2847 1129 2920 ipso
1142 2847 1259 2923 legitur,

233 2925 275 2982 Ει
286 2927 390 3002 genuit
400 2924 485 2995 filios
499 2936 529 2982 et
538 2926 642 2998 filias,
664 2929 830 3002 etfuermst
842 2947 937 2988 omues
951 2931 1013 2989 dies
1026 2927 1099 2988 Setb
1112 2929 1259 2985 duedecim

235 3018 265 3064 ιι
282 3009 424 3083 nongenti
441 3010 527 3079 onai,
551 3021 580 3066 et
598 3023 729 3070 mortuus
747 3023 800 3070 ιιι.
826 3014 921 3090 Atque
933 3015 975 3070 ita
988 3013 1120 3088 deinceps
1133 3027 1260 3085 quorum

234 3091 305 3146 anni
323 3101 595 3165 commemorantur,
621 3113 674 3150 nec
689 3096 765 3154 filios
782 3096 913 3172 filiasque
930 3099 1069 3176 genuisse
1089 3096 1259 3151 reticentur.

233 3173 275 3230 Ae
286 3192 339 3250 per
351 3171 406 3230 hoc
418 3192 478 3232 nen
491 3187 610 3252 apparet
623 3180 756 3252 omnino,
780 3188 879 3238 utrum
891 3183 940 3257 qui
952 3181 1118 3238 nominetur
1131 3179 1259 3257 genitus,

232 3259 294 3334 ipse
307 3257 397 3314 luerit
409 3260 638 3339 primogenitus:
664 3263 816 3336 imovero,
830 3251 966 3340 queniam
978 3262 1115 3321 credibile
1129 3279 1188 3318 non
1202 3269 1260 3328 est,

232 3351 330 3417 patres
344 3343 409 3398 illos
423 3351 517 3400 aetate
531 3354 590 3402 tarn
602 3347 691 3423 longa
703 3356 755 3426 aut
766 3347 928 3422 impuberes
941 3348 1043 3418 fuisse,
1062 3356 1114 3402 aut
1125 3344 1259 3423 coniugi·

232 3425 286 3482 bus
301 3428 430 3483 caruisse
443 3430 490 3484 rel
503 3428 644 3499 foetibus3
658 3447 712 3485 nec
725 3432 791 3488 illos
805 3449 906 3489 eornm
915 3431 990 3488 filios
1000 3433 1109 3504 prienes
1122 3430 1165 3486 eis
1175 3437 1260 3486 natos

232 3509 323 3566 fuisse
342 3509 478 3567 credibile
498 3521 550 3568 est.
578 3509 637 3568 Sed
656 3531 720 3570 eum
737 3532 836 3570 sacrae
858 3517 982 3591 scriptor
999 3513 1141 3570 historiae
1158 3512 1198 3568 ad
1217 3530 1260 3568 ar·

232 3601 295 3649 tum
307 3595 454 3668 vitamque
467 3593 542 3664 No'e',
556 3597 637 3650 euius
649 3604 778 3671 tempore
788 3597 929 3656 diluvium
938 3597 1114 3668 factumest,
1128 3615 1184 3671 per
1197 3613 1261 3652 sue-

234 3677 382 3732 cessiones
396 3679 619 3753 generationum
632 3683 741 3736 notatis
755 3682 931 3756 temporibus
944 3681 1110 3740 intenderet
1122 3679 1261 3754 perveni-

232 3773 278 3826 re,
293 3776 341 3813 eas
356 3761 456 3832 utique
469 3765 716 3836 commemorarit,
735 3783 795 3822 non
809 3782 884 3840 quae
896 3767 1005 3842 primae
1018 3766 1078 3821 suis
1090 3763 1263 3838 parentibus

235 3835 354 3910 fuerint,
369 3840 420 3896 sed
432 3861 506 3917 quae
519 3846 550 3900 in
562 3849 779 3923 propagationis
794 3847 924 3912 ordinem
936 3850 1079 3907 venerint.
