2576 4396
264 197 324 256 DE
352 199 568 258 CIVITATE
595 200 677 258 DEI
701 200 781 258 LIB.
804 201 844 260 X.
1006 209 1067 266 303

21 354 128 423 donis,
143 352 196 408 sed
210 352 369 408 virtutibus
384 350 489 410 divinis
502 351 612 410 Herem
625 364 773 428 superent.
788 353 970 419 Commodius
985 362 1066 436 quip-

19 458 59 513 pe
74 436 181 512 Seipio
195 435 354 492 Africanus
366 444 411 492 est
424 439 656 515 oognominatus‚
671 438 746 512 quod
760 440 870 496 uirtute
883 438 1011 498 Airieam
1023 446 1067 500 vi-

22 523 114 592 cerit,
129 520 260 596 quamsi
273 517 370 576 hostes
384 519 467 578 donis
479 523 633 596 pIaeasset‚
648 530 679 576 ut
690 532 853 597 pareerent.

394 670 519 728 GAP.
561 669 701 728 XXII.

64 767 143 822 Vnde
155 767 195 818 sit
204 767 306 822 tenetis
316 768 455 820 adeersum
466 769 604 822 daemones
611 778 745 838 potestas,
756 780 784 824 et
794 771 862 826 aude
873 772 961 824 cordis
971 787 1035 826 uero

476 839 619 908 purgatio.

89 945 173 1002 Vere
186 946 295 1020 pietate
308 942 439 1000 homines
453 943 510 1001 Dei
527 947 635 1004 atrium
648 955 821 1021 potestatem
837 950 983 1004 inimicam
998 967 1069 1006 ean·

24 1031 210 1104 trariamque
219 1029 323 1102 pietati
336 1027 530 1084 exoroirando
542 1030 675 1101 eiiaiunt‚
688 1031 905 1106 nanplaeando,
913 1051 1071 1110 omnesque

24 1115 213 1172 tentationes
227 1111 412 1168 adversitatis
432 1115 495 1168 eius
507 1114 632 1170 vineunt
650 1113 778 1186 arando,
805 1135 862 1172 non
886 1118 993 1189 ipsam,
1019 1117 1071 1173 sed

24 1219 113 1256 suum
126 1197 229 1256 Deum
241 1195 382 1252 adversus
396 1197 497 1271 ipsam.
510 1195 579 1252 Non
593 1199 672 1254 eni1a
685 1199 813 1272 aIIqaern
823 1201 927 1270 vineit,
940 1210 991 1256 aut
1003 1203 1071 1258 sub·

25 1285 123 1362 iugat,
137 1281 200 1337 nisi
214 1279 355 1335 societate
368 1281 489 1354 pepeeti.
516 1277 550 1335 In
564 1281 627 1335 eius
641 1299 712 1358 ergo
726 1284 844 1338 nomine
857 1283 1002 1354 vincitur,
1022 1286 1071 1358 qui

26 1366 181 1423 hominem
193 1364 345 1434 assumsit,
358 1365 476 1442 egitque
489 1364 554 1420 siue
567 1373 698 1438 peeeato,
712 1373 745 1420 ut
756 1365 788 1420 in
800 1366 863 1440 ipso
875 1363 1026 1422 sacerdote
1039 1386 1072 1424 aa

25 1448 180 1506 sacrificia
197 1447 286 1504 fieret
304 1448 437 1504 remissio
457 1456 654 1522 potentorum,
681 1445 712 1503 id
734 1457 788 1519 est,
815 1466 868 1522 per
881 1447 1073 1506 MedIatorem

25 1535 86 1591 Dei
101 1525 135 1588 et
144 1530 294 1588 hominum
306 1528 455 1588 hominem
468 1529 617 1588 Christum
630 1529 736 1604 Iesum,
749 1551 802 1608 per
815 1551 902 1608 quem
915 1532 991 1589 foeta
1004 1553 1071 1608 pee-

26 1628 166 1674 catorum
176 1616 356 1694 purgatione
367 1615 592 1674 reconciliamur
604 1613 678 1672 Deo.
700 1614 769 1674 Nan
783 1619 862 1674 enisu
874 1617 933 1674 nisi
945 1620 1072 1692 peccatis

24 1701 166 1760 homines
179 1709 357 1774 separantur
368 1719 386 1756 e
399 1698 482 1771 Deo,
508 1717 632 1774 qaorum
650 1701 683 1758 in
699 1696 754 1757 hae
770 1702 832 1758 rita
850 1720 911 1758 uon
924 1700 958 1758 fit
970 1712 1072 1758 nostre

25 1789 159 1856 rotate,
186 1781 240 1840 sed
252 1781 353 1840 diuina
365 1783 553 1840 miseratione
565 1785 718 1862 purgati03
742 1803 795 1859 per
808 1783 1022 1864 indulgentiam
1034 1788 1071 1842 il-

25 1873 103 1941 lius,
123 1885 189 1926 non
202 1885 255 1943 per
268 1875 400 1926 nomem
412 1867 583 1942 potentiam.
610 1868 686 1934 Quia
698 1877 728 1924 et
739 1869 803 1944 ipsa
817 1871 1071 1946 quantulacunque

26 1957 142 2023 vittas,
171 1969 247 2027 quae
265 1949 372 2008 dieitur
389 1960 509 2021 nostra,
535 1951 614 2008 illius
628 1960 673 2008 est
686 1951 913 2010 nabisbonitnte
924 1971 1071 2010 eeaeessa.

25 2038 160 2096 Multum
173 2044 272 2092 autera
290 2035 376 2092 nabis
395 2035 426 2095 in
443 2033 497 2092 hee
511 2052 601 2092 earne
618 2036 833 2108 tribueremus,
859 2037 919 2092 nisi
931 2055 1022 2112 usque
1036 2037 1072 2092 ad

27 2125 91 2178 eius
112 2120 329 2194 depositionem
346 2117 400 2176 aab
417 2119 504 2176 venia
525 2119 698 2176 viveremus.
725 2118 884 2194 Propterea
902 2137 973 2197 ergo
987 2119 1072 2175 nabis

25 2225 79 2285 per
89 2203 287 2262 Mediatorem
298 2205 439 2277 praestita
448 2211 493 2259 est
506 2203 613 2280 gratia,
627 2212 660 2260 ut
669 2204 775 2278 polluti
783 2221 873 2260 earne
882 2204 996 2278 peeoati
1008 2221 1071 2260 aar·

25 2292 74 2348 nis
88 2287 209 2364 peeeati
221 2286 412 2344 similitadIne
421 2285 637 2344 mundaremur.
680 2285 752 2344 Hae·
762 2285 822 2344 Dei
837 2289 945 2366 gratia
970 2305 1029 2362 qna
1040 2289 1072 2344 in

26 2393 83 2432 nes
99 2371 233 2430 ostendit
244 2388 382 2449 magnam
393 2369 625 2428 mnoieortiam
645 2389 745 2442 anem,
771 2381 802 2428 et
819 2373 851 2428 ia
869 2370 925 2432 heo
941 2373 1004 2429 rita
1021 2390 1073 2444 per

27 2459 117 2515 tidem
129 2455 276 2534 regimur,
290 2463 320 2510 et
332 2453 484 2528 posthanc
496 2455 588 2510 vitam
600 2473 652 2528 per
666 2457 759 2528 ipsam
771 2457 897 2528 speeiem
909 2457 1072 2511 inaommu-
1162 2449 1168 2462 '

26 2543 127 2600 teb'dis
142 2539 280 2597 veritatis
295 2537 331 2596 ad
342 2537 554 2613 perfectionem
565 2539 766 2610 plenissimam
778 2537 976 2610 perduoemur.

386 2685 509 2748 CAP.
553 2685 717 2748 XXIII.

72 2789 119 2841 De
136 2785 297 2858 principiis,
320 2785 350 2840 io
367 2785 463 2856 pateus
477 2785 617 2926 Ρὶᾖςοηιὲοἰ
633 2784 827 2856 purgationem
847 2784 954 2838 animae
974 2801 1029 2838 este

459 2872 511 2926 pre
547 2874 579 2910 eu
594 2873 636 2910 ar.

96 2963 180 3022 Dieit
196 2966 285 3022 etiem
302 2962 480 3040 Porphyrius
500 2962 609 3021 divinis
628 2964 756 3020 ereeulis
777 2961 870 3020 faisse
889 2979 1072 3039 responsum,

30 3069 94 3107 non
107 3067 164 3106 nos
177 3049 298 3126 purgari
310 3051 398 3104 lunae
410 3048 508 3104 teletis
521 3057 612 3123 atque
624 3048 711 3104 solis:
732 3057 766 3104 at
783 3045 854 3104 hine
869 3047 1073 3104 ostenderetur

30 3136 184 3191 nullorum
201 3133 325 3188 deorum
341 3132 438 3188 teletis
459 3129 606 3190 humittem
619 3149 707 3206 posse
718 3134 847 3210 purgari.
890 3131 982 3190 Cuius
996 3133 1073 3187 enirn
1167 3187 1168 3194 ,

30 3221 142 3274 teletae
160 3225 301 3295 purgant,
315 3217 342 3272 si
352 3217 441 3272 lunae
454 3217 583 3290 solisque
594 3234 656 3272 non
668 3225 806 3293 purgant,
829 3235 902 3290 ques
914 3219 994 3272 inter
1006 3233 1074 3271 eoe-

31 3306 124 3358 lestes
136 3300 209 3358 deos
222 3301 394 3375 praecipuas
407 3295 533 3356 habenti
547 3298 684 3376 Denique
694 3299 796 3356 eodem
805 3297 876 3355 dioit
889 3301 1007 3356 oraculo
1021 3317 1075 3354 ex-

30 3403 180 3461 pressam,
193 3385 339 3460 prtueipia
350 3401 438 3458 posse
449 3384 574 3440 alieuius
587 3385 708 3440 ιίιοιίιιι
718 3381 777 3440 Dei
788 3381 824 3436 de
834 3383 918 3438 turbe
928 3385 1027 3438 valere
1038 3382 1075 3438 ad

30 3467 224 3547 purgandum
241 3470 349 3524 teletae
370 3467 569 3524 crederentur.
614 3468 695 3534 Quae
712 3475 809 3522 autem
822 3465 902 3521 dieat
915 3482 979 3520 esse
991 3466 1073 3543 prin-

29 3556 112 3628 eipia
123 3563 268 3629 tunquam
280 3550 470 3622 Platonieus‚
484 3552 628 3608 ravanus.
662 3550 744 3608 Dicit
756 3550 834 3604 eninr
848 3547 944 3604 Deum
956 3545 1074 3602 Patrsrn

31 3648 61 3694 et
80 3636 182 3694 Deum
197 3635 326 3706 Filium,
353 3653 438 3711 quera
452 3633 565 3692 Graeae
578 3637 704 3710 appellet
716 3643 869 3710 paternum
881 3632 1073 3702 intellectum,

30 3725 77 3778 vel
91 3729 250 3796 paternam
262 3727 406 3776 mentem:
432 3717 468 3774 de
481 3716 594 3793 Spiritu
607 3729 709 3776 autem
721 3726 839 3788 saneto,
853 3723 903 3772 eut
915 3711 998 3786 nihil,
1023 3725 1074 3772 aut

32 3825 95 3862 non
110 3813 215 3880 aperte
228 3801 340 3878 aliquid
353 3801 437 3860 dieite
463 3803 595 3876 quamvis
609 3819 694 3876 quem
706 3804 793 3858 alium
807 3797 999 3876 dieatthorum
1011 3817 1072 3854 me-

35 3889 129 3960 dium,
158 3907 219 3946 aon
233 3887 379 3966 intelligo.
423 3885 549 3944 sienim
564 3887 696 3955 tertiam,
723 3887 798 3940 sieut
812 3885 957 3956 l'lotinus,
977 3881 1026 3940 ubi
1038 3882 1072 3938 de
