2592 4396
257 185 320 246 DE
343 186 565 246 clvl‘rlrss
589 187 668 246 DEl
693 189 772 246 LlB.
798 191 888 250 le'.
1042 195 1084 255 26

36 343 178 402 nondum
192 341 281 396 libido
294 340 423 395 membra
435 341 484 396 illa
494 349 611 414 praeter
621 341 774 396 arbitrium
785 343 992 417 commovebat,
1007 365 1083 405 non-

36 431 111 484 dum
125 425 165 481 ad
179 423 308 480 bominis
327 422 556 479 inobedientiam
573 423 807 500 redarguendam
821 441 873 481 sua
886 427 1083 488 inobedientia

35 531 110 568 earo
126 507 255 584 quodam
268 505 353 563 modo
369 508 568 563 testimouium
585 504 763 580 perhibebat.
794 503 896 582 Neque
911 512 989 566 enim
1003 515 1083 568 coeci

35 595 135 652 creati
151 601 247 662 erant,
271 599 305 646 ut
316 591 483 664 imperitum
496 592 602 667 vulgus
617 592 766 664 opinatur:
793 591 909 664 quando
924 592 1041 668 quidem
1054 603 1084 650 et

34 682 89 735 ille
104 676 185 734 sidit
197 675 345 744 animalia,
373 673 479 746 quibus
494 675 614 729 nomina
628 674 779 746 imposuit;
804 682 833 728 et
846 674 882 729 de
894 677 944 730 illa
958 677 1082 754 legitur:

39 761 129 819 Vidit
142 759 251 816 mulier
264 759 334 835 quic
349 755 451 812 bonum
465 756 577 832 lignum
591 757 621 811 in
636 773 741 827 escam,
756 767 786 814 et
795 757 866 834 quia
872 757 978 836 placet
991 759 1084 816 oculis

34 847 80 904 ad
91 843 263 902 videndum.
287 839 430 895 Petebant
442 858 514 916 ergo
529 841 606 895 oculi
620 857 729 909 cortun,
744 841 795 896 sed
808 839 912 897 adhoc
925 861 985 898 non
999 851 1085 898 erant

34 929 148 1005 aperti,
163 925 218 982 boc
233 935 289 996 est,
302 941 362 980 non
375 925 491 994 attenti,
505 932 538 978 ut
547 933 761 1001 cognoscerent
774 923 843 999 quid
856 926 898 979 eis
912 923 1083 980 indumento

34 1012 161 1091 gratiae
173 1015 389 1084 praestaretur,
415 1007 531 1081 quando
553 1007 682 1063 membra
704 1025 806 1063 eorum
827 1009 972 1064 voluntati
995 1025 1083 1082 repu-

34 1113 137 1174 gnare
152 1093 334 1151 nesciebant.
378 1091 442 1156 Qua
455 1092 551 1167 gratia
564 1099 697 1160 remota,
720 1099 753 1144 ut
764 1107 859 1162 poena
873 1093 1022 1165 reciproca
1035 1093 1083 1146 in-

35 1177 226 1236 obedientia.
236 1177 429 1248 plecteretur,
456 1175 571 1228 exstitit
583 1173 614 1228 in
632 1173 714 1228 motu
729 1175 859 1248 eorporis
874 1173 1015 1248 quaedam
1027 1175 1083 1230 im·

33 1263 156 1338 pudens
171 1261 305 1330 novitas,
320 1257 398 1312 unde
413 1265 491 1312 esset
502 1256 643 1312 indecens
657 1255 791 1326 nuditas;
818 1264 847 1310 et
859 1255 931 1310 fecit
944 1265 1083 1326 attentos,

35 1344 229 1418 reddiditque
257 1340 405 1397 confusos.
448 1339 528 1394 Hinc
551 1348 595 1393 est
611 1338 689 1413 quod
701 1347 804 1412 postea
818 1356 903 1412 quam
916 1337 1083 1393 mandatum

33 1431 100 1488 Dei
120 1435 224 1502 aperta
237 1423 475 1502 transgressione
488 1423 653 1492 violarunt,
680 1423 822 1495 scriptum
836 1431 881 1476 est
894 1420 929 1476 de
943 1421 1016 1475 illis:
1043 1419 1084 1476 m

32 1514 147 1594 operti
160 1519 230 1568 eunt
244 1507 323 1566 oculi
335 1507 499 1592 amborum,
515 1515 544 1562 et
558 1515 758 1580 cognoverunt
772 1506 841 1580 quic
856 1505 929 1560 nudi
941 1512 1039 1572 erunt,
1056 1513 1084 1558 et

33 1603 225 1656 consuerunt
230 1591 317 1665 folio
322 1589 394 1662 fici,
409 1600 439 1646 et
443 1590 592 1662 fecerunt
605 1587 664 1644 sibi
676 1588 868 1664 campestria.
882 1586 1083 1664 Aperuerat,

32 1681 156 1756 inquit,
170 1677 249 1733 oculi
261 1674 425 1743 amborum,
452 1691 514 1730 non
528 1672 565 1727 ad
577 1670 752 1741 videndum,
778 1687 847 1726 nans
860 1679 889 1724 et
903 1678 990 1725 antea
1002 1667 1083 1724 vide-

31 1768 127 1835 bant3
159 1759 211 1816 sed
233 1759 270 1814 ad
294 1755 520 1814 discernendum
543 1754 745 1810 interbonum
759 1751 836 1828 quod
854 1754 1029 1822 amiserant,
1056 1761 1084 1806 et

32 1851 221 1919 malumque
236 1841 412 1898 ceciderant.
456 1839 539 1896 Vnde
554 1847 583 1894 et
595 1840 690 1912 ipsum
703 1839 835 1914 lignum,
857 1855 892 1892 eo
907 1834 984 1911 quod
998 1835 1084 1890 istam

32 1934 152 1989 faceret
168 1925 422 2004 dignoscentiam,
446 1925 472 1978 si
484 1924 521 1980 ad
534 1919 711 1980 vescendum
725 1930 829 1976 contra
843 1921 965 1976 vetitum
978 1927 1083 1994 tonge-

33 2025 138 2085 retur‚
170 2029 209 2066 ex
222 2027 257 2065 ea
271 2027 304 2064 re
317 2025 424 2064 nomen
438 2008 565 2080 aceepit,
592 2013 625 2061 ut
638 2000 832 2078 appellaretdr
845 2003 958 2078 lignum
973 1999 1085 2055 sciendi

33 2101 109 2158 boni
123 2107 156 2154 et
168 2095 248 2150 urali.
270 2091 400 2166 Experto
414 2092 493 2145 enim
506 2089 600 2144 morbi
613 2087 757 2154 molestia,
772 2084 937 2141 evidentior
950 2083 984 2137 fit
997 2083 1085 2135 etiam

33 2181 212 2241 iucunditas
227 2175 373 2232 sanitatis.
419 2171 625 2248 Cognoverunt
639 2187 710 2245 ergo
729 2169 799 2243 quia
812 2166 886 2222 nudi
898 2173 1002 2220 erant:
1028 2181 1084 2218 nu-

34 2269 100 2325 dati
115 2265 234 2322 seilicet
247 2279 281 2316 ea
295 2259 406 2336 gratia,
433 2273 490 2331 qua
507 2254 597 2310 fiebat
617 2261 651 2307 ut
665 2250 782 2306 nuditas
797 2249 928 2323 corporis
943 2248 1023 2302 nulla
1036 2263 1085 2301 eos

34 2357 106 2430 lege
121 2345 239 2422 peceati
250 2343 342 2399 menti
357 2359 457 2396 eorum
469 2345 654 2415 repugnante
673 2333 874 2390 confunderet.
910 2329 974 2386 Hoc
985 2333 1085 2404 itaque

37 2438 267 2512 cognoverunt,
294 2425 369 2500 quod
393 2423 507 2478 felicius
529 2423 718 2498 ignorarent,
748 2419 773 2471 si
788 2415 853 2471 Deo
878 2414 1030 2469 credentes
1055 2421 1084 2467 et

35 2517 217 2576 obedientes
231 2529 292 2567 non
307 2508 533 2573 committerent,
547 2501 624 2576 quod
638 2519 689 2555 eos
703 2507 822 2574 cogeret
836 2497 965 2567 experiri
977 2492 1082 2547 inlide-

35 2606 107 2660 litas
124 2607 157 2654 et
170 2591 371 2652 inobedientia
385 2588 454 2663 quid
467 2591 617 2642 nocerent.
637 2579 765 2638 Proinde
781 2576 894 2633 confusi
911 2573 1083 2631 inobedien-

34 2689 81 2744 tia
97 2682 200 2739 carnis
215 2696 295 2746 suae,
310 2685 448 2747 tanquam
461 2677 537 2725 teste
554 2683 650 2742 poena
670 2661 885 2718 inobedientiae
904 2675 991 2728 suae,
1018 2675 1083 2712 con-

35 2774 172 2827 suerunt
182 2761 268 2834 folia
281 2757 354 2830 fici,
369 2753 555 2825 olfecerunt
568 2748 627 2806 sibi
639 2745 836 2823 campestria,
852 2737 952 2812 idest,
967 2741 1082 2796 succin-

36 2851 141 2910 ctoria
166 2844 346 2923 genitalium.
390 2836 465 2892 Nam
479 2835 595 2911 quidam
617 2833 793 2904 interpretes
813 2825 1013 2884 succinctorio
1031 2841 1084 2897 po·

36 2939 179 2993 suerunt.
202 2925 295 2982 Porro
309 2932 407 2978 autem
420 2919 603 2998 campestria
616 2913 755 2971 Latinum
766 2909 882 2986 quidem
894 2909 1015 2966 verbum
1028 2916 1084 2978 est,

35 3019 93 3076 sed
109 3033 150 3070 ex
166 3030 200 3067 eo
215 3009 336 3077 dictum,
350 3003 426 3080 quod
437 3005 571 3072 iuvenes,
587 3001 637 3074 qui
651 2997 721 3054 nudi
733 2995 947 3051 exercebantur
961 2995 992 3048 ln
1006 3009 1084 3046 cam-

34 3124 92 3179 po,
122 3093 261 3172 pudenda
275 3089 458 3165 operiebant:
486 3085 563 3142 unde
577 3083 681 3158 quiite
695 3081 844 3136 succincta
859 3087 944 3146 sunt,
970 3091 1084 3147 campe-

34 3193 154 3242 stratos
170 3177 277 3254 vulgus
291 3173 424 3246 appellat.
464 3167 547 3234 Quod
560 3168 660 3239 itaque
674 3163 812 3220 adversus
827 3162 992 3216 damnatam
1003 3157 1086 3227 eulpa

35 3257 190 3348 [culpam]
205 3255 422 3315 inobedientiae
435 3254 615 3308 voluntatem
628 3245 716 3303 libido
729 3241 929 3300 inobedienter
941 3239 1086 3304 movebat,

33 3345 229 3410 verecundia
241 3339 384 3415 pudenter
398 3335 524 3414 tegebat.
562 3331 610 3388 Ex
622 3329 677 3386 hoc
691 3343 792 3382 omnes
806 3331 927 3401 gentes,
948 3319 1088 3395 quoniam

31 3439 72 3495 ab
88 3437 145 3492 illa
159 3430 253 3502 stirpe
266 3429 435 3498 procreatae
449 3427 528 3488 sunt,
542 3431 634 3489 usque
648 3411 720 3468 adeo
731 3415 835 3464 tenent
844 3407 967 3460 insitum
975 3400 1087 3474 puden-

32 3524 74 3580 da
88 3519 209 3584 velare,
224 3519 257 3565 ut
271 3505 388 3582 quidam
400 3502 518 3559 barbari
531 3499 595 3553 illae
611 3493 738 3569 corporis
752 3497 850 3563 partes
863 3505 918 3541 nec
931 3486 962 3538 in
976 3481 1088 3536 balneis
1162 3501 1164 3506 ·

32 3604 139 3666 nudas
153 3597 295 3662 habeant,
313 3589 364 3645 sed
378 3605 445 3643 cum
460 3599 558 3640 earum
571 3575 750 3656 tegumentis
764 3575 872 3628 lavent.
915 3565 971 3622 Per
985 3575 1089 3634 opacas

32 3701 164 3767 quoque
177 3677 280 3736 indiae
295 3669 483 3736 solitudines,
511 3682 597 3740 quum
617 3659 733 3736 quidam
751 3653 824 3711 nudi
841 3643 1089 3726 philosophentur,

31 3772 123 3830 unde
137 3755 400 3846 gymnosophistae
414 3752 620 3816 nominantur;
641 3739 779 3798 adhibent
799 3745 895 3791 tamen
912 3725 1089 3811 genitalibus

31 3855 190 3937 tegmina,
206 3843 309 3923 quibus
323 3855 375 3915 per
388 3844 504 3892 caetera
516 3829 713 3888 menrbrorum
725 3827 835 3879 carent.
