2538 4392
207 208 268 267 DE
294 207 513 267 ClVl'l'A'l'E
537 209 620 268 DEl
651 209 732 270 ΜΒ.
754 211 863 272 XVll.
992 219 1052 281 133

19 383 106 442 pora,
130 362 246 438 quando
260 361 357 419 David
370 357 460 420 Saule
474 363 628 437 reprobato
647 365 690 420 ita
705 383 832 443 regnum
849 369 960 441 primus
975 371 1050 428 olati-

21 450 94 518 nuit,
108 455 138 504 ut
150 447 213 502 eius
225 445 330 502 deinde
339 447 451 521 posteri
464 448 496 502 in
506 455 626 502 terrena
634 445 822 506 Hierusalem
833 448 970 509 diuturna
983 471 1050 510 suc⁸

19 523 148 588 cessione
161 539 340 608 regnarent,
362 528 443 586 dedit
460 529 604 607 figuram,
627 549 660 586 re
679 542 764 609 gesta
777 533 950 610 significans
964 544 1050 611 atque

17 615 240 691 praenuntians,
264 611 340 688 quod
353 631 413 669 non
428 623 473 669 cst
485 613 731 688 praetercundum
744 617 881 689 silentio,
905 617 1052 678 deserum

17 699 173 757 mutatione
186 697 361 770 futurarum,
375 696 454 772 quod
466 699 574 754 attinet
586 698 624 756 ad
637 698 693 756 duc
708 697 909 773 Testamenta,
922 713 1008 758 vetus
1021 711 1052 758 ct

18 799 134 840 norma:
160 780 211 838 ubi
223 779 421 839 sacerdotium
433 799 616 858 regnumque
634 791 779 840 mutatum
792 794 838 841 est
850 803 902 860 per
915 784 1051 842 sacerdo·

17 878 77 923 tem
89 865 266 940 eundemque
279 881 381 942 regem
394 883 504 922 novum
517 883 551 920 ac
565 867 787 940 sempiternum,
801 869 853 944 qui
864 877 909 924 est
918 867 1051 926 Christus

15 950 105 1006 lesus.
142 947 217 1006 Nam
231 957 260 1004 et
272 946 341 1004 Heli
355 947 508 1006 sacerdote
520 951 677 1024 reprobato
691 951 866 1009 substitutus
880 953 911 1008 in
924 951 984 1008 Dei
995 953 1051 1008 mi·

17 1034 166 1091 nisterium.
179 1030 309 1103 Samuel,
323 1033 410 1088 simul
430 1031 524 1088 officio
538 1033 655 1090 iunctus
674 1033 835 1091 sacerdotis
850 1045 880 1091 et
892 1034 1008 1107 iudicis,
1023 1045 1053 1094 et

16 1117 104 1174 Saule
116 1116 228 1172 abiecto
240 1134 293 1172 rex
305 1115 402 1172 David
415 1115 554 1174 mndatus
568 1119 600 1174 in
614 1135 720 1196 regno,
733 1116 790 1176 hcc
804 1119 880 1195 quod
894 1118 959 1174 dico
972 1119 1051 1197 ligu-

15 1208 160 1258 rarerunt.
194 1197 291 1256 Mater
308 1217 421 1275 quoque
441 1201 505 1274 ipsa
519 1199 666 1259 Samuelis
679 1201 782 1274 Anna,
811 1221 886 1278 quae
898 1205 979 1277 prius
995 1202 1053 1260 fuit

16 1285 133 1354 sterilis,
147 1291 177 1338 et
188 1285 351 1356 posteriore
362 1282 565 1340 foecunditate
577 1287 686 1342 laetata
701 1295 762 1357 est,
783 1283 957 1360 prophetare
971 1285 1052 1344 aliud

15 1388 74 1424 non
86 1366 219 1438 videtur,
246 1385 335 1442 quum
353 1367 582 1446 gratulationem
601 1385 685 1425 suam
697 1368 826 1426 Domino
841 1368 939 1426 fundit
952 1370 1051 1424 exsul-

13 1463 96 1508 tans:
121 1449 236 1526 quandc
250 1448 374 1508 eundem
386 1469 511 1526 puerum
529 1461 632 1509 numm
645 1461 675 1508 et
687 1452 864 1510 ablactatum
876 1451 942 1510 Deo
955 1451 1053 1510 reddit

14 1535 113 1592 eadem
125 1535 246 1610 pictate,
260 1551 319 1609 qua
332 1543 463 1592 voverat.
499 1533 582 1592 Dicit
595 1537 689 1593 enim:
715 1534 929 1608 confirmatum
942 1546 988 1594 est
1000 1554 1052 1593 cor

12 1639 103 1676 meum
120 1620 151 1674 in
164 1615 307 1688 Domino,
334 1628 364 1677 et
383 1617 550 1676 scultetum
569 1629 615 1676 cst
634 1637 725 1678 cornu
744 1638 837 1678 meum
857 1621 887 1676 in
902 1617 966 1676 Deo
980 1637 1051 1676 meo.

12 1701 184 1761 Diictotum
200 1712 247 1759 est
264 1719 355 1780 super
373 1703 506 1760 inimices
525 1720 602 1760 meos
621 1720 654 1760 cs
671 1721 780 1760 meum:
808 1702 927 1761 laetatu
945 1718 1008 1766 sum
1021 1703 1052 1759 is

12 1787 145 1844 salutari
157 1795 218 1842 tuo.
241 1782 387 1854 Quoniam
400 1804 457 1843 non
472 1795 518 1844 est
531 1797 664 1857 sanctus,
678 1789 757 1844 sicut
769 1784 931 1861 Dominus,
951 1795 982 1844 et
994 1803 1052 1844 non

12 1881 56 1928 est
69 1873 177 1938 iustus,
192 1869 271 1926 sicut
284 1867 368 1926 Deus
381 1879 502 1928 noster:
520 1889 577 1928 non
591 1880 638 1928 est
650 1880 774 1928 sanctus
782 1880 914 1948 praeter
927 1879 966 1928 te.
991 1866 1051 1926 Nc·

12 1954 63 2012 lite
75 1953 210 2030 gloriari
222 1952 363 2029 superbe,
390 1963 421 2012 et
439 1953 531 2012 nolite
544 1953 626 2031 ioqui
637 1953 772 2023 excelsa,
798 1973 890 2032 neque
901 1953 1053 2032 procedat

12 2036 241 2114 magniloquium
254 2035 291 2094 de
303 2053 355 2094 ore
366 2046 476 2094 uestro.
519 2034 667 2105 Quoniam
682 2033 767 2094 Deus
781 2037 976 2094 scientiarum
987 2034 1051 2092 Do·

12 2124 116 2190 minus,
137 2129 166 2176 et
179 2117 263 2176 Deus
270 2136 467 2197 praeparans
481 2120 705 2178 adinventiones
717 2135 798 2174 suus.
825 2117 935 2176 Areum
943 2127 1053 2194 poten-

12 2206 86 2261 tium
97 2201 180 2274 fecit
193 2201 359 2274 infirmum,
382 2212 412 2260 et
425 2201 722 2279 infirmiprcecincti
734 2210 805 2258 sunt
817 2202 941 2259 virtute.
968 2196 1055 2256 Pleni

12 2285 135 2362 pensius
148 2287 293 2344 minorati
304 2295 385 2356 sunt,
401 2296 431 2343 et
444 2286 609 2346 esurientes
623 2286 816 2342 transierunt
830 2293 955 2341 terram.
972 2280 1053 2352 Quia

12 2370 125 2428 sterilis
131 2371 257 2448 peperit
270 2378 397 2446 septem,
412 2379 442 2426 et
454 2367 550 2426 muita
562 2370 593 2424 in
599 2366 680 2439 filiis
695 2365 852 2440 infirmato
866 2377 921 2426 cst.
948 2363 1052 2424 Domi·

12 2473 61 2511 nus
75 2451 244 2525 mortificat
257 2463 288 2510 et
300 2451 452 2526 vivificum
466 2451 585 2510 deducit
598 2451 640 2508 ud
651 2451 778 2522 inferos,
792 2461 822 2510 et
834 2450 961 2510 reducit.
988 2447 1052 2504 dic-

12 2540 103 2595 minus
110 2535 372 2616 puapereafucit,
392 2544 423 2594 ct
436 2534 540 2610 didut3
556 2531 705 2603 humiliat,
720 2543 750 2591 ct
763 2532 890 2590 eradat.
916 2529 1054 2589 Suscitut

12 2633 129 2680 eterra
141 2637 326 2697 pauperem,
352 2628 383 2678 et
401 2617 437 2676 de
456 2626 590 2674 stercore
609 2617 702 2692 erigit
720 2618 852 2694 inopem:
879 2625 914 2674 ut
931 2613 1054 2672 collocet

12 2725 69 2762 rum
83 2723 151 2762 cum
161 2703 336 2781 potentibus
349 2701 459 2782 populi
475 2696 567 2776 [sui],
593 2709 624 2760 et
636 2699 734 2758 sedem
747 2698 865 2776 gloriae
878 2697 1052 2758 increditu-

12 2801 63 2846 rem
76 2787 157 2846 dune
173 2787 234 2844 sis.-
260 2787 336 2846 duns
354 2795 454 2844 uotum
470 2785 604 2854 vocanti,
632 2792 661 2840 et
679 2781 830 2842 benedicit
847 2799 940 2840 annos
960 2784 1052 2842 iusti:

12 2871 145 2948 purnium
160 2887 217 2926 non
230 2871 261 2927 in
273 2871 387 2929 virtute
393 2879 505 2948 potens
518 2877 565 2926 est
576 2868 634 2926 cir.
673 2865 818 2926 Dominus
832 2865 982 2939 infirmum
991 2865 1052 2938 fu-

12 2957 63 3013 :iet
76 2955 290 3013 adversarium
303 2969 398 3025 suum,
412 2951 561 3012 Dominus
575 2959 709 3010 sanctus.
741 2945 806 3006 Non
818 2949 967 3026 glorietur
973 2967 1053 3029 pru·

12 3040 75 3097 iens
90 3040 124 3096 in
130 3038 302 3115 prudentio
314 3054 385 3108 suu,
399 3047 430 3096 et
441 3049 498 3114 non
511 3035 660 3113 glorietur
666 3043 777 3113 potens
791 3035 822 3090 in
828 3037 971 3113 petentia
984 3050 1052 3104 suu,

12 3133 31 3179 et
43 3141 105 3179 non
116 3119 272 3198 glorietur
285 3120 367 3178 dives
380 3121 411 3178 in
425 3121 541 3178 diuitiis
555 3120 636 3176 suis:
663 3119 718 3176 scd
730 3120 761 3174 in
774 3116 828 3174 doc
839 3117 989 3194 glorietur
1002 3117 1054 3194 qui

12 3205 175 3277 gloriatur,
191 3202 361 3281 intelligere
374 3213 405 3263 et
416 3204 495 3260 scire
508 3199 681 3270 Dominum,
700 3210 730 3258 et
739 3201 855 3272 fucere
867 3201 1009 3258 iudicium
1021 3207 1052 3255 et

12 3289 158 3345 ustitiam
171 3287 204 3342 in
216 3287 311 3346 medio
324 3297 436 3346 terrae.
461 3282 605 3342 Dominus
619 3282 776 3340 adscendit
788 3282 819 3339 in
833 3282 939 3352 coelos,
963 3291 993 3338 et
1005 3289 1051 3336 to·

12 3374 84 3428 mit:
113 3373 183 3449 epse
201 3369 348 3428 iudicabit
370 3377 503 3428 musaeu
522 3376 640 3438 terroe,
667 3366 738 3441 puin
752 3365 850 3420 iustus
864 3373 928 3420 est.-
954 3369 984 3420 et
997 3361 1052 3420 dot

12 3456 151 3512 >irtutem
164 3453 288 3530 regibus
299 3453 424 3521 nostris,
444 3460 474 3508 et
487 3448 636 3507 euoltudit
649 3465 742 3506 cornu
757 3443 940 3502 Christiani.

71 3537 166 3596 ltane
187 3553 259 3594 vero
278 3537 370 3594 verba
381 3533 454 3590 haec
467 3535 556 3590 unius
573 3531 753 3608 putabuntur
771 3546 836 3586 csse
848 3527 1051 3596 mulierculae,

12 3642 32 3678 c
46 3632 126 3678 nato
142 3621 202 3678 sibi
215 3619 276 3678 filio
290 3612 486 3699 gratulantisl
512 3614 681 3675 Tantumne
694 3629 777 3668 mens
790 3609 941 3668 hominnm
954 3625 973 3666 a
984 3611 1052 3666 luce

12 3705 145 3761 critatis
157 3720 265 3762 aversa
279 3712 341 3776 cst,
365 3712 400 3760 ut
413 3717 475 3758 non
489 3701 598 3756 renuat
610 3693 783 3776 supergredi
796 3691 912 3750 modum
925 3691 1052 3750 feminae

15 3790 88 3846 uiue
104 3788 193 3846 dicta
207 3805 282 3863 quae
295 3782 389 3844 tuditi
422 3782 515 3840 Porro
529 3783 578 3859 qni
591 3781 677 3838 rebus
690 3779 773 3854 ipsis,
788 3794 861 3853 quac
875 3777 933 3834 iam
947 3793 1050 3853 coepe-

12 3881 70 3928 unt
81 3870 220 3926 etiamst
229 3872 260 3928 in
272 3869 326 3929 hac
344 3880 462 3928 terrena
489 3863 728 3945 peregrinatione
757 3861 908 3937 compleri,
944 3879 1053 3920 conve·-
