2586 4396
257 176 317 236 DE
340 176 560 235 CIVITATE
583 175 661 236 DEI
682 178 760 236 ΗΒ.
782 179 851 240 XV.
1030 190 1066 244 71

42 342 131 412 pant,
155 330 232 388 hanc
250 328 367 388 assidue
385 329 597 388 immunditiam
608 339 639 388 et
653 340 767 388 tentare
781 343 811 389 et
821 333 949 407 efficere,
971 340 1068 411 plures

42 421 177 492 talosque
187 422 376 484 asseverant,
398 423 432 470 ut
443 413 497 470 hoo
510 431 620 493 negare
631 415 826 490 impudentiae
839 417 983 476 videatur:
1009 440 1070 481 non

40 503 112 560 hine
125 498 238 574 aliquid
251 497 342 555 audeo
357 496 493 571 definire,
517 508 616 556 utrum
629 501 717 576 aliqui
731 503 851 575 spiritus
865 503 1006 560 elemento
1020 510 1068 561 et-

40 589 86 644 rio
102 584 265 658 corporati,
278 577 425 659 (namhoc
437 584 612 640 elementum
623 585 713 640 etiam
726 603 791 642 cum
803 587 933 664 agitatur
945 584 1070 660 flebello,

41 687 135 727 sensu
149 667 280 742 corporis
293 674 431 742 tactuque
444 661 599 746 rentitur‚)
619 669 733 743 possint
745 670 832 725 etiam
845 667 919 727 haue
932 671 993 744 pati
1005 671 1070 727 libi·

42 754 159 823 dinem,
184 760 220 808 ut
233 749 376 826 quomodo
388 760 527 825 patrant,
552 751 744 809 sentientibus
757 751 872 810 feminis
884 755 1070 811 misceantur.

43 837 105 896 Dei
118 845 215 892 tomen
227 834 355 912 Angelos
367 843 483 892 sanctor
496 837 576 893 nullo
585 836 671 894 modo
685 838 735 893 illo
748 846 879 911 tempore
892 839 934 894 sio
946 837 1004 896 labi
1017 855 1070 913 po-

42 923 138 979 tuisse
161 917 348 976 crediderim:
376 937 430 974 nec
449 917 485 975 de
502 918 547 976 hia
567 919 676 976 dixisse
693 921 862 996 Apostolum
878 917 1011 994 Petrum,
1037 919 1072 980 St

42 1008 122 1066 enim
134 1003 220 1062 Deae
238 1001 355 1079 angelis
366 1003 560 1079 pneumatibus
579 1023 636 1062 ιιοιι
651 1007 804 1083 pepercit,
830 1006 884 1064 ted
901 1005 1071 1064 carceridut

41 1089 186 1166 caliginis
202 1086 300 1160 inferi
314 1086 473 1144 ¹rotrudem
487 1087 616 1146 tradidit
629 1089 660 1144 in
673 1089 781 1146 iudicio
793 1089 960 1168 puniendae
972 1106 1071 1148 reser-

41 1175 129 1232 ourt':
156 1171 207 1228 sed
225 1171 324 1245 potius
338 1169 380 1240 ,de
395 1171 455 1226 iilis
473 1172 523 1248 qui
539 1173 663 1246 primum
682 1181 879 1246 apostatantes
893 1191 910 1228 a
923 1172 987 1230 Deo
1006 1191 1072 1230 eum

42 1256 160 1314 diabolo
178 1255 311 1331 principe
325 1271 378 1312 suo
392 1254 577 1326 oeciderunt,
604 1256 653 1330 qui
665 1256 790 1330 primum
802 1253 949 1312 hominem
960 1275 1012 1332 per
1024 1258 1071 1312 in·

43 1340 156 1398 vidiam
167 1339 336 1415 serpentina
348 1337 453 1394 deiecit
466 1333 615 1416 [deoepitl.
636 1338 765 1417 Angelos
775 1348 873 1396 autem
881 1339 973 1396 fuisse
983 1339 1072 1396 etiam

44 1423 106 1482 Dei
117 1423 248 1480 hominos
261 1431 460 1497 uuncupatos‚
483 1421 584 1479 eadem
594 1420 748 1498 Scriptura
761 1433 864 1480 sancta
876 1423 1072 1498 locupletissi-

42 1527 91 1565 ma
105 1508 190 1564 testis
202 1516 256 1563 est.
300 1506 375 1564 Nam
387 1515 418 1562 et
430 1505 465 1562 de
475 1505 586 1563 Ioanne
599 1507 809 1582 scriptumest:
831 1505 909 1566 Eece
920 1509 1005 1564 mitto
1019 1525 1072 1563 au·

41 1591 139 1669 ςοὶιιιιι
159 1609 252 1648 mcum
271 1590 472 1662 antefactum
489 1601 586 1661 tuam,
612 1592 664 1668 qui
673 1590 877 1669 praeparabit
891 1593 969 1650 uiam
982 1600 1072 1648 tuum.

43 1675 83 1732 Et
94 1673 253 1732 Malachiae
267 1671 410 1748 Propheta
422 1674 538 1750 propria
550 1673 687 1750 quadum,
702 1673 732 1730 id
746 1683 805 1747 est,
818 1674 876 1732 sibi
888 1675 1005 1751 proprie
1017 1676 1071 1732 im·

43 1761 149 1836 pertita
161 1759 269 1837 gratia,
282 1756 377 1814 dictus
391 1766 437 1813 est
449 1759 579 1836 angelus.

106 1841 215 1899 Versu
227 1839 284 1898 hoo
295 1849 392 1898 movet
404 1842 560 1917 quosdam,
575 1841 654 1918 quod
666 1859 704 1898 ex
717 1842 776 1899 iilis
790 1843 841 1920 qui
854 1843 926 1899 dicti
939 1829 1007 1899 sunt
1020 1860 1071 1898 au-

43 1929 102 2007 geli
116 1926 192 1998 Dei,
207 1935 289 1982 etex
301 1923 469 1982 mulieribus
481 1943 551 2002 quas
565 1935 751 1998 uraverunt,
770 1945 831 1983 non
845 1928 928 2002 quasi
939 1925 1072 1982 homiues

43 2013 162 2091 generis
179 2011 292 2082 nerui,
316 2007 367 2065 red
384 2007 520 2088 gigantes
537 2011 662 2088 legimus
681 2027 746 2066 este
763 2019 858 2066 natos.
902 2010 991 2076 Quasi
1003 2026 1074 2065 vero

44 2113 168 2170 corpora
179 2091 330 2151 hominum
339 2093 455 2150 modum
463 2102 598 2150 ιιοιιιιιιιι
607 2095 697 2172 longe
707 2093 889 2163 excedentia,
902 2091 1075 2166 quodetiam

44 2196 132 2253 supra
145 2179 387 2250 commemoravi,
412 2191 472 2234 nou
492 2178 580 2233 etiarn
597 2177 706 2232 nostris
725 2175 901 2250 temporibus
915 2183 984 2230 nata
998 2183 1074 2230 sunt.

43 2262 153 2321 Nonne
167 2272 236 2320 oute
249 2279 356 2337 paucos
370 2278 479 2332 annes,
493 2277 559 2316 oum
571 2255 721 2318 Romanae
733 2258 829 2330 urbia,
847 2258 955 2335 quoda
972 2255 1075 2315 Gothis

42 2347 154 2404 factum
168 2355 229 2417 est,
256 2347 503 2422 appropinquaret
516 2344 676 2416 excidium,
699 2339 809 2402 Romae
821 2342 877 2400 fuit
890 2341 997 2400 femina
1012 2359 1076 2399 oum

43 2450 97 2488 suo
112 2441 199 2507 patre
213 2439 244 2486 et
255 2447 309 2486 sua
327 2439 435 2500 matre,
461 2447 535 2504 quae
555 2447 675 2502 corpore
694 2421 818 2504 quodam
835 2426 920 2482 modo
938 2429 1076 2504 giganteo

42 2519 130 2593 longe
149 2514 277 2571 caeteris
294 2508 508 2588 praeminereti
546 2511 590 2568 Ad
608 2530 694 2586 quam
705 2509 857 2567 visendam
869 2509 1010 2564 mirabilis
1024 2507 1077 2563 fic-

43 2601 93 2656 bat
110 2612 321 2674 usquequaque
338 2613 505 2653 concursut.
548 2593 588 2651 Et
599 2593 654 2650 hoe
668 2601 731 2650 crat
743 2593 868 2648 maxime
881 2591 1077 2661 admirationi,

45 2681 124 2758 quod
144 2683 230 2739 ambo
251 2690 387 2756 parentes
408 2679 471 2736 eius
484 2695 539 2736 neo
553 2679 655 2734 saltem
669 2686 729 2734 tam
740 2677 823 2754 longi
835 2674 968 2732 homines
983 2683 1077 2745 crant,

44 2783 136 2842 quam
146 2765 336 2844 longissimos
345 2763 445 2822 videre
458 2763 671 2820 consuevimus.
715 2759 877 2817 Potuerunt
890 2777 960 2838 ergo
972 2758 1077 2836 gigan-

42 2861 89 2906 tes
104 2850 203 2921 nasei,
229 2857 259 2905 et
272 2850 353 2924 prius
368 2865 454 2924 quam
466 2847 520 2904 filii
532 2846 605 2918 Dei,
630 2847 679 2921 qui
693 2853 722 2902 et
735 2845 834 2924 angeli
846 2843 904 2902 Dei
916 2843 987 2899 dicti
999 2849 1078 2913 suut,

42 2934 161 2992 filiabus
175 2931 344 3004 hominum,
368 2931 421 2988 hoo
433 2941 493 3004 est,
518 2931 678 2988 secundina
690 2928 836 2986 hominem
848 2929 1011 2987 viventium
1022 2925 1078 2982 mi-

41 3026 217 3089 scerentur3
242 3016 297 3072 filii
316 3017 428 3073 scilicet
445 3015 535 3089 Seth,
554 3013 668 3074 filiabus
682 3013 763 3072 Cain.
806 3013 880 3070 Nam
896 3023 925 3070 et
937 3012 1078 3070 canonica

41 3103 200 3179 Scriptura
219 3101 261 3156 sic
274 3101 415 3175 loquitur,
438 3103 469 3156 in
483 3119 540 3176 quo
554 3099 628 3156 libro
641 3093 713 3156 haec
726 3100 868 3178 legimus,
894 3099 976 3156 cuius
989 3095 1078 3153 verba

38 3191 200 3244 istasunt:
227 3181 269 3240 Et
278 3183 402 3256 factum
421 3193 481 3254 eat,
500 3193 663 3260 postquam
682 3191 840 3262 coeperunt
851 3181 980 3239 dominer
993 3178 1079 3237 multi

33 3271 110 3343 ficri
126 3285 223 3350 cuper
237 3277 367 3339 terrum,
393 3276 423 3324 et
432 3265 523 3338 filice
535 3276 626 3324 natue
644 3275 713 3324 tunt
731 3265 810 3322 illic.-
833 3263 966 3322 uidenteo
981 3273 1079 3321 uatem

38 3355 145 3433 angeli
166 3347 230 3412 Dei
239 3349 329 3423 filiae
350 3349 509 3421 homiuum,
534 3351 605 3426 qaia
622 3350 714 3407 bonae
729 3355 815 3417 eunt,
841 3355 1009 3404 cumrerum
1022 3341 1079 3399 eibi

37 3455 152 3498 uxorea
179 3455 216 3495 ca
239 3436 368 3492 omnibus
392 3451 465 3513 quoa
485 3432 648 3510 elegeraut.
679 3429 722 3489 Et
736 3431 814 3488 dixit
826 3428 969 3486 Dominae
984 3425 1078 3492 Deus,

37 3523 102 3581 Non
120 3517 318 3602 permanebit
336 3519 462 3597 spiritus
481 3533 560 3574 meua
579 3518 609 3573 in
629 3514 788 3572 homiuibus
805 3512 851 3570 ita
872 3513 902 3569 iu
916 3521 1078 3575 ueternum,

32 3618 172 3689 propter
196 3603 273 3682 quod
293 3617 364 3659 curo
385 3609 461 3659 aaut.
487 3597 586 3657 Erunt
603 3609 700 3658 cutem
720 3599 782 3656 diet
796 3613 894 3654 eorum
907 3602 1021 3650 eentum
1034 3591 1078 3647 oi-

33 3693 122 3770 ginti
135 3689 221 3748 unni.
251 3684 396 3764 Gigantea
411 3693 508 3742 cutem
519 3693 606 3740 erant
617 3700 707 3763 cuper
718 3693 832 3740 terrum
846 3680 876 3736 in
890 3673 990 3736 dicite
1002 3673 1079 3734 illis:

35 3788 64 3833 ct
74 3785 158 3855 post
175 3771 252 3828 illud
269 3789 333 3828 eum
346 3769 497 3826 intrarent
503 3766 570 3840 filii
582 3765 643 3824 Dei
654 3765 788 3838 adfilioo
801 3762 962 3833 homiuum,
988 3771 1017 3818 et
1028 3778 1078 3836 ge-

35 3857 196 3918 nerabant
210 3855 282 3926 tibi,
297 3853 344 3910 illi
354 3861 442 3912 eruut
452 3852 610 3930 gigantea,
624 3869 643 3908 a
656 3849 773 3908 tuceulo
787 3847 914 3908 dominer
928 3844 1076 3904 nominati
