2590 4396
224 207 282 262 lto
447 203 544 260 DlVl
565 201 750 260 AVRELll
772 197 1024 258 AVGVSTlNl

221 372 337 412 manum
367 354 516 424 conderet,
549 355 696 422 dilataret,
730 358 913 406 conservaret
943 349 1109 422 imperinm,
1150 349 1256 422 quovis

221 434 369 506 Romano,
394 438 441 492 cui
459 435 646 509 displicebant
663 435 748 502 talia,
774 432 890 488 homine
909 428 1066 488 abiectior?
1097 428 1154 486 lstc
1173 427 1258 484 daret

221 519 401 588 felicitatem,
421 519 469 592 qui
489 527 548 570 tam
565 517 724 572 infeliciter
744 515 905 579 colebatur3
928 524 957 570 et
970 514 1029 570 nisi
1042 514 1084 568 ita
1099 514 1257 580 coleretur,

221 601 368 656 infelicius
382 591 576 654 irascebatur?

584 717 899 802 osr'xxvn.

221 841 264 893 De
281 839 365 890 tribus
376 839 518 906 generibus
534 855 638 903 cornia,
662 842 692 892 de
708 840 799 908 quibos
814 840 941 892 Scaevola
956 838 1083 908 pontp‘cx
1102 837 1258 904 disputavit.

282 924 416 982 Relatum
435 936 479 983 est
495 929 527 982 in
543 929 653 998 literas,
681 929 878 985 doctissimum
895 927 1060 1002 pontificem
1085 924 1260 982 Scaevolam

220 1009 384 1082 disputasse
399 1007 457 1063 tria
470 1023 580 1084 genera
592 1004 701 1061 tradita
715 1005 848 1060 deorum:
869 1021 961 1058 ιιιιιιιιι
975 1020 993 1056 a
1004 1002 1117 1076 poetis,
1130 1002 1262 1060 alterum

220 1111 237 1147 a
250 1087 447 1165 philosophis,
474 1091 595 1146 tertium
608 1105 626 1144 a
638 1087 820 1162 principibus
834 1085 972 1141 civitatis.
1015 1083 1146 1139 Primum
1160 1103 1261 1160 genus

220 1173 409 1251 nugatorium
431 1172 504 1228 dicit
527 1189 607 1244 esse,
634 1170 714 1246 quod
725 1171 818 1224 multa
831 1168 867 1224 de
881 1166 937 1222 diis
951 1166 1102 1244 fingantur
1115 1165 1261 1244 indigna:

221 1254 383 1312 secundum
396 1273 456 1312 non
470 1273 636 1333 congruere
650 1251 836 1322 civitatibus,
863 1249 940 1324 quod
963 1249 1069 1306 habeat
1092 1250 1191 1324 aliqua
1206 1267 1273 1316 su-¹

220 1356 381 1414 pervacua,
395 1340 494 1414 aliqua
508 1341 597 1396 etiam
610 1354 684 1412 quae
696 1335 773 1391 obsit
785 1335 900 1409 populis
914 1351 1011 1390 nosse.
1055 1331 1101 1388 De
1115 1351 1262 1406 superva-

220 1423 283 1478 cuis
309 1439 371 1478 non
393 1441 503 1500 magna
528 1437 616 1478 causa
639 1427 701 1475 est:
726 1419 803 1473 solet
817 1419 895 1474 enim
909 1425 938 1472 ct
951 1435 969 1472 a
981 1417 1056 1472 iuris
1069 1417 1173 1489 peritis
1187 1415 1262 1486 dici,

220 1502 375 1578 Superllua
402 1523 463 1562 non
489 1511 606 1560 nocent.
650 1502 733 1566 Quae
746 1510 817 1558 sunt
835 1509 932 1556 autem
945 1501 996 1554 illa
1010 1515 1083 1574 quac
1097 1499 1214 1572 prolata
1229 1501 1262 1556 in

220 1587 438 1644 multitudinem
451 1581 578 1644 nocenti
622 1582 749 1655 „Haec,
773 1585 887 1658 inquit,
902 1601 963 1638 non
977 1599 1042 1638 esse
1056 1581 1124 1637 deos
1138 1579 1261 1638 Hercu-

220 1671 315 1742 „lem‚
329 1669 551 1743 Aesculapium,
566 1665 731 1736 Castorem,
746 1666 909 1722 Pollucem:
932 1665 1066 1738 proditur
1081 1665 1159 1718 enirn
1172 1679 1190 1718 a
1205 1664 1261 1722 do-

220 1754 314 1825 „ctis,
334 1753 412 1826 quod
425 1752 558 1807 homines
571 1749 700 1820 fuerint,
716 1758 746 1804 et
758 1747 886 1803 humana
900 1746 1070 1803 conditione
1083 1745 1261 1804 defecerint.

220 1833 321 1908 „Quid
334 1829 433 1890 alludi
461 1833 545 1897 Quod
558 1851 660 1887 eorum
673 1834 725 1904 qni
738 1833 799 1886 sint
821 1830 862 1884 dii
885 1849 947 1886 non
967 1828 1094 1886 habeant
1119 1830 1262 1888 civitates

220 1935 314 1990 „vera
327 1917 498 1984 simulacra3
524 1911 602 1988 quod
612 1931 700 1970 verus
718 1913 801 1970 Deus
814 1931 869 1969 nec
883 1931 988 1970 sexum
1000 1912 1121 1983 habeat,
1135 1929 1192 1968 nec
1205 1933 1261 1970 ae-

221 2010 349 2074 ‚,tatcm,
371 2016 426 2053 nec
440 1995 561 2052 definita
575 1997 705 2071 corporis
719 1997 880 2052 membra.“
923 1995 1005 2052 llaec
1018 1995 1153 2070 pontifex
1166 2014 1261 2054 nosse

220 2083 339 2156 populos
354 2097 416 2135 non
428 2081 506 2136 vult:
533 2097 602 2136 nam
615 2080 690 2136 falsa
704 2098 769 2136 esse
783 2098 843 2137 non
856 2089 950 2156 putat.
992 2078 1142 2152 Expedite
1161 2080 1270 2158 igitur

220 2164 387 2233 existimat,
413 2161 477 2218 falli
498 2163 531 2218 in
554 2164 699 2240 religione
723 2164 867 2219 civitates.
913 2161 997 2228 Quod
1010 2161 1108 2219 dicore
1122 2163 1212 2218 etiarn
1226 2166 1262 2221 in
1290 2149 1291 2166 ¹

219 2247 301 2303 libris
315 2263 415 2301 rernm
428 2245 593 2303 divinarum
605 2249 669 2321 ipse
682 2245 776 2302 Varro
789 2263 849 2302 non
864 2244 987 2302 dubitat.
1026 2245 1181 2302 Praeclara
1207 2265 1261 2302 rc-

219 2329 306 2404 ligio,
321 2346 377 2403 quo
392 2329 545 2407 confugiat
557 2328 726 2386 liberandus
740 2328 884 2398 infirmus,
905 2338 934 2384 et
948 2347 1015 2384 curo
1027 2331 1185 2386 veritatem
1198 2347 1262 2404 qua

137 2431 138 2434 ¹
219 2412 362 2467 liberetur
374 2413 525 2488 inquirat,
548 2413 684 2469 credatur
698 2413 726 2468 ei
741 2412 879 2485 expedire
893 2411 971 2486 quod
989 2411 1110 2468 fallitur,
1153 2409 1261 2470 Poeti-

219 2512 285 2550 cum
298 2513 370 2551 sane
383 2496 505 2552 deorum
518 2514 613 2574 genus
627 2513 680 2550 cur
694 2493 836 2551 Scaevola
861 2504 996 2570 respuat,
1023 2495 1133 2551 eisdem
1158 2497 1262 2554 literis
1290 2515 1291 2538 ι

219 2595 280 2634 non
292 2587 418 2636 tacetur:
446 2581 539 2653 „qnia
552 2581 595 2634 sic
613 2577 751 2634 videlicet
765 2577 834 2634 deos
848 2579 1029 2650 deformant,
1054 2587 1088 2634 ut
1100 2595 1155 2634 nec
1167 2578 1261 2636 bonis

218 2659 407 2732 „hominibus
422 2671 638 2736 comparentur,
652 2679 718 2719 cum
729 2663 818 2718 alium
828 2661 943 2718 faciunt
952 2661 1056 2732 iurari,
1071 2662 1159 2717 alium
1169 2660 1262 2718 adul-

218 2753 354 2816 „terare;
380 2746 424 2799 sic
437 2745 508 2799 item
521 2745 631 2816 aliquid
656 2745 759 2814 aliter,
786 2747 914 2818 turpiter
927 2754 1015 2818 atquc
1029 2746 1129 2818 inepte
1155 2744 1261 2802 dicere

217 2845 275 2898 „ac
289 2829 403 2896 facere;
430 2834 492 2879 tres
505 2827 583 2880 inter
596 2844 628 2880 se
642 2825 710 2882 deas
725 2836 854 2896 certasse
867 2828 902 2884 de
915 2829 1044 2902 praemio
1058 2823 1260 2899 pulchritudi-

217 2911 302 2980 „nis,
329 2909 421 2963 victas
446 2906 517 2962 duas
542 2905 686 2964 evenere
710 2909 830 2966 Troiam
852 2912 1010 2982 evertisse,
1036 2907 1135 2965 lovem
1157 2911 1260 2983 ipsum

217 2991 374 3060 „converti
399 2991 431 3044 in
457 2989 561 3046 horem
586 3001 637 3047 aut
662 3011 806 3070 cygnum,
832 2997 944 3050 ute‘um
957 2995 1052 3067 aliqua
1065 2993 1260 3064 concumbat3

216 3071 323 3141 „deam
335 3070 447 3127 homini
460 3073 586 3144 nubere,
601 3073 764 3132 Saturnum
777 3077 885 3132 liberos
900 3075 1054 3136 devorare:
1080 3073 1155 3131 nihil
1168 3075 1259 3132 deni-

216 3173 296 3228 „quc
308 3171 394 3227 posse
407 3155 538 3233 confingi
552 3159 761 3214 miraculorum
774 3167 863 3232 atquc
875 3160 1032 3229 vitiorum,
1047 3157 1125 3233 quod
1138 3176 1198 3213 non
1213 3161 1260 3216 ibi

215 3238 412 3310 „rcpcriatur,
436 3247 523 3314 atque
536 3258 554 3296 a
568 3239 689 3297 deorum
699 3251 804 3296 natura
813 3244 902 3319 longe
916 3242 1024 3298 absit.“
1069 3239 1259 3299 OScaevola
1290 3237 1291 3240 ’

214 3319 350 3395 pontifex
362 3323 500 3394 maxime,
527 3323 611 3379 ludos
626 3325 712 3394 tolle,
738 3325 764 3379 si
776 3333 877 3398 potes:
903 3325 1039 3400 praecipe
1056 3324 1189 3398 populis,
1217 3343 1260 3381 ne

214 3403 287 3458 talcs
300 3401 428 3460 honores
443 3405 499 3460 diis
519 3407 729 3462 immortalibus
744 3406 893 3476 deferant,
915 3399 971 3463 ‘ubi
986 3408 1109 3466 erimina
1131 3405 1261 3466 deorum
1290 3419 1291 3452 ἲ

214 3485 302 3542 libeat
313 3489 432 3557 mirari,
461 3497 491 3542 et
504 3505 578 3562 quac
590 3488 656 3545 fieri
668 3498 792 3564 possunt
803 3491 917 3564 placeat
935 3491 1053 3546 imitari.
1098 3485 1132 3544 Si
1155 3499 1260 3546 nutem
1290 3467 1291 3516 i

214 3569 267 3624 tibi
279 3568 467 3641 responderit
486 3573 625 3644 populus,
648 3571 708 3628 Vos
722 3573 805 3628 nobis
818 3574 998 3646 importastis
1012 3574 1070 3628 ista
1082 3571 1257 3645 pontifices:

213 3650 282 3706 deos
296 3653 375 3722 ipsos
389 3668 478 3727 roga,
505 3653 610 3726 quibus
633 3654 843 3730 instigantibus
866 3656 924 3710 ista
946 3655 1095 3724 iussistis,
1123 3657 1260 3712 natalia
1290 3679 1291 3742 p

214 3733 270 3786 sibi
295 3732 417 3788 iubeant
439 3731 581 3790 exhiberi.
610 3735 691 3800 Quae
705 3737 819 3790 simnia
832 3745 916 3807 sunt,
944 3747 973 3792 et
994 3745 1152 3810 propterea
1170 3741 1260 3794 nullo
1289 3745 1291 3796 ς

214 3811 297 3868 modo
311 3813 347 3868 dc
360 3813 482 3872 deorum
494 3817 646 3874 maiestate
661 3817 822 3888 credenda,
838 3821 931 3876 maior
944 3829 989 3876 est
1001 3819 1122 3876 deorum
1133 3819 1261 3892 iniuria,
1290 3863 1291 3874 ,
