2530 4392
226 161 286 244 ιιι
446 179 545 239 auu
571 177 758 238 ιιιιιιι
782 174 1040 236 saevarum

226 353 314 414 quom
328 353 418 392 mare.
433 333 571 401 Quamvis
583 342 710 404 atnuna,
722 331 800 388 sieut
808 339 886 388 amat
895 327 1067 406 prophetica
1075 332 1180 387 locutio
1187 351 1230 407 pro
1245 367 1246 400 ι

142 451 144 454 -
226 420 298 494 priis
312 418 409 474 verbis
422 419 563 474 translata
574 417 715 486 miseere,
729 433 763 471 ae
776 415 818 470 sic
832 411 954 489 quodam
967 413 1057 496 modo
1071 417 1167 472 velare
1180 415 1231 490 qual

226 503 352 572 dieitur,
378 503 474 576 potuit
486 499 522 556 de
534 501 586 556 illo
604 501 680 556 mari
697 455 809 570 dicere,
836 497 878 554 Et
890 516 971 556 mare
987 491 1050 555 iam
1064 510 1192 557 nonest:
1211 499 1231 553 de

226 604 283 661 quo
297 603 384 684 supra
397 583 525 640 dixerat:
549 582 589 640 Et
602 581 733 643 eabibuit
746 601 829 640 more
841 591 971 639 mortuos
979 620 990 652 ,
1005 584 1106 659 quiin
1120 602 1151 642 eo
1163 593 1230 641 ertu.

143 697 146 706 v
225 667 286 726 lam
301 670 379 726 enim
392 679 461 726 tuna
480 685 540 724 non
554 668 610 722 erit
621 664 676 722 hoa
690 663 837 722 saeculum
850 665 910 721 vita
922 667 1097 722 mortalium
1110 659 1246 724 turbulae

224 763 286 810 tum
299 762 330 810 et
342 754 550 828 procellosum,
579 750 654 826 quod
666 751 754 806 maris
769 751 886 806 nomine
901 748 1052 828 figurarit.

596 899 716 958 CAP.
759 897 891 956 XVll.

309 998 353 1052 De
362 999 502 1052 Ecclesiae
513 997 715 1070 glorificatione
725 995 782 1050 tine
790 996 849 1068 fine
856 1005 920 1066 port
927 997 1014 1068 finem
1024 999 1168 1068 [martial

285 1088 327 1146 m
343 1087 519 1161 Civitatem,
533 1090 644 1166 inquit,
658 1107 796 1166 magnam
808 1085 1000 1146 Hierusalem
1013 1109 1126 1148 novam
1137 1089 1189 1147 vidi
1199 1089 1233 1144 de-

222 1174 406 1232 scendentem
420 1175 455 1232 de
469 1174 547 1232 eaelo
560 1193 580 1231 ι
595 1171 676 1244 Deo,
688 1181 841 1250 aptatam,
855 1175 941 1250 quasi
952 1190 1062 1230 noram
1077 1183 1190 1254 nuptam
1200 1191 1232 1228 ιι

221 1268 326 1316 natare
339 1261 449 1317 marito
458 1276 521 1315 ιιι.
561 1255 603 1314 Et
616 1257 824 1314 audivivocem
838 1275 975 1333 magnam
987 1257 1024 1314 de
1037 1256 1149 1316 tbroao
1161 1258 1232 1313 dues

223 1341 386 1411 tene,Eooe
401 1341 624 1400 tabernaculum
637 1338 699 1398 Dei
711 1359 773 1396 eane
786 1338 960 1411 bominibus,
987 1351 1018 1398 et
1031 1339 1182 1399 habitabit
1192 1357 1231 1394 era

223 1431 276 1496 eis,
291 1437 321 1484 et
330 1427 390 1505 ι’ριι·
402 1435 490 1485 erunt
496 1424 627 1504 populat
636 1425 709 1494 eiua,
721 1433 750 1480 et
760 1421 913 1500 ipeeDeus
927 1427 987 1482 erit
1000 1444 1071 1482 aum
1086 1427 1138 1484 eis.
1160 1421 1230 1480 litet-

222 1508 470 1587 atergetDeuanb
479 1509 570 1568 oralia
582 1527 679 1567 eoram
693 1507 983 1584 omnemlaerpmam,·
996 1518 1027 1566 et
1040 1527 1128 1567 mora
1138 1509 1231 1564 taam
1245 1555 1246 1586 ,

222 1597 299 1663 erit,
325 1611 417 1669 nepae
435 1592 548 1662 luntas,
576 1610 666 1668 neque
680 1591 807 1662 elamor,
835 1593 889 1649 aed
899 1611 952 1650 nea
965 1592 1045 1649 ullus
1063 1593 1164 1662 dolor,
1184 1590 1246 1667 ιιι

219 1679 327 1754 priora
342 1676 489 1733 abierunt
525 1675 567 1733 Et
581 1675 659 1732 ‹ttett
672 1676 804 1732 sedena
791 1695 822 1732 en
841 1673 960 1746 throno,
983 1675 1067 1735 Eaee
1087 1695 1161 1734 nova
1169 1673 1231 1746 soei

222 1759 330 1816 omnia.
359 1758 405 1815 De
419 1743 508 1814 eaelo
516 1756 715 1819 descendere
706 1767 764 1814 asta
774 1757 884 1816 Civitas
897 1759 1022 1831 dieitur,
1036 1762 1176 1858 quoniam
1186 1773 1230 1812 eoe-

222 1844 306 1898 lestis
320 1851 365 1898 est
377 1843 487 1920 gratia,
513 1861 571 1918 qua
583 1840 664 1897 Deus
683 1860 747 1898 eam
766 1842 846 1900 fecit.
887 1841 1008 1919 Propter
1031 1843 1120 1920 quod
1142 1845 1167 1899 ei
1183 1839 1232 1895 dieit

139 1950 141 1958 ’
222 1928 311 1983 etiam
323 1945 377 2002 per
391 1925 524 1984 Esaiam:
549 1925 614 2003 Ego
626 1942 690 1982 aare
702 1923 847 1984 Dominus
853 1927 978 1999 foetent
991 1938 1031 1986 te.
1080 1927 1123 1985 Et
1135 1924 1232 1982 deeoalo

224 2010 340 2086 quidem
353 2011 388 2067 ab
409 2011 495 2068 initio
514 2012 559 2068 aui
577 2008 742 2082 deseendit,
771 2024 809 2066 ex
823 2029 880 2086 quo
893 2029 944 2086 per
956 2009 1043 2068 huius
1060 2013 1171 2070 saeeuli
1181 2019 1231 2065 tea

222 2112 292 2194 pus,
318 2095 414 2174 gratia
427 2093 487 2151 Dei
498 2095 621 2170 desuper
633 2095 776 2151 veniente
790 2113 843 2170 per
856 2097 1002 2178 lavacrum
1020 2091 1231 2175 regenerationis

222 2181 255 2236 in
269 2177 382 2254 Spiritu
398 2187 499 2236 saneto
513 2181 603 2236 misso
615 2177 651 2235 de
664 2179 745 2234 coelo
760 2178 918 2236 subinde
893 2197 971 2237 aives
990 2181 1054 2236 eius
1076 2183 1230 2238 acereteml

223 2261 283 2320 Sed
304 2282 356 2338 per
379 2262 520 2321 iudicium
540 2262 613 2334 Dei,
639 2261 715 2337 quod
729 2263 785 2318 erit
802 2264 994 2320 novissimum
1006 2283 1062 2339 por
1077 2267 1142 2321 eius
1153 2262 1232 2320 Fatue

222 2343 321 2402 letum
334 2344 496 2418 Christum,
512 2355 595 2402 tanta
608 2347 672 2402 eius
686 2354 785 2402 ettam
797 2365 874 2404 nova
887 2347 921 2402 de
933 2346 991 2404 Dei
1002 2365 1131 2406 munere
1143 2344 1232 2404 stultu

222 2429 392 2504 apparebit,
406 2439 438 2486 ut
451 2431 531 2486 nulla
544 2439 714 2486 remaneant
727 2432 880 2492 vetustatis
892 2433 1042 2510 vestigiat·
1060 2431 1176 2508 quando
1187 2427 1231 2502 qui·
1245 2499 1246 2510 χ

223 2513 288 2570 dem
303 2523 332 2570 et
346 2531 468 2588 corpora
481 2514 518 2570 ad
530 2514 777 2588 incorruptionem
790 2523 876 2588 atque
889 2516 1141 2573 immortalitatem
1153 2527 1231 2572 ιιοιιι
1245 2543 1246 2554 1

223 2615 261 2654 ex
273 2607 374 2654 vetere
389 2599 575 2673 corruptione
588 2605 675 2672 atque
693 2599 869 2653 mortalitate
889 2597 1067 2656 transibunt.
1108 2599 1180 2658 Nam
1196 2594 1231 2650 11⁰²
1245 2603 1246 2636 l

223 2681 259 2737 de
272 2683 329 2738 isto
343 2691 473 2757 tempore
486 2683 635 2756 accipere,
662 2697 719 2756 quo
733 2690 839 2760 regnat
854 2677 1005 2760 [regnant]
1027 2701 1096 2740 aum
1110 2681 1188 2761 Rege
1198 2696 1231 2732 ιιι

222 2767 302 2822 mille
316 2767 417 2836 annis,
431 2766 626 2841 impudentiae
638 2765 746 2820 nimiae
758 2763 829 2821 mihi
841 2765 970 2824 videtur:
992 2784 1059 2834 eum
1073 2765 1230 2844 apertisime

223 2848 319 2920 dicat,
346 2849 507 2925 Absterget
521 2848 603 2906 Deus
617 2867 727 2906 omnent
741 2848 901 2924 lacrymam
920 2851 956 2907 ob
980 2850 1075 2908 oeulis
1089 2867 1197 2916 eorum·
1214 2852 1230 2900 el

221 2948 300 2988 moro
314 2933 373 2987 iam
387 2951 443 2988 non
457 2933 531 3002 erit,
549 2951 639 3008 neque
653 2930 766 3004 lactat,
793 2952 884 3010 neque
896 2933 1022 3008 elamor,
1046 2937 1103 2994 aed
1114 2953 1167 2993 nea
1178 2929 1230 2990 ulit!

223 3013 314 3072 dolor.
354 3015 426 3080 Quis
440 3033 511 3071 vero
528 3025 587 3071 tam
606 3015 644 3070 sit
661 3014 818 3087 absurdus,
844 3027 873 3073 et
887 3017 1119 3076 obstinatissima
1135 3027 1230 3078 ιιιιιι

222 3099 303 3154 tione
325 3115 466 3170 vesanus,
493 3100 543 3174 qui
565 3097 672 3154 audeat
695 3099 838 3157 affirmare
860 3103 892 3158 in
904 3099 990 3158 huius
1002 3103 1230 3160 mortalitatis*

221 3181 351 3254 romnis,
377 3201 438 3238 non
451 3183 516 3240 dieo
529 3183 667 3258 populum
679 3193 828 3256 sanetum,
854 3185 905 3242 sed
927 3205 1163 3263 unumquemque
1182 3198 1229 3240 ιιι·

221 3275 348 3338 ntorum,
363 3285 412 3342 qur
404 3264 499 3324 hane
511 3269 559 3324 rel
571 3266 667 3338 ducat,
683 3270 731 3323 vel
744 3268 885 3326 ducturus
898 3271 947 3342 ait,
959 3273 1008 3328 vel
1022 3269 1142 3328 duxerit
1152 3269 1227 3328 titan·

222 3353 317 3409 nullas
331 3349 486 3409 habentem
499 3353 643 3428 lacrymas
658 3361 687 3407 et
700 3351 833 3426 dolores;
858 3373 924 3411 aum
936 3355 1035 3430 potius
1049 3354 1159 3432 quanto
1171 3349 1227 3426 quit

222 3455 277 3512 que
297 3445 341 3492 est
358 3437 488 3492 sanctior
510 3445 539 3492 et
559 3433 696 3491 desiderii
719 3439 814 3494 sanati
837 3439 965 3512 plenior,
991 3447 1075 3496 tanto
1089 3439 1128 3494 sit
1147 3431 1226 3494 eiua

222 3519 332 3577 orando
345 3518 433 3586 fletus
446 3515 583 3576 uberiori
612 3519 659 3574 An
672 3538 732 3576 non
750 3530 796 3578 est
810 3533 871 3578 ror
882 3521 962 3580 Civis
976 3517 1138 3600 [Civitatis]
1149 3531 1225 3593 supa
1245 3517 1246 3520 ’

221 3619 278 3658 nae
292 3601 489 3674 Hierusalem,
516 3621 590 3678 quae
603 3601 689 3660 dicit:
713 3602 828 3664 Factae
840 3617 909 3664 aunt
921 3605 994 3664 mibi
1010 3605 1158 3682 lacryma
1169 3613 1224 3660 atu

219 3686 309 3760 pente
322 3686 369 3741 die
382 3705 420 3742 ae
433 3684 539 3744 noete?
576 3684 630 3756 Et,
656 3684 774 3746 baraba
789 3689 1003 3768 persingulas
1024 3700 1123 3748 notter
1146 3687 1224 3746 tati·

221 3779 327 3831 meum,
353 3768 383 3822 in
397 3767 536 3843 laerpmie
549 3771 621 3836 nteit
636 3779 765 3829 stratam
778 3791 869 3831 nterim
882 3773 996 3852 rigabo.
1032 3772 1088 3845 Et,
1117 3770 1223 3829 Gemitu

221 3862 300 3904 meaa
313 3865 368 3904 noa
382 3859 428 3906 eet
441 3850 628 3910 ιιιιιιιᾱίιιι
642 3873 661 3910 a
674 3863 712 3913 te.
744 3854 800 3930 Et,
824 3854 918 3915 Dolor
932 3875 1010 3917 meat
1023 3867 1175 3916 renovatae
1187 3857 1221 3908 ett
