<?xml version="1.0" encoding="UTF-8"?>
<!DOCTYPE html PUBLIC "-//W3C//DTD XHTML 1.0 Transitional//EN"
    "http://www.w3.org/TR/xhtml1/DTD/xhtml1-transitional.dtd">
<html xmlns="http://www.w3.org/1999/xhtml" xml:lang="en" lang="en">
 <head>
  <title>
</title>
<meta http-equiv="Content-Type" content="text/html;charset=utf-8" />
  <meta name='ocr-system' content='tesseract 3.04.00' />
  <meta name='ocr-capabilities' content='ocr_page ocr_carea ocr_par ocr_line ocrx_word'/>
</head>
<body>
  <div class='ocr_page' id='page_1' title='image "./saureliiaugusti02augugoog_0356.png"; bbox 0 0 2576 4396; ppageno 0'>
   <div class='ocr_carea' id='block_1_1' title="bbox 255 199 1082 282">
    <p class='ocr_par' dir='ltr' id='par_1_1' title="bbox 255 199 1082 282">
     <span class='ocr_line' id='line_1_1' title="bbox 255 199 1082 282; baseline 0.029 -24"><span class='ocrx_word' id='word_1_1' title='bbox 255 199 319 259; x_wconf 89' lang='lat' dir='ltr'><strong>DE</strong></span> <span class='ocrx_word' id='word_1_2' title='bbox 342 201 563 261; x_wconf 85' lang='lat' dir='ltr'><strong>ClVlTATE</strong></span> <span class='ocrx_word' id='word_1_3' title='bbox 586 204 666 262; x_wconf 86' lang='lat' dir='ltr'><strong>DEl</strong></span> <span class='ocrx_word' id='word_1_4' title='bbox 690 208 769 266; x_wconf 79' lang='grc' dir='ltr'><strong>ΗΒ.</strong></span> <span class='ocrx_word' id='word_1_5' title='bbox 795 211 873 273; x_wconf 86' lang='lat' dir='ltr'><strong>Xll.</strong></span> <span class='ocrx_word' id='word_1_6' title='bbox 1021 223 1082 282; x_wconf 79' lang='grc'><strong>366</strong></span> 
     </span>
    </p>
   </div>
   <div class='ocr_carea' id='block_1_2' title="bbox 37 353 1083 3835">
    <p class='ocr_par' dir='ltr' id='par_1_2' title="bbox 49 353 1082 848">
     <span class='ocr_line' id='line_1_2' title="bbox 54 353 1082 436; baseline 0.006 -24"><span class='ocrx_word' id='word_1_7' title='bbox 54 356 149 432; x_wconf 87' lang='lat' dir='ltr'><strong>quibus</strong></span> <span class='ocrx_word' id='word_1_8' title='bbox 164 353 384 409; x_wconf 81' lang='lat' dir='ltr'><strong>demonstretur</strong></span> <span class='ocrx_word' id='word_1_9' title='bbox 398 364 538 428; x_wconf 88' lang='lat' dir='ltr'><strong>quantum</strong></span> <span class='ocrx_word' id='word_1_10' title='bbox 551 373 568 411; x_wconf 90' lang='lat' dir='ltr'><strong>a</strong></span> <span class='ocrx_word' id='word_1_11' title='bbox 583 357 666 412; x_wconf 89' lang='lat' dir='ltr'><strong>nobis</strong></span> <span class='ocrx_word' id='word_1_12' title='bbox 678 368 786 431; x_wconf 89' lang='lat' dir='ltr'><strong>potest,</strong></span> <span class='ocrx_word' id='word_1_13' title='bbox 808 379 893 436; x_wconf 89' lang='lat' dir='ltr'><strong>quam</strong></span> <span class='ocrx_word' id='word_1_14' title='bbox 906 385 965 426; x_wconf 92' lang='lat' dir='ltr'><strong>non</strong></span> <span class='ocrx_word' id='word_1_15' title='bbox 978 373 1082 430; x_wconf 84' lang='lat' dir='ltr'><strong>incon.</strong></span> 
     </span>
     <span class='ocr_line' id='line_1_3' title="bbox 53 437 1082 526; baseline 0.007 -31"><span class='ocrx_word' id='word_1_16' title='bbox 53 440 169 496; x_wconf 87' lang='lat' dir='ltr'><strong>veniens</strong></span> <span class='ocrx_word' id='word_1_17' title='bbox 182 454 279 511; x_wconf 89' lang='lat' dir='ltr'><strong>neque</strong></span> <span class='ocrx_word' id='word_1_18' title='bbox 289 438 452 514; x_wconf 79' lang='lat' dir='ltr'><strong>incongrua</strong></span> <span class='ocrx_word' id='word_1_19' title='bbox 466 437 580 494; x_wconf 84' lang='lat' dir='ltr'><strong>dicatur</strong></span> <span class='ocrx_word' id='word_1_20' title='bbox 594 457 658 496; x_wconf 84' lang='lat' dir='ltr'><strong>esse</strong></span> <span class='ocrx_word' id='word_1_21' title='bbox 671 439 836 500; x_wconf 89' lang='lat' dir='ltr'><strong>bominibus</strong></span> <span class='ocrx_word' id='word_1_22' title='bbox 848 439 1019 526; x_wconf 73' lang='lat' dir='ltr'><strong>angelisque</strong></span> <span class='ocrx_word' id='word_1_23' title='bbox 1033 475 1082 512; x_wconf 70' lang='grc' dir='ltr'><strong>ω.</strong></span> 
     </span>
     <span class='ocr_line' id='line_1_4' title="bbox 53 521 1082 610; baseline 0.016 -32"><span class='ocrx_word' id='word_1_24' title='bbox 53 525 151 578; x_wconf 83' lang='lat' dir='ltr'><strong>cietas:</strong></span> <span class='ocrx_word' id='word_1_25' title='bbox 181 529 289 576; x_wconf 91' lang='lat' dir='ltr'><strong>utnon</strong></span> <span class='ocrx_word' id='word_1_26' title='bbox 303 528 443 594; x_wconf 87' lang='lat' dir='ltr'><strong>quatuor,</strong></span> <span class='ocrx_word' id='word_1_27' title='bbox 470 521 544 578; x_wconf 77' lang='lat' dir='ltr'><strong>ause</strong></span> <span class='ocrx_word' id='word_1_28' title='bbox 569 524 684 580; x_wconf 87' lang='lat' dir='ltr'><strong>scilicet</strong></span> <span class='ocrx_word' id='word_1_29' title='bbox 708 529 882 603; x_wconf 79' lang='lat' dir='ltr'><strong>angelorum</strong></span> <span class='ocrx_word' id='word_1_30' title='bbox 905 533 1082 610; x_wconf 84' lang='lat' dir='ltr'><strong>totidemque</strong></span> 
     </span>
     <span class='ocr_line' id='line_1_5' title="bbox 49 602 1081 688; baseline 0.014 -28"><span class='ocrx_word' id='word_1_31' title='bbox 49 603 210 675; x_wconf 89' lang='lat' dir='ltr'><strong>bominum,</strong></span> <span class='ocrx_word' id='word_1_32' title='bbox 237 602 289 658; x_wconf 88' lang='lat' dir='ltr'><strong>sed</strong></span> <span class='ocrx_word' id='word_1_33' title='bbox 302 603 375 658; x_wconf 77' lang='lat' dir='ltr'><strong>(luae</strong></span> <span class='ocrx_word' id='word_1_34' title='bbox 387 605 483 676; x_wconf 78' lang='lat' dir='ltr'><strong>potius</strong></span> <span class='ocrx_word' id='word_1_35' title='bbox 498 604 655 678; x_wconf 82' lang='lat' dir='ltr'><strong>Civitates,</strong></span> <span class='ocrx_word' id='word_1_36' title='bbox 673 605 730 665; x_wconf 88' lang='lat' dir='ltr'><strong>bac</strong></span> <span class='ocrx_word' id='word_1_37' title='bbox 745 619 805 682; x_wconf 90' lang='lat' dir='ltr'><strong>est,</strong></span> <span class='ocrx_word' id='word_1_38' title='bbox 824 615 998 688; x_wconf 81' lang='lat' dir='ltr'><strong>societates,</strong></span> <span class='ocrx_word' id='word_1_39' title='bbox 1020 637 1081 674; x_wconf 87' lang='lat' dir='ltr'><strong>me-</strong></span> 
     </span>
     <span class='ocr_line' id='line_1_6' title="bbox 49 687 1082 769; baseline 0.014 -25"><span class='ocrx_word' id='word_1_40' title='bbox 49 691 100 744; x_wconf 85' lang='lat' dir='ltr'><strong>rito</strong></span> <span class='ocrx_word' id='word_1_41' title='bbox 119 705 186 742; x_wconf 88' lang='lat' dir='ltr'><strong>esse</strong></span> <span class='ocrx_word' id='word_1_42' title='bbox 206 687 356 756; x_wconf 84' lang='lat' dir='ltr'><strong>dicantur3</strong></span> <span class='ocrx_word' id='word_1_43' title='bbox 382 705 441 743; x_wconf 89' lang='lat' dir='ltr'><strong>una</strong></span> <span class='ocrx_word' id='word_1_44' title='bbox 459 689 491 744; x_wconf 93' lang='lat' dir='ltr'><strong>in</strong></span> <span class='ocrx_word' id='word_1_45' title='bbox 512 687 612 759; x_wconf 84' lang='lat' dir='ltr'><strong>bonis,</strong></span> <span class='ocrx_word' id='word_1_46' title='bbox 635 693 727 748; x_wconf 85' lang='lat' dir='ltr'><strong>altera</strong></span> <span class='ocrx_word' id='word_1_47' title='bbox 739 693 772 749; x_wconf 93' lang='lat' dir='ltr'><strong>in</strong></span> <span class='ocrx_word' id='word_1_48' title='bbox 784 697 884 769; x_wconf 79' lang='lat' dir='ltr'><strong>malis,</strong></span> <span class='ocrx_word' id='word_1_49' title='bbox 911 713 973 756; x_wconf 89' lang='lat' dir='ltr'><strong>non</strong></span> <span class='ocrx_word' id='word_1_50' title='bbox 987 702 1082 758; x_wconf 85' lang='lat' dir='ltr'><strong>solum</strong></span> 
     </span>
     <span class='ocr_line' id='line_1_7' title="bbox 50 769 788 848; baseline 0.005 -20"><span class='ocrx_word' id='word_1_51' title='bbox 50 773 174 848; x_wconf 76' lang='lat' dir='ltr'><strong>angelis,</strong></span> <span class='ocrx_word' id='word_1_52' title='bbox 200 787 303 825; x_wconf 86' lang='lat' dir='ltr'><strong>verum</strong></span> <span class='ocrx_word' id='word_1_53' title='bbox 318 771 406 826; x_wconf 84' lang='lat' dir='ltr'><strong>etiam</strong></span> <span class='ocrx_word' id='word_1_54' title='bbox 418 769 584 828; x_wconf 84' lang='lat' dir='ltr'><strong>bominibus</strong></span> <span class='ocrx_word' id='word_1_55' title='bbox 602 776 788 832; x_wconf 86' lang='lat' dir='ltr'><strong>constitutae.</strong></span> 
     </span>
    </p>

    <p class='ocr_par' dir='ltr' id='par_1_3' title="bbox 41 852 1083 2921">
     <span class='ocr_line' id='line_1_8' title="bbox 104 852 1080 940; baseline 0.013 -31"><span class='ocrx_word' id='word_1_56' title='bbox 104 853 286 930; x_wconf 76' lang='lat' dir='ltr'><strong>Angelorum</strong></span> <span class='ocrx_word' id='word_1_57' title='bbox 298 852 442 910; x_wconf 89' lang='lat' dir='ltr'><strong>bonorum</strong></span> <span class='ocrx_word' id='word_1_58' title='bbox 455 857 641 914; x_wconf 87' lang='lat' dir='ltr'><strong>etmalorum</strong></span> <span class='ocrx_word' id='word_1_59' title='bbox 654 859 733 914; x_wconf 88' lang='lat' dir='ltr'><strong>inter</strong></span> <span class='ocrx_word' id='word_1_60' title='bbox 746 877 778 914; x_wconf 87' lang='lat' dir='ltr'><strong>se</strong></span> <span class='ocrx_word' id='word_1_61' title='bbox 792 865 956 921; x_wconf 83' lang='lat' dir='ltr'><strong>contrarios</strong></span> <span class='ocrx_word' id='word_1_62' title='bbox 970 867 1080 940; x_wconf 86' lang='lat' dir='ltr'><strong>appeti-</strong></span> 
     </span>
     <span class='ocr_line' id='line_1_9' title="bbox 48 937 1081 1014; baseline 0.012 -21"><span class='ocrx_word' id='word_1_63' title='bbox 48 948 90 993; x_wconf 81' lang='lat' dir='ltr'><strong>tus</strong></span> <span class='ocrx_word' id='word_1_64' title='bbox 104 956 165 992; x_wconf 92' lang='lat' dir='ltr'><strong>non</strong></span> <span class='ocrx_word' id='word_1_65' title='bbox 181 937 298 992; x_wconf 89' lang='lat' dir='ltr'><strong>naturis</strong></span> <span class='ocrx_word' id='word_1_66' title='bbox 311 937 522 1014; x_wconf 72' lang='lat' dir='ltr'><strong>principiisque</strong></span> <span class='ocrx_word' id='word_1_67' title='bbox 536 938 679 1012; x_wconf 81' lang='lat' dir='ltr'><strong>diversis,</strong></span> <span class='ocrx_word' id='word_1_68' title='bbox 694 961 761 998; x_wconf 90' lang='lat' dir='ltr'><strong>cum</strong></span> <span class='ocrx_word' id='word_1_69' title='bbox 774 943 855 1000; x_wconf 89' lang='lat' dir='ltr'><strong>Deus</strong></span> <span class='ocrx_word' id='word_1_70' title='bbox 870 950 999 1004; x_wconf 88' lang='lat' dir='ltr'><strong>omnium</strong></span> <span class='ocrx_word' id='word_1_71' title='bbox 1012 951 1081 1005; x_wconf 82' lang='lat' dir='ltr'><strong>sub·</strong></span> 
     </span>
     <span class='ocr_line' id='line_1_10' title="bbox 48 1018 1080 1102; baseline 0.012 -26"><span class='ocrx_word' id='word_1_72' title='bbox 48 1018 325 1076; x_wconf 83' lang='lat' dir='ltr'><strong>stantiarnmbonus</strong></span> <span class='ocrx_word' id='word_1_73' title='bbox 339 1029 441 1077; x_wconf 82' lang='lat' dir='ltr'>auctor</span> <span class='ocrx_word' id='word_1_74' title='bbox 454 1032 483 1078; x_wconf 89' lang='lat' dir='ltr'><strong>et</strong></span> <span class='ocrx_word' id='word_1_75' title='bbox 494 1021 629 1080; x_wconf 87' lang='lat' dir='ltr'><strong>conditor</strong></span> <span class='ocrx_word' id='word_1_76' title='bbox 637 1034 779 1099; x_wconf 85' lang='lat' dir='ltr'><strong>utrosque</strong></span> <span class='ocrx_word' id='word_1_77' title='bbox 789 1032 948 1102; x_wconf 88' lang='lat' dir='ltr'><strong>creaverit,</strong></span> <span class='ocrx_word' id='word_1_78' title='bbox 963 1032 1015 1086; x_wconf 85' lang='lat' dir='ltr'><strong>sed</strong></span> <span class='ocrx_word' id='word_1_79' title='bbox 1027 1051 1080 1089; x_wconf 88' lang='lat' dir='ltr'><strong>vo-</strong></span> 
     </span>
     <span class='ocr_line' id='line_1_11' title="bbox 47 1101 1082 1182; baseline 0.011 -22"><span class='ocrx_word' id='word_1_80' title='bbox 47 1104 203 1160; x_wconf 86' lang='lat' dir='ltr'><strong>luntatibus</strong></span> <span class='ocrx_word' id='word_1_81' title='bbox 219 1111 250 1158; x_wconf 90' lang='lat' dir='ltr'><strong>et</strong></span> <span class='ocrx_word' id='word_1_82' title='bbox 263 1101 471 1177; x_wconf 89' lang='lat' dir='ltr'><strong>cupiditatibus</strong></span> <span class='ocrx_word' id='word_1_83' title='bbox 485 1107 647 1177; x_wconf 85' lang='lat' dir='ltr'><strong>exstitisse,</strong></span> <span class='ocrx_word' id='word_1_84' title='bbox 660 1105 793 1164; x_wconf 78' lang='lat' dir='ltr'><strong>dubitare</strong></span> <span class='ocrx_word' id='word_1_85' title='bbox 807 1111 851 1166; x_wconf 83' lang='lat' dir='ltr'><strong>las</strong></span> <span class='ocrx_word' id='word_1_86' title='bbox 866 1131 926 1168; x_wconf 90' lang='lat' dir='ltr'><strong>non</strong></span> <span class='ocrx_word' id='word_1_87' title='bbox 940 1123 1000 1182; x_wconf 88' lang='lat' dir='ltr'><strong>est;</strong></span> <span class='ocrx_word' id='word_1_88' title='bbox 1014 1115 1082 1170; x_wconf 89' lang='lat' dir='ltr'><strong>dum</strong></span> 
     </span>
     <span class='ocr_line' id='line_1_12' title="bbox 47 1187 1082 1266; baseline 0.007 -23"><span class='ocrx_word' id='word_1_89' title='bbox 47 1190 91 1243; x_wconf 86' lang='lat' dir='ltr'><strong>alii</strong></span> <span class='ocrx_word' id='word_1_90' title='bbox 105 1195 278 1243; x_wconf 88' lang='lat' dir='ltr'><strong>constanter</strong></span> <span class='ocrx_word' id='word_1_91' title='bbox 291 1187 323 1242; x_wconf 92' lang='lat' dir='ltr'><strong>in</strong></span> <span class='ocrx_word' id='word_1_92' title='bbox 338 1190 487 1244; x_wconf 85' lang='lat' dir='ltr'><strong>communi</strong></span> <span class='ocrx_word' id='word_1_93' title='bbox 503 1188 636 1246; x_wconf 86' lang='lat' dir='ltr'><strong>omnibus</strong></span> <span class='ocrx_word' id='word_1_94' title='bbox 649 1190 742 1260; x_wconf 92' lang='lat' dir='ltr'><strong>bono,</strong></span> <span class='ocrx_word' id='word_1_95' title='bbox 763 1191 840 1264; x_wconf 85' lang='lat' dir='ltr'><strong>quod</strong></span> <span class='ocrx_word' id='word_1_96' title='bbox 853 1194 914 1266; x_wconf 90' lang='lat' dir='ltr'><strong>ipsc</strong></span> <span class='ocrx_word' id='word_1_97' title='bbox 928 1197 987 1250; x_wconf 90' lang='lat' dir='ltr'><strong>illis</strong></span> <span class='ocrx_word' id='word_1_98' title='bbox 1000 1195 1082 1252; x_wconf 89' lang='lat' dir='ltr'><strong>Deus</strong></span> 
     </span>
     <span class='ocr_line' id='line_1_13' title="bbox 46 1270 1082 1349; baseline 0.006 -22"><span class='ocrx_word' id='word_1_99' title='bbox 46 1281 99 1342; x_wconf 84' lang='lat' dir='ltr'><strong>est,</strong></span> <span class='ocrx_word' id='word_1_100' title='bbox 125 1280 215 1346; x_wconf 90' lang='lat' dir='ltr'><strong>atquc</strong></span> <span class='ocrx_word' id='word_1_101' title='bbox 239 1271 271 1325; x_wconf 91' lang='lat' dir='ltr'><strong>in</strong></span> <span class='ocrx_word' id='word_1_102' title='bbox 296 1270 361 1325; x_wconf 88' lang='lat' dir='ltr'><strong>eius</strong></span> <span class='ocrx_word' id='word_1_103' title='bbox 384 1273 576 1341; x_wconf 74' lang='lat' dir='ltr'><strong>aeternitate,</strong></span> <span class='ocrx_word' id='word_1_104' title='bbox 599 1272 741 1342; x_wconf 84' lang='lat' dir='ltr'><strong>veritate,</strong></span> <span class='ocrx_word' id='word_1_105' title='bbox 768 1275 890 1330; x_wconf 88' lang='lat' dir='ltr'><strong>caritate</strong></span> <span class='ocrx_word' id='word_1_106' title='bbox 903 1279 1082 1349; x_wconf 83' lang='lat' dir='ltr'><strong>persistunt;</strong></span> 
     </span>
     <span class='ocr_line' id='line_1_14' title="bbox 46 1353 1083 1432; baseline 0.005 -23"><span class='ocrx_word' id='word_1_107' title='bbox 46 1357 91 1410; x_wconf 90' lang='lat' dir='ltr'><strong>alii</strong></span> <span class='ocrx_word' id='word_1_108' title='bbox 109 1373 164 1410; x_wconf 83' lang='lat' dir='ltr'><strong>aua</strong></span> <span class='ocrx_word' id='word_1_109' title='bbox 184 1360 331 1427; x_wconf 71' lang='lat' dir='ltr'><strong>potestate</strong></span> <span class='ocrx_word' id='word_1_110' title='bbox 350 1355 448 1426; x_wconf 89' lang='lat' dir='ltr'><strong>potius</strong></span> <span class='ocrx_word' id='word_1_111' title='bbox 470 1353 623 1424; x_wconf 87' lang='lat' dir='ltr'><strong>delectati,</strong></span> <span class='ocrx_word' id='word_1_112' title='bbox 640 1355 723 1410; x_wconf 85' lang='lat' dir='ltr'><strong>velut</strong></span> <span class='ocrx_word' id='word_1_113' title='bbox 735 1354 843 1412; x_wconf 89' lang='lat' dir='ltr'><strong>bonum</strong></span> <span class='ocrx_word' id='word_1_114' title='bbox 858 1375 945 1414; x_wconf 91' lang='lat' dir='ltr'><strong>suum</strong></span> <span class='ocrx_word' id='word_1_115' title='bbox 958 1359 1083 1432; x_wconf 89' lang='lat' dir='ltr'><strong>sibiipsi</strong></span> 
     </span>
     <span class='ocr_line' id='line_1_15' title="bbox 45 1436 1083 1514; baseline 0.005 -22"><span class='ocrx_word' id='word_1_116' title='bbox 45 1447 154 1509; x_wconf 83' lang='lat' dir='ltr'><strong>essent,</strong></span> <span class='ocrx_word' id='word_1_117' title='bbox 175 1455 194 1492; x_wconf 90' lang='lat' dir='ltr'><strong>a</strong></span> <span class='ocrx_word' id='word_1_118' title='bbox 206 1437 359 1511; x_wconf 88' lang='lat' dir='ltr'><strong>superiore</strong></span> <span class='ocrx_word' id='word_1_119' title='bbox 372 1437 521 1492; x_wconf 90' lang='lat' dir='ltr'><strong>communi</strong></span> <span class='ocrx_word' id='word_1_120' title='bbox 532 1438 662 1492; x_wconf 90' lang='lat' dir='ltr'><strong>omnium</strong></span> <span class='ocrx_word' id='word_1_121' title='bbox 673 1436 810 1495; x_wconf 84' lang='lat' dir='ltr'><strong>beatifico</strong></span> <span class='ocrx_word' id='word_1_122' title='bbox 823 1439 901 1496; x_wconf 92' lang='lat' dir='ltr'><strong>bono</strong></span> <span class='ocrx_word' id='word_1_123' title='bbox 915 1440 952 1496; x_wconf 89' lang='lat' dir='ltr'><strong>ad</strong></span> <span class='ocrx_word' id='word_1_124' title='bbox 964 1443 1083 1514; x_wconf 84' lang='lat' dir='ltr'><strong>propria</strong></span> 
     </span>
     <span class='ocr_line' id='line_1_16' title="bbox 44 1517 1079 1598; baseline 0.004 -24"><span class='ocrx_word' id='word_1_125' title='bbox 44 1520 246 1590; x_wconf 81' lang='lat' dir='ltr'><strong>defluxerunt3</strong></span> <span class='ocrx_word' id='word_1_126' title='bbox 277 1529 307 1574; x_wconf 90' lang='lat' dir='ltr'><strong>et</strong></span> <span class='ocrx_word' id='word_1_127' title='bbox 321 1517 462 1576; x_wconf 88' lang='lat' dir='ltr'><strong>habentes</strong></span> <span class='ocrx_word' id='word_1_128' title='bbox 477 1520 613 1576; x_wconf 85' lang='lat' dir='ltr'><strong>elationis</strong></span> <span class='ocrx_word' id='word_1_129' title='bbox 626 1519 736 1576; x_wconf 85' lang='lat' dir='ltr'><strong>fastum</strong></span> <span class='ocrx_word' id='word_1_130' title='bbox 753 1540 807 1598; x_wconf 89' lang='lat' dir='ltr'><strong>pro</strong></span> <span class='ocrx_word' id='word_1_131' title='bbox 820 1524 1019 1578; x_wconf 82' lang='lat' dir='ltr'><strong>excelsissima</strong></span> <span class='ocrx_word' id='word_1_132' title='bbox 1031 1542 1079 1580; x_wconf 89' lang='lat' dir='ltr'><strong>ae·</strong></span> 
     </span>
     <span class='ocr_line' id='line_1_17' title="bbox 43 1603 1081 1678; baseline 0.005 -19"><span class='ocrx_word' id='word_1_133' title='bbox 43 1605 197 1674; x_wconf 85' lang='lat' dir='ltr'><strong>ternitate,</strong></span> <span class='ocrx_word' id='word_1_134' title='bbox 224 1603 364 1659; x_wconf 73' lang='lat' dir='ltr'><strong>vanitatis</strong></span> <span class='ocrx_word' id='word_1_135' title='bbox 388 1605 528 1660; x_wconf 84' lang='lat' dir='ltr'><strong>astutiam</strong></span> <span class='ocrx_word' id='word_1_136' title='bbox 550 1620 604 1676; x_wconf 89' lang='lat' dir='ltr'><strong>pro</strong></span> <span class='ocrx_word' id='word_1_137' title='bbox 630 1605 794 1662; x_wconf 87' lang='lat' dir='ltr'><strong>certissima</strong></span> <span class='ocrx_word' id='word_1_138' title='bbox 815 1607 958 1678; x_wconf 87' lang='lat' dir='ltr'><strong>veritate,</strong></span> <span class='ocrx_word' id='word_1_139' title='bbox 985 1606 1081 1664; x_wconf 69' lang='lat' dir='ltr'><strong>amuis</strong></span> 
     </span>
     <span class='ocr_line' id='line_1_18' title="bbox 42 1685 1082 1761; baseline 0.003 -18"><span class='ocrx_word' id='word_1_140' title='bbox 42 1690 163 1761; x_wconf 87' lang='lat' dir='ltr'><strong>partium</strong></span> <span class='ocrx_word' id='word_1_141' title='bbox 178 1705 232 1761; x_wconf 86' lang='lat' dir='ltr'><strong>pro</strong></span> <span class='ocrx_word' id='word_1_142' title='bbox 245 1685 399 1744; x_wconf 78' lang='lat' dir='ltr'><strong>individua</strong></span> <span class='ocrx_word' id='word_1_143' title='bbox 413 1687 553 1756; x_wconf 87' lang='lat' dir='ltr'><strong>caritate,</strong></span> <span class='ocrx_word' id='word_1_144' title='bbox 568 1685 701 1760; x_wconf 85' lang='lat' dir='ltr'><strong>superbi,</strong></span> <span class='ocrx_word' id='word_1_145' title='bbox 719 1687 858 1758; x_wconf 77' lang='lat' dir='ltr'><strong>fallaces,</strong></span> <span class='ocrx_word' id='word_1_146' title='bbox 877 1688 971 1746; x_wconf 83' lang='lat' dir='ltr'><strong>invidi</strong></span> <span class='ocrx_word' id='word_1_147' title='bbox 984 1686 1082 1746; x_wconf 87' lang='lat' dir='ltr'><strong>effecti</strong></span> 
     </span>
     <span class='ocr_line' id='line_1_19' title="bbox 43 1769 1080 1846; baseline 0.004 -22"><span class='ocrx_word' id='word_1_148' title='bbox 43 1781 114 1827; x_wconf 85' lang='lat' dir='ltr'><strong>sunt.</strong></span> <span class='ocrx_word' id='word_1_149' title='bbox 158 1769 358 1826; x_wconf 87' lang='lat' dir='ltr'><strong>Beatitudinis</strong></span> <span class='ocrx_word' id='word_1_150' title='bbox 382 1771 475 1846; x_wconf 79' lang='lat' dir='ltr'><strong>igitur</strong></span> <span class='ocrx_word' id='word_1_151' title='bbox 497 1769 616 1824; x_wconf 86' lang='lat' dir='ltr'><strong>illorum</strong></span> <span class='ocrx_word' id='word_1_152' title='bbox 638 1780 805 1843; x_wconf 88' lang='lat' dir='ltr'><strong>causaest,</strong></span> <span class='ocrx_word' id='word_1_153' title='bbox 831 1770 990 1828; x_wconf 83' lang='lat' dir='ltr'><strong>adhaerere</strong></span> <span class='ocrx_word' id='word_1_154' title='bbox 1005 1771 1080 1828; x_wconf 84' lang='lat' dir='ltr'><strong>Deo.</strong></span> 
     </span>
     <span class='ocr_line' id='line_1_20' title="bbox 44 1853 1080 1932; baseline 0.001 -23"><span class='ocrx_word' id='word_1_155' title='bbox 44 1855 185 1920; x_wconf 76' lang='lat' dir='ltr'><strong>Quocirca</strong></span> <span class='ocrx_word' id='word_1_156' title='bbox 196 1855 325 1909; x_wconf 87' lang='lat' dir='ltr'><strong>istorum</strong></span> <span class='ocrx_word' id='word_1_157' title='bbox 337 1853 474 1908; x_wconf 87' lang='lat' dir='ltr'><strong>miseriae</strong></span> <span class='ocrx_word' id='word_1_158' title='bbox 487 1868 575 1907; x_wconf 87' lang='lat' dir='ltr'><strong>eausa</strong></span> <span class='ocrx_word' id='word_1_159' title='bbox 591 1870 630 1906; x_wconf 88' lang='lat' dir='ltr'><strong>ax</strong></span> <span class='ocrx_word' id='word_1_160' title='bbox 643 1855 791 1911; x_wconf 86' lang='lat' dir='ltr'><strong>contrario</strong></span> <span class='ocrx_word' id='word_1_161' title='bbox 812 1864 857 1910; x_wconf 89' lang='lat' dir='ltr'><strong>est</strong></span> <span class='ocrx_word' id='word_1_162' title='bbox 874 1855 1080 1932; x_wconf 82' lang='lat' dir='ltr'><strong>intelligenda,</strong></span> 
     </span>
     <span class='ocr_line' id='line_1_21' title="bbox 42 1934 1080 2012; baseline 0.001 -19"><span class='ocrx_word' id='word_1_163' title='bbox 42 1937 114 2011; x_wconf 88' lang='lat' dir='ltr'><strong>quod</strong></span> <span class='ocrx_word' id='word_1_164' title='bbox 127 1947 192 2006; x_wconf 88' lang='lat' dir='ltr'><strong>est,</strong></span> <span class='ocrx_word' id='word_1_165' title='bbox 217 1954 278 1991; x_wconf 90' lang='lat' dir='ltr'><strong>non</strong></span> <span class='ocrx_word' id='word_1_166' title='bbox 299 1934 458 1992; x_wconf 82' lang='lat' dir='ltr'><strong>adhaerere</strong></span> <span class='ocrx_word' id='word_1_167' title='bbox 472 1934 546 1992; x_wconf 89' lang='lat' dir='ltr'><strong>Deo.</strong></span> <span class='ocrx_word' id='word_1_168' title='bbox 591 1936 785 2001; x_wconf 77' lang='lat' dir='ltr'><strong>Quamobrem</strong></span> <span class='ocrx_word' id='word_1_169' title='bbox 798 1939 825 1994; x_wconf 90' lang='lat' dir='ltr'><strong>si</strong></span> <span class='ocrx_word' id='word_1_170' title='bbox 838 1955 904 2006; x_wconf 83' lang='lat' dir='ltr'><strong>cum</strong></span> <span class='ocrx_word' id='word_1_171' title='bbox 917 1940 1080 2012; x_wconf 86' lang='lat' dir='ltr'><strong>quaeritur,</strong></span> 
     </span>
     <span class='ocr_line' id='line_1_22' title="bbox 42 2018 1079 2094; baseline 0 -18"><span class='ocrx_word' id='word_1_172' title='bbox 42 2039 126 2094; x_wconf 85' lang='lat' dir='ltr'><strong>quare</strong></span> <span class='ocrx_word' id='word_1_173' title='bbox 145 2020 192 2075; x_wconf 92' lang='lat' dir='ltr'><strong>illi</strong></span> <span class='ocrx_word' id='word_1_174' title='bbox 209 2019 290 2074; x_wconf 90' lang='lat' dir='ltr'><strong>beati</strong></span> <span class='ocrx_word' id='word_1_175' title='bbox 309 2019 383 2088; x_wconf 78' lang='lat' dir='ltr'><strong>sint3</strong></span> <span class='ocrx_word' id='word_1_176' title='bbox 407 2027 489 2075; x_wconf 86' lang='lat' dir='ltr'><strong>recte</strong></span> <span class='ocrx_word' id='word_1_177' title='bbox 507 2018 716 2092; x_wconf 83' lang='lat' dir='ltr'><strong>respondetur,</strong></span> <span class='ocrx_word' id='word_1_178' title='bbox 744 2022 813 2093; x_wconf 91' lang='lat' dir='ltr'><strong>quia</strong></span> <span class='ocrx_word' id='word_1_179' title='bbox 826 2019 986 2076; x_wconf 85' lang='lat' dir='ltr'><strong>adbaerent</strong></span> <span class='ocrx_word' id='word_1_180' title='bbox 999 2019 1079 2076; x_wconf 72' lang='lat' dir='ltr'><strong>Deos</strong></span> 
     </span>
     <span class='ocr_line' id='line_1_23' title="bbox 42 2102 1081 2175; baseline 0.002 -19"><span class='ocrx_word' id='word_1_181' title='bbox 42 2112 68 2156; x_wconf 88' lang='lat' dir='ltr'><strong>ct</strong></span> <span class='ocrx_word' id='word_1_182' title='bbox 81 2121 146 2158; x_wconf 89' lang='lat' dir='ltr'><strong>cum</strong></span> <span class='ocrx_word' id='word_1_183' title='bbox 161 2103 332 2175; x_wconf 89' lang='lat' dir='ltr'><strong>quaeritur,</strong></span> <span class='ocrx_word' id='word_1_184' title='bbox 346 2119 400 2158; x_wconf 87' lang='lat' dir='ltr'><strong>eur</strong></span> <span class='ocrx_word' id='word_1_185' title='bbox 413 2103 465 2157; x_wconf 81' lang='lat' dir='ltr'><strong>isti</strong></span> <span class='ocrx_word' id='word_1_186' title='bbox 477 2103 538 2158; x_wconf 88' lang='lat' dir='ltr'><strong>sint</strong></span> <span class='ocrx_word' id='word_1_187' title='bbox 550 2102 667 2171; x_wconf 86' lang='lat' dir='ltr'><strong>miseri;</strong></span> <span class='ocrx_word' id='word_1_188' title='bbox 692 2111 772 2158; x_wconf 83' lang='lat' dir='ltr'><strong>reete</strong></span> <span class='ocrx_word' id='word_1_189' title='bbox 785 2103 996 2174; x_wconf 78' lang='lat' dir='ltr'><strong>respondetur,</strong></span> <span class='ocrx_word' id='word_1_190' title='bbox 1011 2103 1081 2175; x_wconf 88' lang='lat' dir='ltr'><strong>qula</strong></span> 
     </span>
     <span class='ocr_line' id='line_1_24' title="bbox 42 2183 1079 2242; baseline -0.004 -1"><span class='ocrx_word' id='word_1_191' title='bbox 42 2205 97 2242; x_wconf 90' lang='lat' dir='ltr'><strong>non</strong></span> <span class='ocrx_word' id='word_1_192' title='bbox 112 2183 276 2240; x_wconf 87' lang='lat' dir='ltr'><strong>adhaerent</strong></span> <span class='ocrx_word' id='word_1_193' title='bbox 289 2184 370 2241; x_wconf 89' lang='lat' dir='ltr'><strong>Deo:</strong></span> <span class='ocrx_word' id='word_1_194' title='bbox 397 2193 523 2240; x_wconf 91' lang='lat' dir='ltr'><strong>nonest</strong></span> <span class='ocrx_word' id='word_1_195' title='bbox 542 2193 695 2240; x_wconf 88' lang='lat' dir='ltr'><strong>creaturae</strong></span> <span class='ocrx_word' id='word_1_196' title='bbox 714 2185 869 2242; x_wconf 89' lang='lat' dir='ltr'><strong>rationalis</strong></span> <span class='ocrx_word' id='word_1_197' title='bbox 894 2186 943 2242; x_wconf 81' lang='lat' dir='ltr'><strong>vel</strong></span> <span class='ocrx_word' id='word_1_198' title='bbox 962 2185 1079 2240; x_wconf 88' lang='lat' dir='ltr'><strong>intelle-</strong></span> 
     </span>
     <span class='ocr_line' id='line_1_25' title="bbox 42 2266 1079 2343; baseline -0.001 -20"><span class='ocrx_word' id='word_1_199' title='bbox 42 2271 143 2324; x_wconf 84' lang='lat' dir='ltr'><strong>ctualis</strong></span> <span class='ocrx_word' id='word_1_200' title='bbox 158 2267 286 2337; x_wconf 89' lang='lat' dir='ltr'><strong>bonum,</strong></span> <span class='ocrx_word' id='word_1_201' title='bbox 300 2285 358 2341; x_wconf 89' lang='lat' dir='ltr'><strong>quo</strong></span> <span class='ocrx_word' id='word_1_202' title='bbox 371 2268 456 2324; x_wconf 89' lang='lat' dir='ltr'><strong>beata</strong></span> <span class='ocrx_word' id='word_1_203' title='bbox 469 2269 525 2338; x_wconf 86' lang='lat' dir='ltr'><strong>ait,</strong></span> <span class='ocrx_word' id='word_1_204' title='bbox 539 2269 598 2324; x_wconf 84' lang='lat' dir='ltr'><strong>nisi</strong></span> <span class='ocrx_word' id='word_1_205' title='bbox 612 2266 703 2324; x_wconf 88' lang='lat' dir='ltr'><strong>Deus.</strong></span> <span class='ocrx_word' id='word_1_206' title='bbox 737 2266 783 2326; x_wconf 90' lang='lat' dir='ltr'><strong>lta</strong></span> <span class='ocrx_word' id='word_1_207' title='bbox 796 2269 928 2343; x_wconf 84' lang='lat' dir='ltr'><strong>quamvis</strong></span> <span class='ocrx_word' id='word_1_208' title='bbox 942 2286 1002 2326; x_wconf 91' lang='lat' dir='ltr'><strong>uon</strong></span> <span class='ocrx_word' id='word_1_209' title='bbox 1016 2282 1079 2324; x_wconf 87' lang='lat' dir='ltr'><strong>om-</strong></span> 
     </span>
     <span class='ocr_line' id='line_1_26' title="bbox 42 2347 1079 2427; baseline -0.003 -21"><span class='ocrx_word' id='word_1_210' title='bbox 42 2354 84 2406; x_wconf 89' lang='lat' dir='ltr'><strong>nis</strong></span> <span class='ocrx_word' id='word_1_211' title='bbox 97 2353 186 2407; x_wconf 91' lang='lat' dir='ltr'><strong>beata</strong></span> <span class='ocrx_word' id='word_1_212' title='bbox 202 2352 297 2425; x_wconf 82' lang='lat' dir='ltr'><strong>possit</strong></span> <span class='ocrx_word' id='word_1_213' title='bbox 310 2368 375 2404; x_wconf 86' lang='lat' dir='ltr'><strong>esse</strong></span> <span class='ocrx_word' id='word_1_214' title='bbox 390 2361 540 2422; x_wconf 87' lang='lat' dir='ltr'><strong>creatura,</strong></span> <span class='ocrx_word' id='word_1_215' title='bbox 563 2347 679 2427; x_wconf 86' lang='lat' dir='ltr'><strong>(neque</strong></span> <span class='ocrx_word' id='word_1_216' title='bbox 693 2354 772 2408; x_wconf 89' lang='lat' dir='ltr'><strong>enim</strong></span> <span class='ocrx_word' id='word_1_217' title='bbox 784 2351 840 2408; x_wconf 92' lang='lat' dir='ltr'><strong>hoc</strong></span> <span class='ocrx_word' id='word_1_218' title='bbox 857 2369 964 2408; x_wconf 88' lang='lat' dir='ltr'><strong>munus</strong></span> <span class='ocrx_word' id='word_1_219' title='bbox 986 2351 1079 2424; x_wconf 85' lang='lat' dir='ltr'><strong>adipi·</strong></span> 
     </span>
     <span class='ocr_line' id='line_1_27' title="bbox 42 2431 1081 2510; baseline -0.003 -22"><span class='ocrx_word' id='word_1_220' title='bbox 42 2445 182 2504; x_wconf 83' lang='lat' dir='ltr'><strong>acuatur,</strong></span> <span class='ocrx_word' id='word_1_221' title='bbox 209 2443 260 2488; x_wconf 92' lang='lat' dir='ltr'><strong>aut</strong></span> <span class='ocrx_word' id='word_1_222' title='bbox 275 2435 394 2506; x_wconf 89' lang='lat' dir='ltr'><strong>capiunt</strong></span> <span class='ocrx_word' id='word_1_223' title='bbox 411 2434 507 2504; x_wconf 85' lang='lat' dir='ltr'><strong>ferae,</strong></span> <span class='ocrx_word' id='word_1_224' title='bbox 534 2435 631 2510; x_wconf 79' lang='lat' dir='ltr'><strong>ligna,</strong></span> <span class='ocrx_word' id='word_1_225' title='bbox 646 2452 729 2503; x_wconf 85' lang='lat' dir='ltr'><strong>saxa,</strong></span> <span class='ocrx_word' id='word_1_226' title='bbox 753 2445 783 2489; x_wconf 93' lang='lat' dir='ltr'><strong>et</strong></span> <span class='ocrx_word' id='word_1_227' title='bbox 801 2437 828 2488; x_wconf 87' lang='lat' dir='ltr'><strong>si</strong></span> <span class='ocrx_word' id='word_1_228' title='bbox 847 2435 918 2508; x_wconf 88' lang='lat' dir='ltr'><strong>quid</strong></span> <span class='ocrx_word' id='word_1_229' title='bbox 937 2431 1081 2488; x_wconf 86' lang='lat' dir='ltr'><strong>eiusmodi</strong></span> 
     </span>
     <span class='ocr_line' id='line_1_28' title="bbox 42 2514 1079 2590; baseline -0.005 -20"><span class='ocrx_word' id='word_1_230' title='bbox 42 2521 108 2588; x_wconf 76' lang='lat' dir='ltr'><strong>cst,)</strong></span> <span class='ocrx_word' id='word_1_231' title='bbox 135 2536 172 2572; x_wconf 87' lang='lat' dir='ltr'><strong>ea</strong></span> <span class='ocrx_word' id='word_1_232' title='bbox 184 2525 284 2572; x_wconf 89' lang='lat' dir='ltr'><strong>tamen</strong></span> <span class='ocrx_word' id='word_1_233' title='bbox 299 2534 372 2590; x_wconf 90' lang='lat' dir='ltr'><strong>quae</strong></span> <span class='ocrx_word' id='word_1_234' title='bbox 385 2525 497 2590; x_wconf 82' lang='lat' dir='ltr'><strong>potest,</strong></span> <span class='ocrx_word' id='word_1_235' title='bbox 522 2533 586 2570; x_wconf 92' lang='lat' dir='ltr'><strong>nnn</strong></span> <span class='ocrx_word' id='word_1_236' title='bbox 601 2531 638 2568; x_wconf 85' lang='lat' dir='ltr'><strong>ex</strong></span> <span class='ocrx_word' id='word_1_237' title='bbox 652 2531 684 2568; x_wconf 87' lang='lat' dir='ltr'><strong>se</strong></span> <span class='ocrx_word' id='word_1_238' title='bbox 698 2518 762 2588; x_wconf 82' lang='lat' dir='ltr'><strong>ipsa</strong></span> <span class='ocrx_word' id='word_1_239' title='bbox 774 2525 886 2588; x_wconf 85' lang='lat' dir='ltr'><strong>potest,</strong></span> <span class='ocrx_word' id='word_1_240' title='bbox 901 2517 968 2587; x_wconf 92' lang='lat' dir='ltr'><strong>quia</strong></span> <span class='ocrx_word' id='word_1_241' title='bbox 982 2531 1020 2566; x_wconf 85' lang='lat' dir='ltr'><strong>ex</strong></span> <span class='ocrx_word' id='word_1_242' title='bbox 1033 2514 1079 2566; x_wconf 93' lang='lat' dir='ltr'><strong>ni-</strong></span> 
     </span>
     <span class='ocr_line' id='line_1_29' title="bbox 41 2593 1079 2669; baseline -0.004 -17"><span class='ocrx_word' id='word_1_243' title='bbox 41 2597 97 2656; x_wconf 92' lang='lat' dir='ltr'><strong>hilo</strong></span> <span class='ocrx_word' id='word_1_244' title='bbox 112 2609 214 2655; x_wconf 86' lang='lat' dir='ltr'><strong>creata</strong></span> <span class='ocrx_word' id='word_1_245' title='bbox 228 2609 289 2669; x_wconf 79' lang='lat' dir='ltr'><strong>est3</strong></span> <span class='ocrx_word' id='word_1_246' title='bbox 315 2598 366 2654; x_wconf 81' lang='lat' dir='ltr'><strong>sed</strong></span> <span class='ocrx_word' id='word_1_247' title='bbox 380 2615 417 2652; x_wconf 86' lang='lat' dir='ltr'><strong>ex</strong></span> <span class='ocrx_word' id='word_1_248' title='bbox 431 2600 500 2667; x_wconf 92' lang='lat' dir='ltr'><strong>illo,</strong></span> <span class='ocrx_word' id='word_1_249' title='bbox 514 2617 531 2652; x_wconf 90' lang='lat' dir='ltr'><strong>a</strong></span> <span class='ocrx_word' id='word_1_250' title='bbox 545 2614 602 2669; x_wconf 90' lang='lat' dir='ltr'><strong>quo</strong></span> <span class='ocrx_word' id='word_1_251' title='bbox 616 2606 716 2651; x_wconf 86' lang='lat' dir='ltr'><strong>creata</strong></span> <span class='ocrx_word' id='word_1_252' title='bbox 729 2607 783 2652; x_wconf 89' lang='lat' dir='ltr'><strong>est.</strong></span> <span class='ocrx_word' id='word_1_253' title='bbox 806 2595 870 2651; x_wconf 88' lang='lat' dir='ltr'><strong>Hoc</strong></span> <span class='ocrx_word' id='word_1_254' title='bbox 884 2596 962 2649; x_wconf 86' lang='lat' dir='ltr'><strong>enim</strong></span> <span class='ocrx_word' id='word_1_255' title='bbox 974 2593 1079 2664; x_wconf 85' lang='lat' dir='ltr'><strong>adepta</strong></span> 
     </span>
     <span class='ocr_line' id='line_1_30' title="bbox 41 2673 1081 2757; baseline -0.008 -21"><span class='ocrx_word' id='word_1_256' title='bbox 41 2681 137 2753; x_wconf 90' lang='lat' dir='ltr'><strong>beata,</strong></span> <span class='ocrx_word' id='word_1_257' title='bbox 166 2701 224 2757; x_wconf 92' lang='lat' dir='ltr'><strong>quo</strong></span> <span class='ocrx_word' id='word_1_258' title='bbox 243 2683 350 2738; x_wconf 83' lang='lat' dir='ltr'><strong>amisso</strong></span> <span class='ocrx_word' id='word_1_259' title='bbox 368 2683 474 2736; x_wconf 87' lang='lat' dir='ltr'><strong>misera</strong></span> <span class='ocrx_word' id='word_1_260' title='bbox 493 2689 546 2735; x_wconf 80' lang='lat' dir='ltr'><strong>est.</strong></span> <span class='ocrx_word' id='word_1_261' title='bbox 590 2677 727 2734; x_wconf 89' lang='lat' dir='ltr'><strong>lllcvero</strong></span> <span class='ocrx_word' id='word_1_262' title='bbox 742 2680 867 2752; x_wconf 90' lang='lat' dir='ltr'><strong>quinon</strong></span> <span class='ocrx_word' id='word_1_263' title='bbox 881 2677 956 2746; x_wconf 90' lang='lat' dir='ltr'><strong>alio,</strong></span> <span class='ocrx_word' id='word_1_264' title='bbox 983 2673 1081 2729; x_wconf 77' lang='lat' dir='ltr'><strong>tedae</strong></span> 
     </span>
     <span class='ocr_line' id='line_1_31' title="bbox 42 2757 1080 2838; baseline -0.007 -20"><span class='ocrx_word' id='word_1_265' title='bbox 42 2765 98 2837; x_wconf 89' lang='lat' dir='ltr'><strong>ipso</strong></span> <span class='ocrx_word' id='word_1_266' title='bbox 113 2766 193 2822; x_wconf 90' lang='lat' dir='ltr'><strong>bono</strong></span> <span class='ocrx_word' id='word_1_267' title='bbox 205 2765 308 2820; x_wconf 88' lang='lat' dir='ltr'><strong>beatus</strong></span> <span class='ocrx_word' id='word_1_268' title='bbox 324 2774 384 2835; x_wconf 87' lang='lat' dir='ltr'><strong>est,</strong></span> <span class='ocrx_word' id='word_1_269' title='bbox 397 2764 463 2820; x_wconf 84' lang='lat' dir='ltr'><strong>ideo</strong></span> <span class='ocrx_word' id='word_1_270' title='bbox 478 2765 541 2838; x_wconf 85' lang='lat' dir='ltr'><strong>ipse</strong></span> <span class='ocrx_word' id='word_1_271' title='bbox 554 2762 644 2816; x_wconf 81' lang='lat' dir='ltr'><strong>miser</strong></span> <span class='ocrx_word' id='word_1_272' title='bbox 657 2779 716 2816; x_wconf 90' lang='lat' dir='ltr'><strong>non</strong></span> <span class='ocrx_word' id='word_1_273' title='bbox 730 2770 924 2834; x_wconf 80' lang='lat' dir='ltr'><strong>potestesse,</strong></span> <span class='ocrx_word' id='word_1_274' title='bbox 939 2757 1080 2834; x_wconf 89' lang='lat' dir='ltr'><strong>quianon</strong></span> 
     </span>
     <span class='ocr_line' id='line_1_32' title="bbox 41 2849 347 2921; baseline 0.007 -21"><span class='ocrx_word' id='word_1_275' title='bbox 41 2865 69 2902; x_wconf 85' lang='lat' dir='ltr'><strong>sc</strong></span> <span class='ocrx_word' id='word_1_276' title='bbox 83 2857 184 2921; x_wconf 89' lang='lat' dir='ltr'><strong>potest</strong></span> <span class='ocrx_word' id='word_1_277' title='bbox 202 2849 347 2902; x_wconf 76' lang='grc' dir='ltr'>ιιιιίιιειι.</span> 
     </span>
    </p>

    <p class='ocr_par' dir='ltr' id='par_1_4' title="bbox 37 2927 1081 3835">
     <span class='ocr_line' id='line_1_33' title="bbox 78 2927 1079 3004; baseline -0.006 -18"><span class='ocrx_word' id='word_1_278' title='bbox 78 2929 214 2987; x_wconf 82' lang='lat' dir='ltr'><strong>Dicimus</strong></span> <span class='ocrx_word' id='word_1_279' title='bbox 226 2932 328 3004; x_wconf 86' lang='lat' dir='ltr'><strong>itaque</strong></span> <span class='ocrx_word' id='word_1_280' title='bbox 339 2927 575 2984; x_wconf 86' lang='lat' dir='ltr'><strong>incommutabile</strong></span> <span class='ocrx_word' id='word_1_281' title='bbox 586 2927 696 2983; x_wconf 91' lang='lat' dir='ltr'><strong>bonum</strong></span> <span class='ocrx_word' id='word_1_282' title='bbox 705 2945 765 2984; x_wconf 91' lang='lat' dir='ltr'><strong>non</strong></span> <span class='ocrx_word' id='word_1_283' title='bbox 776 2946 851 2999; x_wconf 87' lang='lat' dir='ltr'><strong>csse,</strong></span> <span class='ocrx_word' id='word_1_284' title='bbox 866 2928 1079 2985; x_wconf 81' lang='lat' dir='ltr'><strong>nisiunumve·</strong></span> 
     </span>
     <span class='ocr_line' id='line_1_34' title="bbox 41 3008 1080 3085; baseline -0.003 -18"><span class='ocrx_word' id='word_1_285' title='bbox 41 3030 100 3068; x_wconf 83' lang='lat' dir='ltr'><strong>rum</strong></span> <span class='ocrx_word' id='word_1_286' title='bbox 114 3013 236 3070; x_wconf 88' lang='lat' dir='ltr'><strong>beatum</strong></span> <span class='ocrx_word' id='word_1_287' title='bbox 249 3012 360 3069; x_wconf 89' lang='lat' dir='ltr'><strong>Deum:</strong></span> <span class='ocrx_word' id='word_1_288' title='bbox 375 3031 410 3068; x_wconf 89' lang='lat' dir='ltr'><strong>ca</strong></span> <span class='ocrx_word' id='word_1_289' title='bbox 422 3030 493 3068; x_wconf 87' lang='lat' dir='ltr'><strong>vcro</strong></span> <span class='ocrx_word' id='word_1_290' title='bbox 509 3028 583 3085; x_wconf 89' lang='lat' dir='ltr'><strong>quae</strong></span> <span class='ocrx_word' id='word_1_291' title='bbox 595 3009 675 3079; x_wconf 86' lang='lat' dir='ltr'><strong>facit,</strong></span> <span class='ocrx_word' id='word_1_292' title='bbox 690 3009 768 3066; x_wconf 89' lang='lat' dir='ltr'><strong>bona</strong></span> <span class='ocrx_word' id='word_1_293' title='bbox 781 3011 899 3084; x_wconf 86' lang='lat' dir='ltr'><strong>quidem</strong></span> <span class='ocrx_word' id='word_1_294' title='bbox 912 3028 988 3080; x_wconf 89' lang='lat' dir='ltr'><strong>esse,</strong></span> <span class='ocrx_word' id='word_1_295' title='bbox 1002 3008 1080 3083; x_wconf 90' lang='lat' dir='ltr'><strong>quod</strong></span> 
     </span>
     <span class='ocr_line' id='line_1_35' title="bbox 40 3090 1078 3168; baseline -0.001 -19"><span class='ocrx_word' id='word_1_296' title='bbox 40 3096 71 3149; x_wconf 85' lang='lat' dir='ltr'><strong>ab</strong></span> <span class='ocrx_word' id='word_1_297' title='bbox 85 3099 152 3168; x_wconf 90' lang='lat' dir='ltr'><strong>illo;</strong></span> <span class='ocrx_word' id='word_1_298' title='bbox 173 3104 377 3152; x_wconf 80' lang='lat' dir='ltr'><strong>verumtamen</strong></span> <span class='ocrx_word' id='word_1_299' title='bbox 393 3095 561 3165; x_wconf 88' lang='lat' dir='ltr'><strong>mutabilia,</strong></span> <span class='ocrx_word' id='word_1_300' title='bbox 575 3093 651 3168; x_wconf 90' lang='lat' dir='ltr'><strong>quod</strong></span> <span class='ocrx_word' id='word_1_301' title='bbox 665 3111 726 3150; x_wconf 87' lang='lat' dir='ltr'><strong>non</strong></span> <span class='ocrx_word' id='word_1_302' title='bbox 739 3093 775 3150; x_wconf 89' lang='lat' dir='ltr'><strong>de</strong></span> <span class='ocrx_word' id='word_1_303' title='bbox 788 3095 855 3166; x_wconf 92' lang='lat' dir='ltr'><strong>illo,</strong></span> <span class='ocrx_word' id='word_1_304' title='bbox 870 3093 922 3152; x_wconf 86' lang='lat' dir='ltr'><strong>sed</strong></span> <span class='ocrx_word' id='word_1_305' title='bbox 936 3093 971 3148; x_wconf 87' lang='lat' dir='ltr'><strong>de</strong></span> <span class='ocrx_word' id='word_1_306' title='bbox 986 3090 1078 3148; x_wconf 91' lang='lat' dir='ltr'><strong>nihilo</strong></span> 
     </span>
     <span class='ocr_line' id='line_1_36' title="bbox 40 3173 1079 3254; baseline -0.003 -23"><span class='ocrx_word' id='word_1_307' title='bbox 40 3177 113 3234; x_wconf 84' lang='lat' dir='ltr'><strong>facta</strong></span> <span class='ocrx_word' id='word_1_308' title='bbox 128 3189 208 3234; x_wconf 86' lang='lat' dir='ltr'><strong>sunt.</strong></span> <span class='ocrx_word' id='word_1_309' title='bbox 254 3179 429 3252; x_wconf 80' lang='lat' dir='ltr'><strong>Quanquam</strong></span> <span class='ocrx_word' id='word_1_310' title='bbox 443 3196 515 3254; x_wconf 79' lang='lat' dir='ltr'><strong>ergo</strong></span> <span class='ocrx_word' id='word_1_311' title='bbox 530 3195 641 3232; x_wconf 90' lang='lat' dir='ltr'><strong>summa</strong></span> <span class='ocrx_word' id='word_1_312' title='bbox 654 3195 716 3232; x_wconf 91' lang='lat' dir='ltr'><strong>non</strong></span> <span class='ocrx_word' id='word_1_313' title='bbox 729 3178 804 3234; x_wconf 84' lang='lat' dir='ltr'><strong>sint:</strong></span> <span class='ocrx_word' id='word_1_314' title='bbox 819 3179 924 3252; x_wconf 86' lang='lat' dir='ltr'><strong>quibus</strong></span> <span class='ocrx_word' id='word_1_315' title='bbox 939 3185 984 3232; x_wconf 87' lang='lat' dir='ltr'><strong>est</strong></span> <span class='ocrx_word' id='word_1_316' title='bbox 996 3173 1079 3234; x_wconf 80' lang='lat' dir='ltr'><strong>Dauo</strong></span> 
     </span>
     <span class='ocr_line' id='line_1_37' title="bbox 39 3257 1079 3337; baseline -0.002 -23"><span class='ocrx_word' id='word_1_317' title='bbox 39 3263 130 3317; x_wconf 86' lang='lat' dir='ltr'><strong>maius</strong></span> <span class='ocrx_word' id='word_1_318' title='bbox 144 3261 271 3318; x_wconf 87' lang='lat' dir='ltr'><strong>bonum:</strong></span> <span class='ocrx_word' id='word_1_319' title='bbox 297 3279 406 3337; x_wconf 82' lang='lat' dir='ltr'><strong>magno</strong></span> <span class='ocrx_word' id='word_1_320' title='bbox 419 3270 489 3316; x_wconf 88' lang='lat' dir='ltr'><strong>sunt</strong></span> <span class='ocrx_word' id='word_1_321' title='bbox 502 3269 599 3314; x_wconf 89' lang='lat' dir='ltr'><strong>tamen</strong></span> <span class='ocrx_word' id='word_1_322' title='bbox 613 3278 648 3314; x_wconf 92' lang='lat' dir='ltr'><strong>ea</strong></span> <span class='ocrx_word' id='word_1_323' title='bbox 660 3259 812 3314; x_wconf 87' lang='lat' dir='ltr'><strong>mutabilia</strong></span> <span class='ocrx_word' id='word_1_324' title='bbox 824 3259 919 3329; x_wconf 91' lang='lat' dir='ltr'><strong>bona,</strong></span> <span class='ocrx_word' id='word_1_325' title='bbox 938 3277 1013 3332; x_wconf 89' lang='lat' dir='ltr'><strong>quae</strong></span> <span class='ocrx_word' id='word_1_326' title='bbox 1027 3257 1079 3312; x_wconf 87' lang='lat' dir='ltr'><strong>ad-</strong></span> 
     </span>
     <span class='ocr_line' id='line_1_38' title="bbox 38 3340 1079 3418; baseline -0.003 -23"><span class='ocrx_word' id='word_1_327' title='bbox 38 3340 159 3401; x_wconf 87' lang='lat' dir='ltr'><strong>haerere</strong></span> <span class='ocrx_word' id='word_1_328' title='bbox 175 3353 316 3418; x_wconf 85' lang='lat' dir='ltr'><strong>possunt,</strong></span> <span class='ocrx_word' id='word_1_329' title='bbox 336 3353 369 3400; x_wconf 91' lang='lat' dir='ltr'><strong>ut</strong></span> <span class='ocrx_word' id='word_1_330' title='bbox 381 3345 466 3400; x_wconf 88' lang='lat' dir='ltr'><strong>beata</strong></span> <span class='ocrx_word' id='word_1_331' title='bbox 479 3344 553 3413; x_wconf 87' lang='lat' dir='ltr'><strong>sint,</strong></span> <span class='ocrx_word' id='word_1_332' title='bbox 579 3341 751 3398; x_wconf 90' lang='lat' dir='ltr'><strong>immutabili</strong></span> <span class='ocrx_word' id='word_1_333' title='bbox 770 3341 864 3412; x_wconf 88' lang='lat' dir='ltr'><strong>bono;</strong></span> <span class='ocrx_word' id='word_1_334' title='bbox 891 3340 968 3414; x_wconf 89' lang='lat' dir='ltr'><strong>quod</strong></span> <span class='ocrx_word' id='word_1_335' title='bbox 987 3357 1079 3412; x_wconf 84' lang='lat' dir='ltr'><strong>usque</strong></span> 
     </span>
     <span class='ocr_line' id='line_1_39' title="bbox 37 3422 1078 3498; baseline -0.008 -18"><span class='ocrx_word' id='word_1_336' title='bbox 37 3427 108 3482; x_wconf 79' lang='lat' dir='ltr'><strong>adeo</strong></span> <span class='ocrx_word' id='word_1_337' title='bbox 128 3429 244 3484; x_wconf 86' lang='lat' dir='ltr'><strong>bonurn</strong></span> <span class='ocrx_word' id='word_1_338' title='bbox 264 3446 365 3483; x_wconf 90' lang='lat' dir='ltr'><strong>eorum</strong></span> <span class='ocrx_word' id='word_1_339' title='bbox 382 3436 444 3498; x_wconf 82' lang='lat' dir='ltr'><strong>est,</strong></span> <span class='ocrx_word' id='word_1_340' title='bbox 471 3435 504 3480; x_wconf 95' lang='lat' dir='ltr'><strong>ut</strong></span> <span class='ocrx_word' id='word_1_341' title='bbox 521 3428 585 3482; x_wconf 83' lang='lat' dir='ltr'><strong>aine</strong></span> <span class='ocrx_word' id='word_1_342' title='bbox 608 3427 659 3480; x_wconf 92' lang='lat' dir='ltr'><strong>illo</strong></span> <span class='ocrx_word' id='word_1_343' title='bbox 678 3425 786 3480; x_wconf 84' lang='lat' dir='ltr'><strong>misera</strong></span> <span class='ocrx_word' id='word_1_344' title='bbox 808 3442 873 3478; x_wconf 84' lang='lat' dir='ltr'><strong>esse</strong></span> <span class='ocrx_word' id='word_1_345' title='bbox 892 3439 1012 3478; x_wconf 85' lang='lat' dir='ltr'><strong>necesse</strong></span> <span class='ocrx_word' id='word_1_346' title='bbox 1031 3422 1078 3474; x_wconf 88' lang='lat' dir='ltr'><strong>sit.</strong></span> 
     </span>
     <span class='ocr_line' id='line_1_40' title="bbox 37 3506 1079 3569; baseline -0.01 -6"><span class='ocrx_word' id='word_1_347' title='bbox 37 3506 97 3566; x_wconf 89' lang='lat' dir='ltr'><strong>Nec</strong></span> <span class='ocrx_word' id='word_1_348' title='bbox 118 3511 188 3568; x_wconf 86' lang='lat' dir='ltr'><strong>ideo</strong></span> <span class='ocrx_word' id='word_1_349' title='bbox 207 3519 326 3566; x_wconf 84' lang='lat' dir='ltr'><strong>caetera</strong></span> <span class='ocrx_word' id='word_1_350' title='bbox 343 3512 376 3568; x_wconf 92' lang='lat' dir='ltr'><strong>in</strong></span> <span class='ocrx_word' id='word_1_351' title='bbox 396 3509 449 3566; x_wconf 87' lang='lat' dir='ltr'><strong>hac</strong></span> <span class='ocrx_word' id='word_1_352' title='bbox 468 3519 619 3566; x_wconf 87' lang='lat' dir='ltr'><strong>creaturae</strong></span> <span class='ocrx_word' id='word_1_353' title='bbox 638 3507 831 3564; x_wconf 86' lang='lat' dir='ltr'><strong>universitate</strong></span> <span class='ocrx_word' id='word_1_354' title='bbox 854 3506 978 3560; x_wconf 89' lang='lat' dir='ltr'><strong>meliora</strong></span> <span class='ocrx_word' id='word_1_355' title='bbox 1000 3509 1079 3569; x_wconf 85' lang='lat' dir='ltr'><strong>sunt,</strong></span> 
     </span>
     <span class='ocr_line' id='line_1_41' title="bbox 38 3582 1081 3668; baseline -0.008 -22"><span class='ocrx_word' id='word_1_356' title='bbox 38 3595 104 3664; x_wconf 89' lang='lat' dir='ltr'><strong>quia</strong></span> <span class='ocrx_word' id='word_1_357' title='bbox 123 3597 237 3650; x_wconf 82' lang='lat' dir='ltr'><strong>misera</strong></span> <span class='ocrx_word' id='word_1_358' title='bbox 257 3613 322 3650; x_wconf 84' lang='lat' dir='ltr'><strong>esse</strong></span> <span class='ocrx_word' id='word_1_359' title='bbox 342 3614 402 3652; x_wconf 88' lang='lat' dir='ltr'><strong>nou</strong></span> <span class='ocrx_word' id='word_1_360' title='bbox 420 3602 552 3668; x_wconf 82' lang='lat' dir='ltr'><strong>possunt.</strong></span> <span class='ocrx_word' id='word_1_361' title='bbox 594 3592 697 3666; x_wconf 84' lang='lat' dir='ltr'><strong>Neque</strong></span> <span class='ocrx_word' id='word_1_362' title='bbox 718 3590 796 3645; x_wconf 89' lang='lat' dir='ltr'><strong>enim</strong></span> <span class='ocrx_word' id='word_1_363' title='bbox 814 3596 930 3643; x_wconf 86' lang='lat' dir='ltr'><strong>caetera</strong></span> <span class='ocrx_word' id='word_1_364' title='bbox 952 3582 1081 3638; x_wconf 87' lang='lat' dir='ltr'><strong>membra</strong></span> 
     </span>
     <span class='ocr_line' id='line_1_42' title="bbox 37 3666 1081 3749; baseline -0.01 -19"><span class='ocrx_word' id='word_1_365' title='bbox 37 3680 171 3749; x_wconf 84' lang='lat' dir='ltr'><strong>corporis</strong></span> <span class='ocrx_word' id='word_1_366' title='bbox 186 3679 300 3749; x_wconf 88' lang='lat' dir='ltr'><strong>nostri,</strong></span> <span class='ocrx_word' id='word_1_367' title='bbox 328 3679 393 3735; x_wconf 90' lang='lat' dir='ltr'><strong>ideo</strong></span> <span class='ocrx_word' id='word_1_368' title='bbox 413 3675 567 3733; x_wconf 86' lang='lat' dir='ltr'><strong>dicendum</strong></span> <span class='ocrx_word' id='word_1_369' title='bbox 586 3685 631 3732; x_wconf 88' lang='lat' dir='ltr'><strong>cst</strong></span> <span class='ocrx_word' id='word_1_370' title='bbox 648 3673 741 3732; x_wconf 85' lang='lat' dir='ltr'><strong>oculis</strong></span> <span class='ocrx_word' id='word_1_371' title='bbox 763 3689 828 3726; x_wconf 88' lang='lat' dir='ltr'><strong>esse</strong></span> <span class='ocrx_word' id='word_1_372' title='bbox 845 3669 982 3736; x_wconf 87' lang='lat' dir='ltr'><strong>meliora,</strong></span> <span class='ocrx_word' id='word_1_373' title='bbox 1011 3666 1081 3740; x_wconf 88' lang='lat' dir='ltr'><strong>quia</strong></span> 
     </span>
     <span class='ocr_line' id='line_1_43' title="bbox 38 3751 1080 3835; baseline -0.008 -25"><span class='ocrx_word' id='word_1_374' title='bbox 38 3775 126 3815; x_wconf 86' lang='lat' dir='ltr'><strong>caeca</strong></span> <span class='ocrx_word' id='word_1_375' title='bbox 140 3778 209 3815; x_wconf 84' lang='lat' dir='ltr'><strong>esse</strong></span> <span class='ocrx_word' id='word_1_376' title='bbox 224 3778 285 3816; x_wconf 91' lang='lat' dir='ltr'><strong>non</strong></span> <span class='ocrx_word' id='word_1_377' title='bbox 298 3771 429 3835; x_wconf 83' lang='lat' dir='ltr'><strong>possunt.</strong></span> <span class='ocrx_word' id='word_1_378' title='bbox 450 3757 535 3816; x_wconf 86' lang='lat' dir='ltr'><strong>Sicut</strong></span> <span class='ocrx_word' id='word_1_379' title='bbox 547 3768 647 3814; x_wconf 89' lang='lat' dir='ltr'><strong>autem</strong></span> <span class='ocrx_word' id='word_1_380' title='bbox 660 3756 762 3812; x_wconf 90' lang='lat' dir='ltr'><strong>melior</strong></span> <span class='ocrx_word' id='word_1_381' title='bbox 774 3762 819 3810; x_wconf 86' lang='lat' dir='ltr'><strong>ast</strong></span> <span class='ocrx_word' id='word_1_382' title='bbox 829 3760 935 3810; x_wconf 87' lang='lat' dir='ltr'><strong>natura</strong></span> <span class='ocrx_word' id='word_1_383' title='bbox 949 3751 1080 3808; x_wconf 84' lang='lat' dir='ltr'><strong>sentiens</strong></span> 
     </span>
    </p>
   </div>
   <div class='ocr_carea' id='block_1_3' title="bbox 39 3833 1080 3976">
    <p class='ocr_par' dir='ltr' id='par_1_5' title="bbox 39 3833 1080 3976">
     <span class='ocr_line' id='line_1_44' title="bbox 39 3833 1080 3976; baseline -0.006 -82"><span class='ocrx_word' id='word_1_384' title='bbox 39 3849 143 3898; x_wconf 81' lang='lat' dir='ltr'><strong>etcum</strong></span> <span class='ocrx_word' id='word_1_385' title='bbox 156 3842 249 3914; x_wconf 88' lang='lat' dir='ltr'><strong>dolet,</strong></span> <span class='ocrx_word' id='word_1_386' title='bbox 264 3861 350 3918; x_wconf 89' lang='lat' dir='ltr'><strong>quam</strong></span> <span class='ocrx_word' id='word_1_387' title='bbox 361 3846 433 3919; x_wconf 89' lang='lat' dir='ltr'><strong>lapis</strong></span> <span class='ocrx_word' id='word_1_388' title='bbox 447 3844 496 3917; x_wconf 87' lang='lat' dir='ltr'><strong>qui</strong></span> <span class='ocrx_word' id='word_1_389' title='bbox 506 3842 605 3898; x_wconf 85' lang='lat' dir='ltr'><strong>dolere</strong></span> <span class='ocrx_word' id='word_1_390' title='bbox 619 3841 699 3898; x_wconf 91' lang='lat' dir='ltr'><strong>nullo</strong></span> <span class='ocrx_word' id='word_1_391' title='bbox 713 3837 797 3976; x_wconf 53' lang='lat' dir='ltr'><strong>mzodg</strong></span> <span class='ocrx_word' id='word_1_392' title='bbox 810 3844 922 3911; x_wconf 86' lang='lat' dir='ltr'><strong>potest:</strong></span> <span class='ocrx_word' id='word_1_393' title='bbox 936 3836 978 3892; x_wconf 89' lang='lat' dir='ltr'><strong>ita</strong></span> <span class='ocrx_word' id='word_1_394' title='bbox 990 3833 1080 3892; x_wconf 91' lang='lat' dir='ltr'><strong>ratio-</strong></span> 
     </span>
    </p>
   </div>
   <div class='ocr_carea' id='block_1_4' title="bbox 0 0 1292 4396">
    <p class='ocr_par' dir='ltr' id='par_1_6' title="bbox 0 0 1292 4396">
     <span class='ocr_line' id='line_1_45' title="bbox 0 0 1292 4396; baseline 0 2"><span class='ocrx_word' id='word_1_395' title='bbox 0 0 1292 4396; x_wconf 95' lang='lat' dir='ltr'><strong> </strong></span> 
     </span>
    </p>
   </div>
  </div>
 </body>
</html>
