2576 4396
246 213 305 274 DE
329 211 545 272 ClVlTAl'E
568 213 648 272 DEl
669 215 750 273 LlB.
772 217 833 276 Xl.
1001 225 1058 284 ³31

28 389 78 446 pus
92 365 222 434 dicitur,
238 364 318 419 aliud
330 365 453 440 qualitas
467 365 547 437 eius,
564 383 621 441 qua
633 366 857 441 incorruptibile
870 385 1062 448 nuncupatur.

27 452 63 510 Et
81 449 148 506 ideo
167 448 259 503 etiam
278 449 321 502 sie
334 464 394 504 non
407 445 462 504 boc
475 457 521 504 eat
535 447 612 522 quod
625 447 720 505 babet.
744 453 849 509 Anima
862 471 977 530 quoque
990 459 1063 532 ipsa,

29 533 141 592 etiamsi
159 548 278 606 semper
291 531 330 587 sit
341 532 474 607 sapiens,
501 533 580 588 sieut
592 533 650 588 erit
662 551 727 590 cum
740 535 911 592 liberabitur
925 540 956 594 in
969 549 1064 596 aeter-

29 631 110 688 num;
139 611 239 690 [sicut
252 615 310 669 erit
322 631 388 670 cum
401 633 418 670 a
430 616 580 690 praesenti
593 616 712 672 miseria
731 617 902 676 liberabitur
920 621 951 677 in
971 631 1066 678 aeter-

28 715 110 771 num3
135 698 207 774 quia
224 697 297 753 licet
312 706 384 754 tunc
401 699 518 774 sapiens
532 699 572 755 sit
587 699 621 758 in
634 701 817 780 aeternum]
842 705 1068 781 participatione

27 795 124 839 tamen
152 779 402 836 incommutabilia
425 782 588 856 sapientiae
609 785 726 858 sapiens
749 787 823 858 erit,
850 803 925 863 quae
943 799 1069 846 nonest

28 865 103 941 quod
121 865 197 940 ipsa.
241 862 343 938 Neque
356 865 435 920 enim
448 866 475 920 si
488 869 539 921 aer
551 865 649 923 infusa
661 869 727 923 luce
739 885 887 948 nunquam
902 869 1067 943 deseratur,

27 951 89 1004 ideo
103 965 166 1004 non
180 945 261 1003 aliud
275 955 320 1020 est
332 947 411 1021 ipse,
435 947 513 1004 aliud
526 950 577 1005 lux
591 945 650 1025 qua
662 951 852 1008 illuminatur.
896 953 998 1030 Neque
1012 953 1067 1010 hoe

28 1035 66 1088 ita
80 1031 227 1101 dixerim,
242 1029 326 1103 quasi
345 1035 395 1086 air
413 1031 453 1086 sit
469 1034 581 1090 anima:
605 1032 683 1108 quod
695 1044 874 1108 putaverunt
885 1036 1003 1112 quidam
1016 1040 1068 1113 qui

28 1135 84 1172 non
95 1120 257 1190 potuerunt
266 1113 471 1187 incorpoream
491 1117 623 1192 cogitare
636 1125 781 1172 naturam.
825 1116 884 1174 Sed
897 1117 984 1175 babet
995 1119 1067 1177 baec

29 1200 61 1253 ad
74 1201 125 1253 illa
139 1197 226 1252 etiam
242 1197 274 1251 in
287 1213 394 1274 magna
407 1197 600 1272 disparilitate
614 1199 761 1272 quandam
774 1199 1011 1272 similitudinem,
1035 1213 1069 1258 ut

29 1301 85 1338 non
103 1281 351 1336 inconvenienter
370 1278 502 1350 dicatur,
530 1282 572 1336 aie
596 1281 759 1337 illuminari
781 1285 908 1338 animam
929 1283 1068 1358 incorpo-

28 1383 105 1420 ream
117 1365 186 1418 luce
200 1363 374 1436 incorporea
386 1363 529 1437 simplicia
542 1365 704 1436 sapientiae
716 1361 784 1436 Dei,
798 1366 874 1420 sicut
886 1367 1069 1422 illuminatur

27 1449 101 1504 airis
119 1463 226 1520 eorpus
247 1448 314 1502 luce
327 1459 483 1521 corporea3
508 1455 540 1502 et
557 1447 635 1502 sicut
659 1451 710 1503 air
727 1449 907 1504 tenebrescit
925 1449 985 1504 ista
1005 1450 1069 1504 lnce

27 1532 172 1597 desertus,
185 1522 272 1605 (nam
285 1527 359 1584 nibil
372 1536 444 1585 sunt
455 1529 535 1586 aliud
546 1547 623 1605 qaae
636 1528 775 1587 di'cuntur
787 1532 918 1588 locorum
930 1549 1066 1607 quorum-

27 1630 139 1687 cunque
150 1613 347 1684 corporalium
358 1612 515 1684 tenebrae,
538 1629 625 1689 quam
639 1617 690 1668 air
703 1632 807 1671 cerem
820 1609 902 1692 luce)
928 1615 970 1671 ita
983 1624 1064 1670 tene-

26 1697 159 1752 brescere
174 1695 303 1750 animam
314 1696 475 1768 sapientiae
487 1697 554 1752 luce
565 1697 719 1771 privatam.

90 1776 261 1834 Secundum
272 1775 328 1832 boc
342 1795 413 1856 ergo
428 1777 568 1836 dicuntur
580 1779 632 1836 illa
644 1781 806 1854 simplicia,
832 1797 906 1856 quae
919 1780 1065 1856 principa·

29 1863 92 1917 liter
109 1878 239 1935 vereque
261 1860 363 1916 dimna
380 1871 466 1934 sunt,
492 1861 571 1938 quod
588 1879 650 1921 non
670 1863 750 1920 aliud
768 1865 857 1921 estin
870 1865 915 1919 eis
930 1865 1067 1938 qualitas,

28 1945 103 2001 aliud
115 1944 298 2014 substantia,
326 1961 382 2000 ncc
402 1946 526 2001 aliorum
546 1947 789 2022 participatione,
816 1949 864 2003 rel
877 1945 993 2018 divina,
1019 1947 1067 2002 vel

28 2028 188 2102 sapientia,
214 2029 263 2082 rel
287 2026 372 2082 beata
392 2036 469 2084 sunt·
502 2027 657 2085 Caeterum
675 2029 771 2085 dietam
789 2031 884 2085 estin
905 2027 1067 2102 Scripturis

29 2113 138 2166 sanctis
152 2108 283 2183 Spiritus
303 2111 464 2184 sapientiae
477 2112 651 2185 multiplex,
676 2111 805 2186 eoquod
819 2113 911 2167 multa
924 2112 956 2166 in
971 2129 1003 2165 se
1015 2108 1067 2164 laa-

28 2195 111 2250 beat:
126 2192 179 2248 aed
191 2209 269 2267 quae
282 2191 385 2265 babet,
399 2191 471 2249 baec
483 2202 515 2250 et
528 2203 583 2264 eat,
597 2203 627 2250 et
639 2213 675 2250 ea
688 2195 786 2250 omnia
799 2211 876 2250 unus
890 2201 944 2248 est.
966 2189 1068 2267 Neque

28 2279 104 2332 enim
118 2277 245 2346 multae,
265 2275 320 2330 sed
333 2293 393 2333 una
406 2278 551 2351 sapientia
565 2285 626 2350 est,
652 2279 684 2334 in
698 2295 757 2353 qua
770 2286 840 2334 sunt
852 2277 989 2332 immensi
1002 2277 1067 2350 qui-

27 2360 92 2416 dam
114 2367 204 2434 atque
226 2357 340 2414 infiniti
361 2357 493 2416 thesauri
516 2377 616 2416 rerum
641 2361 889 2438 intelligibilium,
915 2361 948 2416 in
961 2357 1067 2434 quibus

28 2452 95 2499 sunt
117 2459 221 2498 omncs
246 2441 408 2498 invisibiles
428 2449 516 2516 atque
532 2443 787 2499 incommutabiles
806 2445 938 2498 rationes
954 2459 1066 2510 rerum,

28 2529 115 2581 etiam
144 2523 306 2581 visibilium
329 2533 361 2580 et
384 2523 577 2593 mutabilium,
605 2542 681 2598 quae
692 2542 746 2597 per
763 2526 856 2597 ipsam
873 2524 968 2579 iactae
988 2531 1065 2576 tunt.

28 2610 173 2676 Quoniam
183 2605 267 2663 Deus
281 2625 341 2664 non
354 2604 467 2681 aliquid
480 2606 617 2660 nesciens
632 2603 712 2676 iecit,
728 2604 804 2678 quod
817 2623 873 2660 nec
886 2604 923 2658 de
936 2603 1066 2677 quolibet

27 2691 144 2748 bomine
153 2689 270 2747 artifice
280 2699 361 2746 recte
375 2690 433 2745 dici
449 2695 561 2762 potest:
575 2705 663 2761 porro
674 2689 700 2742 si
714 2688 811 2743 sciens
825 2677 896 2742 fce'it
909 2687 1018 2755 omnia,
1032 2701 1066 2740 ea

27 2777 126 2849 utique
140 2773 213 2829 iecit
227 2789 300 2847 quae
314 2781 447 2829 noverat.
468 2769 517 2826 Ex
531 2789 587 2845 quo
603 2771 732 2826 occurrit
745 2771 844 2826 animo
862 2767 998 2844 quiddam
1010 2768 1065 2823 mi-

27 2876 109 2928 rum,
124 2855 177 2912 scd
190 2863 290 2910 tamen
302 2873 416 2926 verum,
430 2851 506 2930 quod
519 2855 577 2910 iste
589 2852 714 2909 mundus
728 2853 812 2910 nobis
826 2862 913 2910 notus
927 2869 990 2908 esse
1005 2869 1065 2908 non

28 2947 142 3012 posset,
156 2939 216 2995 nisi
229 2947 323 3012 esset3
336 2937 401 2995 Deo
413 2946 512 2994 autem
526 2937 586 2994 nisi
598 2944 684 2993 notus
699 2945 789 3009 essct,
803 2955 870 2993 esse
882 2954 943 2994 non
955 2945 1063 3013 posset.

435 3099 556 3160 CAP.
599 3099 668 3158 Xl.

28 3199 66 3252 Αιι
76 3201 133 3252 eiua
145 3197 343 3280 beutitpdiuia,⁸
354 3211 434 3278 quam
449 3196 647 3279 sonctidngeli
661 3197 695 3248 ab
709 3196 790 3252 initio
800 3199 844 3251 aui
853 3213 954 3267 semper
964 3197 1062 3250 babue-

26 3279 101 3334 runt,
120 3269 206 3322 etiam
225 3269 286 3320 allos
301 3275 415 3334 sparatus
433 3282 479 3334 qua
494 3283 523 3320 sn
537 3275 656 3318 perstate
672 3283 725 3319 noa
743 3276 893 3330 steterunt,
909 3267 1062 3335 participes

378 3334 469 3407 saitae
483 3336 641 3389 credendum
651 3336 696 3388 ait.

83 3447 167 3513 Quae
182 3461 251 3500 cum
264 3441 307 3496 ita
320 3442 398 3512 sint,
424 3442 505 3497 nullo
523 3440 639 3514 quidem
657 3439 744 3496 modo
763 3439 925 3496 seeundum
942 3438 1061 3510 aliquod

27 3530 162 3604 temporis
178 3526 306 3600 spatium
318 3525 400 3597 prius
415 3530 501 3579 erant
512 3524 557 3578 illi
572 3525 691 3598 spiritus
706 3521 862 3590 tenebrae,
883 3537 955 3593 quos
968 3529 1060 3594 ange-

27 3613 65 3666 los
79 3612 224 3668 dicimus:
240 3605 290 3663 sed
301 3607 390 3662 simul
403 3615 437 3663 ut
449 3605 521 3661 iacti
534 3615 620 3677 suut,
633 3607 687 3661 lux
700 3604 771 3660 facti
784 3609 869 3657 sunt:
889 3618 949 3655 non
963 3607 1061 3660 tamen

27 3695 62 3749 ita
76 3704 195 3751 tantum
209 3689 318 3761 creati,
343 3698 376 3744 ut
392 3706 507 3764 quoquo
526 3688 612 3745 modo
638 3695 754 3757 essent,
781 3693 810 3740 et
833 3699 949 3757 quoquo
966 3682 1063 3739 modo

26 3777 176 3848 viverent3
218 3771 381 3828 sedetiam
406 3771 578 3842 illuminati,
616 3779 649 3826 ut
673 3769 821 3842 sapienter
848 3765 990 3840 beateque
1014 3767 1060 3822 vi-

27 3870 135 3918 verent.
180 3857 225 3914 Ab
239 3853 293 3912 hac
307 3854 522 3910 illuminatione
548 3854 644 3909 aversi
662 3848 777 3928 quidam
796 3850 911 3928 angeli,
934 3867 994 3908 non
1008 3848 1059 3904 ob·
