2530 4392
110 227 113 236 ,
167 197 217 256 oa
246 193 465 254 crvrrnrn
492 193 575 252 om
599 193 680 250 cm.
707 193 802 250 xrx.
943 201 1004 256 aaa

49 375 57 409 ι
70 353 164 410 bonum
176 369 234 406 esse
250 349 463 428 cognoverint,
478 347 624 423 digneque
639 343 833 402 laudaverint.
870 346 1005 425 Denique

49 455 120 514 pram
131 433 250 492 mirabile
264 431 374 508 aliquid
387 441 475 505 atquc
488 429 661 486 incredibile
671 430 849 504 prolaturus.
888 431 1004 500 „Prae-

49 541 56 578 r
69 521 226 596 opinionem,
240 517 354 592 inquit,
368 514 498 592 profecto
514 512 687 588 quibusdam
699 511 835 569 videatur
848 530 912 569 esse
927 515 1005 588 quod

49 606 113 662 cturi
125 621 221 660 sumus.
246 599 395 658 Christum
411 598 490 654 enim
503 595 545 652 dii
558 597 723 672 piissimum
739 597 1007 671 pronuntiaverunt

53 688 226 744 immortalem
239 685 367 754 factum,
382 693 411 738 et
426 700 491 737 cum
504 679 581 737 bona
594 679 815 754 praedicatione
829 681 891 735 eius
904 683 1007 736 memi-

49 780 127 828 runt:
152 769 327 828 Christianos
340 784 412 824 vcro
425 765 569 840 pollutos,
595 765 710 840 inquit,
736 773 766 820 ct
779 765 1007 835 contaminatos,

60 873 151 912 errore
171 855 330 928 implicatos
354 868 418 906 esse
440 847 559 920 dieunt3
584 857 613 904 et
624 848 723 904 multis
744 847 852 904 talibus
866 847 1008 905 adversus

49 959 58 996 s
69 937 238 1013 blasphemiis
249 935 408 992 utuntur.“
453 931 569 990 Deinde
584 931 702 988 subiicit
715 933 795 988 velut
808 930 930 986 deorum
943 949 1009 988 ora-

63 1020 309 1096 blaspbemantium
323 1017 517 1076 Christianos.
559 1013 600 1072 Et
612 1014 778 1090 posthaec:
804 1014 879 1085 „De
894 1012 1010 1071 Christo

49 1118 111 1178 tem,
124 1106 228 1181 inquit,
241 1101 496 1181 interrogantibus
510 1101 536 1156 si
550 1108 595 1156 est
607 1097 705 1170 Deus,
720 1099 762 1154 ait
774 1096 901 1156 Hecate:
930 1099 1010 1164 Quo-

49 1211 85 1249 rm
96 1189 204 1266 quidem
217 1187 389 1245 immortalis
403 1187 501 1243 anima
514 1192 582 1260 post
602 1201 707 1257 corpus
722 1191 754 1238 ut
772 1181 896 1253 incedit,
921 1182 1011 1249 nosti,

49 1275 171 1350 apientia
183 1281 279 1330 autem
292 1271 421 1328 abscissa
435 1285 550 1342 semper
563 1275 652 1338 errat,
666 1267 724 1322 viri
736 1265 845 1338 pictate
857 1273 1011 1338 praestan·
1107 1282 1115 1292 ’

49 1359 108 1416 rimi
132 1366 174 1414 est
198 1358 247 1414 illa
274 1356 386 1424 anima,
418 1353 493 1410 banc
518 1353 620 1408 colunt
642 1351 743 1406 aliena
762 1365 779 1404 a
799 1366 830 1402 se
848 1347 1012 1404 veritate.“

49 1443 96 1500 ide
117 1450 181 1517 post
202 1439 291 1498 verba
313 1437 401 1494 buius
425 1437 511 1513 quasi
533 1435 647 1492 oraculi
667 1451 721 1489 sua
743 1433 806 1507 ipse
833 1440 1011 1488 contexens:

50 1528 165 1583 ssimum
178 1526 270 1604 igitur
279 1524 395 1594 virum,
421 1521 535 1596 inquit,
558 1537 626 1574 eum
637 1517 729 1588 dixit,
756 1525 786 1572 et
799 1516 861 1570 eius
875 1515 1013 1584 animam,

49 1621 80 1667 ut
93 1619 121 1666 ct
133 1611 254 1667 aliorum
266 1609 396 1684 piorum,
422 1613 489 1680 post
510 1603 620 1659 obitum
638 1600 858 1658 immortalitate
878 1597 1014 1654 donatam

49 1690 150 1768 nata],
178 1701 207 1748 et
224 1691 300 1748 hanc
322 1691 419 1746 colere
436 1686 620 1745 Christianos
644 1687 818 1762 ignorantes
843 1674 1014 1758 [errantes].

49 1776 253 1856 arrogantibus
266 1783 385 1845 autem,
400 1773 512 1848 inquit,
526 1769 585 1827 Cur
599 1787 670 1848 argo
683 1767 837 1824 damnatus
852 1759 914 1820 esti
939 1762 1015 1818 Ora·
1069 1821 1071 1824 ,
1138 1831 1141 1840 .

49 1860 230 1936 orespondit
243 1858 310 1930 dea,
337 1856 449 1933 Corpus
473 1853 590 1931 quidem
614 1849 836 1910 debilitantibus
860 1847 1015 1905 tormentis

49 1965 112 2022 rper
134 1944 297 2020 oppositum
317 1951 376 1998 est:
404 1942 501 1998 anima
514 1948 611 1994 autem
628 1939 743 2012 piorum
757 1933 878 1989 coelesti
892 1929 954 1986 sedi
969 1931 1016 1984 in-

49 2041 84 2086 at.
127 2028 182 2085 llla
193 2045 265 2084 vero
279 2027 377 2082 anima
391 2025 457 2080 aliis
472 2021 624 2080 animabus
639 2020 767 2074 fataliter
789 2014 884 2082 dedit,
911 2012 1016 2086 quibus

49 2136 57 2170 ι
73 2133 134 2170 non
148 2119 317 2168 annuerunt
330 2107 452 2164 deorum
466 2105 600 2162 obtinere
613 2102 706 2170 dona,
735 2115 830 2170 neque
851 2093 959 2149 babere
971 2091 1017 2146 lo-

56 2197 231 2254 immcrtalis
245 2193 446 2272 agnitionem,
461 2205 561 2244 errore
574 2184 727 2259 implicari.
771 2177 933 2253 Propterea
947 2193 1017 2252 crgo

49 2303 52 2335 ι
69 2282 170 2339 exosi:
198 2281 268 2354 qnia
281 2275 385 2352 quibus
398 2273 459 2330 lato
479 2288 539 2328 non
553 2269 609 2326 luit
623 2283 711 2324 nosse
723 2262 835 2332 Deum,
863 2278 919 2316 nec
943 2257 1019 2314 dona

49 2368 82 2421 iis
97 2366 251 2440 accipere,
277 2361 323 2417 his
335 2359 464 2416 fataliter
478 2351 558 2410 dedit
571 2353 627 2408 iste
641 2367 742 2408 errore
755 2345 908 2420 implicari.
953 2341 1018 2416 lpse

49 2470 63 2506 o
77 2451 159 2525 pius,
175 2457 205 2502 et
218 2447 251 2502 in
265 2446 390 2511 coelum,
405 2442 483 2496 sicut
495 2439 554 2514 pii,
570 2435 724 2492 concessit.
747 2430 849 2504 ltaque
861 2425 939 2484 hunc
953 2425 1019 2500 qui-

49 2556 58 2590 ι
75 2551 137 2590 non
151 2525 387 2603 blasphemabis,
414 2521 601 2580 misereberis
620 2527 717 2576 autem
737 2513 887 2570 hominum
900 2509 1019 2564 demen-

49 2639 81 2688 n,
99 2633 138 2671 cx
154 2633 190 2670 eo
204 2615 237 2670 in
251 2614 293 2668 eis
308 2611 394 2668 facilc
407 2622 605 2684 praecepsque
617 2597 811 2678 periculum.“

49 2702 107 2768 luis
125 2701 170 2755 ita
186 2700 296 2754 stultus
310 2704 366 2764 est,
380 2702 485 2748 utnon
498 2688 647 2764 intelligat
660 2691 711 2740 aut
725 2681 759 2738 ab
772 2678 890 2735 homine
905 2673 1021 2745 callido,

49 2805 61 2840 e
76 2781 262 2842 Christianis
275 2776 481 2836 inimicissimo
495 2770 568 2828 haec
583 2769 701 2826 oracula
714 2763 807 2822 fuisse
821 2758 957 2830 conficta,
972 2765 1023 2814 aut

49 2870 97 2924 lio
114 2867 211 2922 simili
223 2865 260 2921 ab
273 2861 397 2938 impuris
412 2853 600 2916 daemonibus
621 2854 678 2908 ista
696 2849 788 2906 luisse
806 2857 962 2918 responsa3
990 2849 1023 2897 ut

49 2962 83 3008 et
97 2950 245 3026 quoniam
257 2947 379 3006 laudant
393 2942 558 3012 Christum,
584 2945 739 3013 propterea
758 2928 917 2988 credantur
936 2941 1022 2982 vcra-

52 3037 238 3106 vituperare
252 3027 454 3099 Christianam
469 3035 556 3100 atque
569 3023 626 3094 ito,
642 3021 668 3078 si
680 3017 811 3093 possint,
825 3008 1025 3070 intercludant

67 3117 183 3175 salutis
210 3125 368 3186 aeternae,
395 3114 427 3168 in
441 3128 498 3184 qua
511 3107 545 3164 fit
558 3107 682 3181 quisque
696 3090 900 3160 Christianusl
945 3091 1024 3150 Suae

49 3223 74 3258 ,ο
94 3199 235 3258 nocendi
252 3199 380 3256 astutiae
399 3189 566 3250 milleformi
588 3187 722 3244 sentiunt
742 3201 802 3238 non
821 3197 885 3236 esse
906 3185 1024 3234 contra-

49 3329 55 3358 ,
76 3286 106 3342 si
123 3283 269 3340 credatur
283 3283 326 3338 eis
338 3275 526 3335 laudantibus
540 3269 705 3337 Christum,
729 3263 797 3320 dum
809 3271 907 3318 tamen
922 3256 1025 3314 creda-

49 3371 136 3426 tiam
162 3363 400 3442 vituperantibus
423 3357 629 3424 Christianos,
654 3358 688 3406 ut
710 3363 778 3402 eum
796 3345 847 3418 qui
869 3349 1026 3412 utrumque

49 3453 146 3524 derit,
162 3453 257 3507 talem
271 3447 381 3506 Christi
394 3441 506 3497 faciant
519 3434 712 3500 laudatorem,
725 3445 764 3486 na
777 3427 849 3484 velit
863 3440 927 3478 esse
942 3418 1028 3476 Chri-

49 3555 98 3593 as:
116 3554 156 3592 ae
173 3535 220 3590 sie
234 3531 367 3608 quamvis
381 3526 416 3582 ab
431 3526 480 3582 illo
494 3519 646 3588 laudatus,
660 3515 695 3570 ab
709 3513 834 3568 istorum
846 3516 945 3562 tamen
959 3503 1027 3558 dae-

49 3641 88 3677 m
101 3618 268 3674 dominatu
282 3633 349 3672 eum
361 3629 422 3668 non
435 3607 540 3664 liberet
551 3599 695 3659 Christus.
718 3591 897 3652 Praesertim
910 3588 977 3662 quia
988 3587 1030 3641 ita

49 3713 88 3761 nt
106 3701 288 3772 Christum,
302 3707 334 3754 ut
348 3693 479 3770 quisquis
493 3691 524 3744 in
539 3703 605 3742 eum
624 3683 714 3739 talem
732 3673 906 3744 crediderit,
935 3669 1030 3746 qualis

49 3808 55 3843 ι
71 3783 298 3862 praedicatur,
313 3777 498 3837 Christianus
511 3787 600 3828 verus
614 3784 674 3824 non
688 3765 744 3833 sit,
771 3757 823 3816 sed
835 3755 1031 3813 Photinianus

51 3874 165 3942 tieus,
189 3869 242 3945 qui
255 3857 456 3922 tantummodo
470 3855 635 3923 bonrinem,
659 3867 718 3906 non
733 3846 820 3902 etiam
834 3841 928 3900 Deum
942 3852 1032 3920 nove·
