2586 4396
228 215 268 272 30
460 204 558 266 DlVl
580 203 768 263 avnnnn
790 205 1051 268 AV'GVSTINl

230 363 390 442 praecessit
405 361 581 434 exemplum,
595 359 728 436 singulos
742 377 874 435 quosque
888 361 1036 431 admonet,
1049 373 1083 420 ut
1093 366 1153 422 viri
1163 385 1264 426 uxores
1280 369 1281 376 ’

229 466 296 508 suas
311 447 444 522 diligant.

585 603 708 684 cap
751 601 916 662 xxus

231 702 273 756 An
294 702 375 754 etiam
393 701 423 752 s'n
440 698 571 766 paradiso
588 701 772 767 generandum
787 701 901 773 fuisset,
921 705 945 756 si
965 722 1039 758 neoto
1056 693 1213 774 peccdsset3
1232 727 1266 763 on

300 779 394 822 otram
404 777 499 820 eontra
510 775 600 820 aetum
611 767 730 822 libidinis
738 780 899 852 pugnaturo
909 773 1075 846 illicfito's'set
1085 779 1204 830 traditio

676 848 820 891 eaststotss.

294 945 435 1016 Quisquis
449 951 546 998 autem
560 941 631 998 dicit
643 961 704 998 non
718 942 809 998 fuisse
823 949 968 1019 coituros,
993 968 1047 1005 nec
1066 961 1266 1029 generaturos,

231 1030 290 1085 nisi
303 1034 490 1102 peccassent,
506 1025 575 1098 quid
588 1023 676 1096 dicit,
691 1026 749 1080 nisi
763 1038 884 1101 propter
897 1035 1140 1090 numerositatem
1154 1047 1265 1093 sancto-

230 1131 297 1168 rum
316 1109 515 1165 necessarium
535 1106 661 1163 hominis
672 1109 772 1164 inisse
789 1110 960 1184 peecatumi
985 1113 1018 1171 si
1036 1118 1117 1173 enim
1130 1135 1193 1174 uon
1204 1135 1267 1194 pec-

231 1193 325 1250 cando
340 1193 395 1246 soli
408 1199 608 1262 remanerent,
624 1194 703 1265 quia,
717 1193 794 1248 siout
805 1203 920 1268 putant,
934 1197 994 1252 nisi
1007 1211 1198 1274 peccassent,
1220 1223 1266 1280 ge-

231 1293 337 1333 nerare
351 1293 410 1330 non
423 1282 556 1348 possent3
568 1273 701 1350 proiecto
714 1283 820 1332 utnon
834 1279 889 1334 soli
902 1279 960 1335 duo
973 1283 1044 1338 iusti
1057 1281 1193 1340 honsines
1205 1305 1267 1360 pos-

230 1367 297 1416 sent
311 1375 389 1429 esse,
411 1356 462 1412 sed
479 1359 580 1426 multi,
601 1359 800 1414 necessarium
812 1371 962 1435 peccatum
975 1365 1040 1421 fuit.
1069 1367 1159 1433 Quod
1172 1369 1198 1423 si
1211 1387 1267 1424 cre·

231 1441 300 1498 dere
313 1439 470 1498 absurdum
484 1448 546 1512 est,
559 1440 630 1496 illud
642 1443 740 1516 potius
754 1451 800 1498 est
812 1443 998 1519 credendum,
1013 1448 1089 1522 quod
1102 1460 1268 1508 sauctorum

230 1541 371 1580 numerus
393 1531 522 1596 quantus
542 1523 728 1596 complendae
746 1527 793 1580 illi
811 1527 918 1584 sufficit
936 1529 1121 1588 beatissimae
1141 1532 1267 1602 Civitati,

230 1615 330 1661 tantus
345 1605 514 1675 exsisteret,
541 1607 600 1660 etsi
617 1623 703 1662 nemo
720 1620 887 1683 peccasset,
914 1623 1039 1688 quantus
1058 1633 1138 1672 nunc
1152 1633 1207 1690 per
1219 1616 1267 1674 Dei

231 1689 357 1765 gretiam
375 1685 411 1742 dc
428 1685 615 1744 multitudine
634 1691 783 1768 colligitur
801 1703 1004 1770 peccatorum,
1031 1715 1088 1774 quo
1109 1717 1206 1776 usqne
1221 1701 1268 1757 filii

231 1768 317 1826 huius
331 1770 443 1825 saeculi
455 1779 600 1846 generant
613 1781 644 1828 et
656 1785 844 1850 generantur.

293 1851 334 1908 Et
346 1850 411 1907 ideo
424 1853 492 1908 illae
505 1855 626 1926 nuptiae
639 1854 746 1933 dignae
760 1857 900 1916 felicitate
914 1861 1056 1934 paradisi,
1082 1865 1110 1919 si
1121 1876 1270 1939 peccatum

231 1954 291 1992 non
302 1935 417 2007 fnisset,
430 1943 460 1990 et
468 1934 646 2013 diligendam
656 1941 767 2014 prolem
778 1943 947 2020 gignerent,
962 1953 991 2000 et
998 1945 1168 2020 pudendam
1179 1949 1269 2006 libidi-

230 2037 298 2076 nem
310 2037 372 2075 non
384 2015 535 2075 baberent.
562 2017 621 2076 Sed
634 2023 777 2098 quomodo
796 2025 827 2080 id
840 2025 905 2082 fieri
921 2037 1036 2102 posset,
1056 2047 1138 2086 nunc
1152 2051 1215 2090 non
1233 2025 1281 2088 est³

231 2121 287 2177 quo
302 2102 516 2158 demonstretur
533 2107 674 2179 exemplo.
710 2105 779 2162 Nec·
791 2107 857 2184 ideo
876 2117 973 2166 tamen
993 2111 1170 2170 incredibile
1191 2116 1271 2172 debet

229 2184 340 2257 videri,
368 2187 457 2241 etiam
477 2185 551 2241 illud
570 2203 662 2243 sonum
682 2189 746 2244 sine
763 2191 821 2246 ista
837 2191 959 2249 libidine
977 2196 1124 2252 volantati
1142 2201 1281 2272 potuisse,

231 2269 352 2338 servire,
367 2270 414 2322 cui
428 2277 472 2322 tot
484 2268 613 2324 membra
626 2287 705 2326 nnnc
718 2275 861 2330 serviunt.
879 2277 925 2332 An
937 2295 1008 2334 vero
1022 2295 1126 2334 manus
1143 2291 1178 2338 et
1190 2283 1271 2358 pedes

230 2365 390 2420 moremus,
405 2365 494 2422 quum
508 2351 654 2422 volumus,
668 2352 705 2407 ad
719 2371 752 2409 eo
766 2373 839 2428 quae
852 2356 899 2414 his
911 2361 1047 2416 membris
1061 2363 1184 2439 agenda
1198 2377 1281 2433 sunt,

231 2431 296 2486 sine
310 2433 371 2486 ullo
384 2431 504 2502 renisu,
526 2441 610 2488 tanta
626 2433 786 2508 facilitate,
809 2450 919 2514 quanta
932 2444 1005 2499 etin
1018 2444 1103 2500 nobis
1117 2455 1150 2502 et
1164 2450 1199 2505 in
1214 2451 1272 2505 aliis

230 2513 371 2586 videmus,
385 2516 511 2570 proxime
524 2517 556 2571 in
567 2517 727 2574 artificibus
740 2537 920 2600 quorumque
931 2544 1049 2600 operum
1061 2535 1281 2604 corporalium,

230 2598 279 2653 nbi
297 2597 333 2654 ad
352 2595 546 2654 exercendam
564 2599 757 2658 infirmiorem
774 2605 988 2688 tardioremque
1007 2619 1147 2669 naturam
1169 2617 1281 2692 agilior

230 2683 354 2736 accessit
366 2680 526 2752 industria3
553 2691 583 2738 et
599 2701 661 2740 non
680 2685 824 2744 credimus
840 2689 877 2746 ad
891 2709 962 2766 opus
976 2697 1186 2770 generationis
1201 2699 1272 2754 filio-

229 2779 305 2834 rum,
321 2765 344 2818 si
358 2763 447 2818 libide
461 2781 519 2818 non
533 2763 653 2836 fuisset,
673 2785 747 2842 quae
760 2781 883 2845 peceato
897 2775 1113 2833 inobedientiae
1125 2782 1281 2837 retributa}

231 2854 291 2915 est,
305 2843 475 2900 obedienter
487 2843 652 2903 hominibus
667 2851 703 2906 ad
715 2855 876 2911 voluntatis
888 2866 991 2913 nutssrn
1004 2860 1143 2916 similiter
1158 2873 1197 2919 ut
1211 2883 1273 2920 cse-

229 2934 293 2980 tera
312 2927 442 2998 potuisse
461 2927 512 2982 illa
529 2930 656 2986 membra
676 2933 807 2992 servirei
839 2935 946 2996 Nonne
959 2939 1062 2998 Cicero
1081 2944 1114 2999 in
1133 2946 1224 3002 libris
1242 2946 1281 3028 dep

230 3007 405 3080 Republica,
432 3023 520 3082 quum
538 3009 574 3066 de
587 3013 741 3088 impiorum
753 3017 917 3079 differentia
931 3023 1106 3098 disputaret,
1134 3039 1169 3085 et
1189 3028 1274 3086 buius

228 3091 274 3146 rei
287 3089 508 3147 similitudinem
522 3111 560 3148 ex
572 3104 679 3154 natura
696 3097 822 3158 hominis
840 3109 1016 3180 assumeret,
1042 3117 1076 3164 ut
1099 3109 1174 3168 filiis
1201 3114 1281 3180 dixit

228 3175 366 3248 imperari
380 3177 509 3248 corporis
523 3177 659 3236 membris
671 3194 789 3256 propter
802 3187 957 3246 obediendi
1086 3201 1165 3266 ttm3
1183 3189 1281 3252 vitis-l

228 3276 275 3314 sss
289 3276 360 3314 vero
374 3259 466 3313 animi
478 3269 576 3334 partes
590 3270 624 3316 nt
636 3280 738 3322 servos
752 3272 900 3344 asperiore
913 3274 990 3346 impe
1018 3293 1035 3329 o
1050 3275 1207 3333 coercerii
1239 3269 1281 3360 E'i

230 3343 329 3415 atique
348 3339 450 3397 ordine
468 3345 598 3400 naturali
619 3347 732 3404 animus
753 3355 944 3428 anteponitur
963 3358 1096 3431 corpori,
1125 3369 1161 3414 et
1174 3370 1281 3420 tamem

227 3425 291 3498 ipss
311 3425 425 3480 animas
442 3425 567 3500 imperat
583 3432 699 3502 corpori
719 3431 833 3490 facilius
854 3455 940 3512 quem
957 3437 1023 3494 sibi.
1058 3437 1281 3522 Verumtamen,

226 3504 299 3562 hacc
311 3506 417 3577 libido,
431 3507 468 3562 dc
482 3526 540 3582 qua
553 3527 632 3566 nunc
646 3509 832 3587 disserimus,
848 3537 882 3574 eo
895 3522 990 3599 magis
1002 3520 1213 3582 erubescendo
1227 3529 1281 3581 ex-i

227 3591 317 3660 sistit,
332 3589 409 3664 quod
422 3591 537 3646 animus
551 3593 583 3647 in
598 3607 647 3662 ea,
662 3613 718 3653 nec
732 3599 788 3654 sibi
802 3600 959 3660 efficaciter
971 3606 1110 3679 imperat,
1124 3616 1163 3662 ut
1179 3611 1281 3684 omni-l

227 3687 265 3722 no
279 3689 340 3726 non
353 3671 456 3744 libeat3
475 3690 530 3729 nee
543 3676 624 3730 omni
637 3677 723 3735 modo
735 3685 864 3755 corpori,
876 3694 911 3741 nt
923 3686 1057 3758 pudenda
1068 3689 1212 3746 membra
1228 3687 1281 3760 rol

227 3750 323 3804 luntas
346 3755 442 3824 potius
464 3773 549 3828 quarn
566 3756 656 3812 libido
676 3774 870 3823 commoveat:
897 3769 972 3843 qnod
995 3771 1202 3844 silesceret,
1229 3793 1267 3849 pu

228 3828 320 3886 dendo
339 3851 399 3887 non
422 3847 529 3891 essent.
557 3839 642 3894 Nunc
660 3859 730 3902 vero
741 3847 832 3920 pudet
849 3853 977 3908 animum
989 3853 1090 3910 resisti
1103 3853 1168 3909 sibi
1179 3875 1199 3912 a
1216 3875 1278 3913 cor·
