2576 4396
195 197 258 251 344
426 183 528 244 DlVl
552 177 741 240 AVRELII
766 174 1019 268 Avevs'Ter

195 354 260 414 tur3
288 350 350 409 est,
363 337 454 408 videt,
469 341 561 405 aorat3
576 334 608 388 iu
623 329 798 388 aeternitate
811 326 869 384 Dei
882 327 974 404 viget,
995 327 1024 382 in
1038 328 1161 384 veritate
1175 326 1225 384 Dei

196 430 285 497 lucet,
300 425 330 480 in
344 422 476 478 bonitate
489 417 547 474 Dei
561 415 679 494 gaudet.

570 564 592 622 C
616 565 640 621 A
662 564 694 620 P.
736 563 768 620 X
782 559 814 619 X
827 561 861 618 V.

405 663 447 716 De
458 661 601 731 tripertita
613 660 697 713 totius
705 658 890 728 philosophiae
901 656 1053 725 disciplina.

260 761 410 826 Quantum
422 753 551 831 intelligi
565 751 667 821 datur,
693 748 763 806 hinc
782 745 948 824 philosophi
967 747 1130 821 sapientiae
1150 747 1230 804 disci-

196 848 307 922 plinam
318 838 495 914 tripertitam
507 854 573 892 esse
582 835 756 904 voluerunt3
770 834 828 888 imo
842 831 1017 905 tripertitam
1028 849 1093 886 esse
1107 827 1231 886 animad-

196 936 314 984 vertere
335 928 510 996 potuerunt:
537 913 646 994 (neque
666 917 744 972 enim
762 917 819 990 ipsi
836 915 1032 970 instituerunt
1048 922 1082 969 ut
1095 915 1138 968 ita
1151 923 1232 982 esset,

198 1008 249 1066 scd
274 1009 315 1062 ita
339 1022 404 1061 esre
426 1004 524 1077 potius
546 994 757 1076 invenerunt:)
782 997 863 1054 euius
883 1015 942 1052 una
960 1014 1028 1071 pars
1041 997 1233 1077 appellaretur
1255 1055 1256 1064 χ

197 1089 347 1168 physica,¹
362 1089 455 1143 altera
471 1087 583 1164 logica,
609 1085 698 1140 tertia
711 1081 814 1138 ethica.
852 1081 982 1147 Quamm
1002 1082 1121 1136 nomina
1134 1079 1234 1136 Latina

198 1177 258 1230 iam
270 1174 429 1228 multorum
442 1171 536 1225 literis
550 1167 736 1243 frequentata
749 1174 828 1237 suut,
849 1173 882 1219 ut
894 1164 1048 1232 naturalis,
1073 1163 1233 1232 rationalis,

198 1257 376 1330 moralisque
387 1261 576 1310 vocarentur:
591 1269 663 1326 quas
679 1251 767 1306 etiam
780 1250 811 1305 in
826 1256 929 1304 octavo
944 1246 1019 1302 libro
1031 1246 1160 1302 breviter
1173 1264 1235 1320 per-

200 1340 385 1396 strinximus.
419 1334 487 1394 lion
502 1335 579 1411 quod
593 1337 632 1390 sit
647 1351 847 1408 consequens,
867 1341 900 1388 ut
913 1331 964 1386 isti
976 1330 1009 1385 in
1020 1327 1065 1384 his
1079 1329 1172 1384 tribus
1185 1330 1236 1384 ali-

201 1423 270 1498 quid
284 1419 445 1478 seeundum
458 1417 555 1476 Deum
569 1417 604 1473 de
618 1416 767 1474 Trinitate
781 1415 987 1494 cogitaverint.
1005 1413 1145 1480 Quamvis
1158 1411 1236 1468 Plato

200 1508 311 1581 primus
329 1502 666 1588 istaquistributionem
679 1500 826 1574 reperisse
840 1507 869 1554 et
882 1496 1103 1553 commendasse
1117 1495 1239 1565 dicatur,

202 1592 249 1644 eui
264 1605 360 1662 neque
374 1596 548 1642 naturarum
560 1585 690 1640 oninium
700 1592 805 1638 auctor
816 1583 876 1638 nisi
886 1580 968 1637 Deus
982 1581 1064 1637 visus
1076 1589 1133 1652 est,
1148 1598 1240 1654 neque
1262 1600 1263 1612 ¹

199 1669 416 1746 intelligentiae
430 1669 526 1737 dator,
548 1685 643 1741 neque
657 1667 781 1737 amoris,
806 1683 863 1740 quo
877 1665 952 1720 bene
967 1665 1107 1736 beateque
1121 1664 1240 1732 vivitur,

200 1753 371 1826 inspirator.
395 1749 453 1808 Sed
467 1759 547 1805 certe
562 1768 628 1806 cnm
641 1758 671 1805 et
684 1749 719 1804 de
734 1757 840 1806 natura
851 1766 961 1818 rerum,
976 1746 1054 1802 etde
1067 1748 1182 1803 ratione
1196 1748 1241 1802 in-

203 1833 355 1911 dagandae
365 1834 511 1904 veritatis,
527 1842 557 1888 et
570 1831 605 1888 de
617 1832 689 1890 boni
702 1832 761 1889 fine
774 1831 908 1906 adquam
921 1839 1029 1888 cuneta
1040 1848 1114 1906 quae
1128 1831 1241 1908 agimus

201 1918 314 1974 referre
330 1916 483 1988 debemus,
507 1915 618 1972 diversi
631 1915 747 1972 diversa
761 1917 907 1974 sentiant:
933 1916 966 1971 iu
978 1913 1024 1970 his
1037 1922 1137 1970 tamen
1151 1913 1242 1969 tribur

201 2001 318 2078 magnis
333 2009 362 2056 et
375 1999 563 2077 generalibus
577 2000 797 2075 quaestionibus
811 1999 905 2056 omnis
924 2016 1027 2054 eorum
1046 2007 1183 2054 versatur
1197 1999 1242 2052 in-

202 2085 306 2139 tentio.
341 2080 386 2138 lta
399 2101 465 2139 eum
486 2084 519 2140 in
538 2101 714 2158 unaquaque
733 2101 835 2139 earum
857 2081 928 2156 quid
954 2082 1077 2156 quisque
1104 2089 1244 2150 sectetur,

202 2168 357 2241 multiplex
369 2167 409 2221 sit
420 2165 617 2240 discrepantia
628 2169 812 2240 opinionum,
828 2183 893 2220 esse
906 2174 1005 2222 tamen
1017 2161 1147 2238 aliqua'm
1159 2173 1245 2220 natu-

203 2268 254 2304 rae
268 2267 395 2318 causam,
409 2249 552 2305 scientiae
565 2247 705 2319 fornram,
718 2250 798 2305 vitae
812 2266 965 2320 surianam,
979 2265 1064 2304 nemo
1080 2255 1246 2302 cunctatur.

203 2331 276 2386 Tria
290 2334 377 2386 etiam
391 2339 462 2385 sunt
474 2349 548 2406 quae
565 2331 597 2385 in
610 2347 787 2404 unoquoque
799 2329 918 2388 bomine
937 2331 1050 2388 artifice
1063 2339 1247 2404 spectantur,

204 2423 237 2470 ut
251 2411 361 2487 aliquid
375 2411 495 2482 efficiat,
510 2421 627 2482 natura,
644 2411 791 2483 doctrina,
811 2432 897 2470 usus:
923 2423 1029 2471 natura
1041 2414 1176 2492 ingenio,
1196 2413 1247 2469 do-

203 2498 299 2554 ctrina
314 2496 450 2567 scientia,
464 2513 534 2552 usus
549 2496 647 2552 fructu
660 2494 863 2552 diiudicandus
878 2505 931 2554 est.
958 2496 1020 2553 Nec
1033 2498 1153 2574 ignoro,
1167 2496 1249 2570 quod

203 2581 320 2656 proprie
333 2579 446 2636 fruetus
460 2579 598 2651 fruentis,
622 2597 693 2635 usus
707 2581 818 2635 utentis
838 2580 892 2650 sit;
918 2589 1007 2654 atque
1026 2578 1081 2635 boc
1100 2581 1250 2635 interesse

201 2663 348 2735 uideatur,
373 2662 452 2739 quod
466 2679 501 2719 ea
513 2681 546 2718 re
561 2663 622 2718 frui
635 2662 770 2732 dicimur,
793 2679 868 2737 quae
881 2679 935 2718 nos
949 2681 1009 2718 uon
1023 2662 1061 2720 ad
1073 2661 1156 2718 aliud
1168 2663 1250 2718 reie-

202 2745 294 2803 renda
307 2765 360 2820 per
373 2764 405 2802 sc
418 2747 511 2819 ipsam
524 2744 663 2815 delectat3
682 2746 727 2801 uti
739 2763 810 2802 vero
825 2763 861 2800 ea
874 2763 918 2817 re,
933 2763 1021 2821 quarn
1032 2754 1153 2821 propter
1167 2745 1251 2802 aliud

201 2830 377 2906 quaerimus.
416 2825 500 2882 Vnde
514 2828 725 2900 temporalibus
738 2829 833 2905 magis
847 2828 988 2894 utendum
1000 2838 1056 2900 est,
1082 2845 1172 2902 quam
1184 2828 1250 2884 iru-

202 2911 319 2980 endum,
333 2919 367 2964 ut
380 2907 439 2964 irui
451 2927 616 2966 mereamur
629 2911 768 2966 aeternis.
792 2910 860 2984 Non
874 2913 951 2968 sicut
964 2912 1107 2986 perversi,
1122 2913 1176 2986 qui
1188 2911 1251 2967 frui

203 2995 305 3050 volunt
319 3010 447 3062 nummo,
461 2993 506 3047 uti
518 2999 616 3047 autem
627 2991 707 3065 Deo;
734 2995 871 3070 quoniam
889 3013 950 3052 uon
963 3013 1113 3052 nummum
1125 3005 1251 3069 propter

200 3075 297 3133 Deum
310 3071 495 3148 impendunt,
516 3074 568 3130 sed
581 3069 678 3132 Deum
690 3087 809 3152 propter
822 3096 971 3135 nummum
984 3080 1093 3134 colunt.
1120 3075 1248 3134 Verum·

200 3167 298 3214 tamen
312 3175 347 3212 eo
360 3157 501 3232 loquendi
519 3159 621 3232 modo,
648 3179 735 3236 quem
756 3162 823 3235 plus
842 3162 970 3218 obtinuit
990 3160 1191 3232 consuetudo,
1221 3170 1251 3216 et

199 3240 343 3296 fructibus
356 3242 476 3314 utimur,
490 3252 521 3298 et
533 3242 633 3299 usibus
647 3241 782 3301 fruimur.
797 3243 874 3302 Nam
886 3254 916 3300 et
928 3243 1041 3301 fructus
1054 3245 1114 3300 iam
1125 3245 1249 3318 proprie

199 3323 340 3380 dicuntur
352 3343 508 3402 agrorum,
532 3327 635 3402 quibus
655 3329 756 3403 utique
779 3345 880 3384 omnes
903 3327 1103 3403 temporaliter
1121 3329 1248 3383 utimur.

199 3403 265 3463 Hoc
283 3408 382 3483 itaque
399 3427 481 3464 more
500 3428 586 3466 usum
599 3409 725 3466 dixerim
740 3399 777 3466 iu
793 3408 839 3466 bis
864 3411 958 3468 tribus
979 3429 1054 3486 quae
1072 3411 1106 3466 in
1124 3408 1250 3466 homine

200 3489 359 3566 spectanda
373 3495 551 3562 commonui,
565 3511 640 3567 quae
654 3502 725 3549 sunt
738 3502 854 3565 natura,
869 3493 1013 3564 doctrina,
1027 3511 1109 3550 usus.
1136 3491 1189 3548 Ex
1202 3492 1249 3548 his

199 3584 318 3646 propter
332 3574 519 3632 obtinendam
531 3575 646 3632 beatam
658 3577 760 3646 vitam,
774 3577 932 3651 tripertita,
947 3585 980 3632 ut
993 3574 1067 3646 dixi,
1081 3594 1100 3632 a
1111 3574 1250 3649 pbiloso-

199 3652 264 3728 phis
274 3657 452 3714 inventaest
460 3657 627 3731 disciplina,
640 3661 783 3715 naturalis
796 3668 915 3733 propter
928 3668 1074 3729 naturam,
1088 3659 1250 3716 rationalis

199 3746 319 3810 propter
332 3738 508 3810 doctrinam,
521 3741 639 3796 moralis
652 3751 771 3816 propter
781 3761 876 3798 usum.
890 3741 925 3798 Si
939 3760 1009 3820 ergo
1023 3751 1130 3798 natura
1143 3749 1253 3798 nostra

202 3827 279 3874 essct
295 3820 421 3893 anobis,
434 3821 566 3895 profecto
581 3832 610 3880 et
624 3832 754 3882 nostram
768 3843 821 3884 nos
836 3827 1042 3904 genuissemus
1057 3825 1252 3902 sapientiam,
