2576 4396
252 189 314 246 aon
462 167 1053 242 urvravnaurr‘uvcvsrmr

627 329 905 390 olc.xxr

252 433 296 488 De
305 435 380 486 modo
397 430 541 504 potestatis
561 429 730 482 daemonibus
740 429 819 482 datae
830 427 1064 498 adglori'fi'coadoe
1074 437 1183 482 sanctos
1190 447 1243 498 per
1254 441 1275 484 to

296 502 441 556 locantium
447 501 613 572 portionum,
631 499 677 568 qai
687 499 775 552 otrt'oe
785 499 899 566 spirituc
909 501 1100 567 conplectendo
1108 499 1191 566 iprae,
1202 503 1250 553 aed

555 569 586 624 in
594 567 653 622 Deo
660 570 840 638 permanendo
849 569 980 622 eicerent.

318 679 475 737 Moderatis
490 684 586 734 autem
600 677 821 752 praefinitisque
835 677 1029 751 temporibus,
1055 677 1144 750 etiam
1158 688 1275 754 potesta

252 765 393 841 permissa
410 761 613 831 daemonibus,
638 771 672 818 ut
688 760 853 818 hominibus
878 777 951 835 quos
973 759 1123 835 possident
1141 765 1275 818 excitatis

253 849 424 904 inimicitias
437 845 577 904 adversus
590 845 649 902 Dei
660 843 814 904 Civitatem
827 845 980 920 tyrannice
994 854 1162 916 exerceant,
1176 847 1275 920 sibiqm

254 929 399 987 sacrificia
411 949 471 986 non
485 931 581 985 solum
594 931 635 990 ab,
643 927 837 986 offerentibus·
845 938 969 1001 sumant,
985 937 1014 985 ct
1026 947 1043 984 a
1055 930 1222 987 volentibus
1238 948 1275 985 er·

253 1022 366 1088 petant,
391 1031 493 1071 verum
515 1015 602 1068 etiam
623 1013 658 1069 ab
680 1014 781 1070 invitis
802 1011 1002 1087 persequendo
1022 1013 1167 1084 violenter
1186 1024 1275 1069 extor-

254 1107 372 1174 queant,
387 1115 448 1154 non
461 1097 729 1171 solumperniciosa
741 1105 865 1168 nonest,
879 1093 930 1150 sed
943 1097 1030 1152 etiam
1043 1093 1125 1154 utilis
1138 1098 1275 1156 invenitu

252 1181 421 1253 Ecclesiae,
442 1189 476 1237 ut
487 1179 649 1256 Martyrum
668 1199 808 1237 numerus
826 1181 993 1253 impleatur:
1020 1197 1091 1255 quos
1105 1178 1216 1250 Civitas
1232 1180 1275 1237 De,

253 1274 336 1322 tanto
350 1267 489 1322 clariores
505 1273 534 1320 et
546 1263 748 1322 honoratiores
768 1266 846 1321 cives
865 1261 967 1334 habet,
991 1271 1098 1340 quanto
1112 1261 1217 1319 fortius
1238 1264 1275 1319 ad·

253 1368 356 1406 versus
370 1350 528 1424 impietatis
543 1358 693 1423 peccatum
707 1347 796 1404 etiam
815 1365 908 1421 usquc
927 1345 963 1402 ad
976 1351 1148 1426 sanguinem
1162 1356 1275 1404 certant

254 1432 318 1489 Hos
332 1435 423 1490 multo
438 1435 615 1510 elegantior,
641 1435 667 1488 si
681 1431 880 1488 ecclesiastica
892 1428 1032 1505 loquendi
1045 1429 1224 1486 consuetudo
1237 1451 1275 1506 pa·

253 1526 376 1588 teretur,
401 1526 517 1573 nostros
531 1515 634 1572 heroas
647 1533 829 1573 vocaremus.
856 1512 921 1570 Hoc
936 1517 1014 1570 enim
1026 1531 1133 1573 nomen
1146 1533 1164 1570 a
1176 1514 1275 1573 lunone

254 1599 362 1672 dicitur
375 1609 515 1672 tractum,
537 1599 612 1675 quod
626 1599 739 1656 Graece
752 1597 825 1654 luno
840 1588 898 1675 ἦρα
912 1599 1085 1674 appellatu13
1113 1607 1143 1653 et
1156 1597 1222 1655 ideo
1236 1617 1275 1654 nc·

253 1686 316 1740 scio
335 1687 400 1760 quis
418 1685 495 1740 filins
511 1686 573 1740 cius
587 1682 746 1738 secundum
760 1681 940 1738 Graecorum
954 1681 1075 1752 fabulas,
1090 1679 1187 1738 Herus
1202 1682 1275 1738 firerit

254 1777 452 1843 nuncupatus:
479 1767 534 1823 hoc
552 1767 691 1823 videlieet
703 1767 795 1822 veluti
807 1767 965 1841 mysticum
978 1765 1166 1842 significante
1182 1767 1275 1836 fabula

255 1852 331 1926 quod
344 1858 394 1908 adr
408 1851 516 1908 lunoni
530 1850 693 1924 deputetur,
711 1851 762 1906 ubi
775 1851 878 1906 volunt
895 1867 961 1904 eum
979 1847 1168 1920 daemonibus
1185 1849 1275 1910 hereat

253 1933 397 2007 habitare,
412 1953 467 2011 quo
481 1935 599 1990 nomine
610 1928 757 2008 appellant
766 1935 888 1991 alicuius
899 1934 998 1989 meriti
1010 1935 1121 1988 animas
1136 1933 1275 1990 defuneto¹

253 2039 329 2076 rum.
343 2019 402 2077 Sed
416 2038 433 2075 a
447 2020 594 2075 contrario
608 2018 753 2094 Martyres
765 2019 860 2074 nostri
870 2015 976 2072 heroes
989 2028 1236 2092 nuncuparentur,
1250 2019 1275 2086 si,

254 2114 288 2160 ut
301 2105 374 2176 dixi,
399 2121 470 2158 usus
491 2104 684 2158 ecclesiastici
702 2103 844 2158 sermonis
863 2101 1045 2174 admitteret,
1070 2119 1132 2157 non
1151 2101 1228 2177 quod
1245 2103 1275 2155 cis

255 2198 333 2242 esset
347 2207 413 2242 cnm
425 2187 614 2242 daemonibus
630 2187 662 2242 in
677 2191 745 2242 acre
758 2185 898 2256 societas,
923 2183 973 2240 sed
992 2183 1067 2260 quod
1086 2186 1202 2244 eosdem
1221 2185 1275 2240 dac·

254 2289 366 2340 mones,
380 2269 475 2340 idest,
489 2271 583 2325 adrias
594 2271 749 2326 vincerent
761 2278 936 2342 potestatcs3
952 2271 1023 2324 etin
1036 2269 1078 2324 eis
1091 2270 1194 2343 ipsam,
1209 2271 1275 2345 quic-

255 2352 326 2427 quid
342 2363 462 2427 putatur
481 2352 660 2431 significare,
685 2353 839 2424 lunonem,
858 2371 934 2427 quae
951 2371 1011 2410 non
1023 2371 1229 2429 usquequaque
1240 2355 1275 2408 iu·

255 2438 466 2492 convenienter
480 2455 498 2492 a
510 2439 605 2512 poetis
625 2435 776 2494 inducitur
794 2437 914 2492 inimica
930 2436 1102 2507 virtutihus,
1131 2447 1161 2493 et
1179 2439 1275 2493 coelun

254 2519 422 2596 petentibus
435 2522 508 2578 viris
522 2521 646 2596 fortibus
660 2521 768 2578 invida.
808 2519 868 2578 Sed
881 2537 982 2576 rursus
997 2521 1025 2575 ei
1037 2521 1203 2578 succumbit
1214 2519 1275 2577 inie-

254 2607 353 2662 liciter
367 2604 501 2680 ceditque
513 2603 669 2683 Virgilius,
683 2612 716 2662 ut
730 2625 795 2661 cum
808 2603 884 2680 aqud
898 2623 963 2660 eum
975 2605 1026 2660 illa
1038 2603 1125 2676 dicat,

337 2688 448 2746 Vincor
461 2690 496 2745 ab
506 2688 622 2759 'Aenea3

254 2777 350 2848 ipsum
362 2773 491 2830 Aeneam
511 2771 666 2828 admoneat
685 2771 817 2829 Helenus
839 2775 922 2848 quasi
938 2773 1062 2828 consilio
1079 2773 1236 2850 religioso,
1261 2783 1275 2824 ιι

255 2859 350 2913 dieatt
745 2927 747 2932 Ι

341 2937 448 2995 lunoni
461 2957 533 2994 cane
546 2949 615 2996 rota
626 2939 731 3013 libens,
745 2941 946 3017 dominamque
959 2946 1107 3014 potentem

339 3021 523 3098 Supplieibua
537 3041 641 3098 supera
653 3024 737 3081 donis
740 3055 962 3080 —————

254 3107 302 3163 Ex
316 3125 373 3181 qua
386 3108 525 3180 opinione
537 3105 727 3184 Porphyrius,
742 3111 872 3184 quamvis
882 3127 944 3166 non
955 3127 993 3164 ex
1003 3125 1057 3164 sua
1071 3109 1230 3181 sententia,
1243 3103 1275 3163 sel

183 3189 185 3194 ’
255 3209 293 3245 ex
306 3192 439 3259 aliorum,
453 3191 563 3248 bonum
578 3192 650 3248 dicit
661 3192 758 3250 Deum
769 3195 818 3250 vel
830 3195 949 3271 genium
961 3211 1024 3249 non
1037 3193 1139 3248 venire
1153 3193 1186 3249 in
1199 3192 1275 3248 homi

256 3293 333 3344 nem,
345 3277 405 3331 nisi
418 3276 510 3332 malus
525 3275 614 3331 fuerit
626 3285 695 3332 ante
704 3279 849 3351 placatus:
862 3287 1002 3353 tanquam
1012 3275 1135 3332 fortiora
1147 3277 1209 3337 sint
1219 3271 1275 3350 apud

255 3378 304 3415 eos
318 3361 438 3416 numina
448 3362 525 3416 mala
535 3379 622 3434 quam
632 3361 723 3433 bona3
738 3361 970 3437 quandoquidem
979 3361 1054 3416 mala
1067 3359 1231 3434 impediunt
1240 3357 1275 3414 ad⁴

254 3443 362 3499 iutoria
375 3443 528 3516 bonorum,
544 3446 603 3500 nisi
617 3446 658 3500 eia
672 3447 786 3520 placata
798 3445 868 3501 dent
880 3447 990 3516 locum,
1008 3445 1152 3518 malisque
1166 3443 1275 3500 nolenti

254 3526 307 3582 bus
321 3528 397 3583 bona
407 3527 544 3602 prodesse
554 3547 615 3585 non
625 3539 761 3603 possunt3
775 3547 882 3586 nocere
891 3538 989 3584 eutem
998 3529 1074 3584 mala
1084 3537 1219 3602 possunt,
1232 3541 1275 3584 non

257 3611 313 3664 sibi
323 3612 489 3667 valentibus
502 3614 639 3668 resistere
652 3611 746 3667 bonis.
781 3611 849 3669 Non
863 3622 907 3667 cst
920 3614 976 3669 ista
990 3631 1077 3668 verae
1090 3615 1275 3685 veraciterqut

258 3702 377 3748 sanctae
390 3695 545 3771 religionis
558 3697 623 3752 via:
651 3713 712 3750 non
726 3698 767 3752 sic
781 3695 935 3768 Iunonem,
955 3696 1010 3753 hoc
1024 3706 1080 3766 est,
1101 3697 1198 3752 aerias
1211 3703 1275 3771 potc-

257 3783 347 3830 states
370 3778 484 3851 piorum
505 3779 663 3835 virtutibus
687 3781 852 3837 invidentes
876 3783 971 3836 nostri
992 3779 1138 3854 Martyres
1162 3783 1275 3838 vincunt

258 3855 326 3915 Nou
350 3860 485 3930 omuino,
510 3863 536 3916 si
553 3861 611 3916 diei
629 3863 735 3919 usitate
747 3873 861 3939 posset,
888 3863 992 3921 heroes
1006 3864 1100 3920 nostri
1114 3863 1275 3940 supplicilut
