2586 4396
202 221 264 280 212
430 211 531 274 DlVl
558 209 746 272 nummu
770 207 1026 268 AVGVSTlNl

204 367 258 430 rel
280 369 365 439 Quot
379 375 519 437 exterra,
533 365 640 440 inquit,
653 365 772 422 aluntm
784 362 882 419 omnia
896 379 970 438 quae
984 371 1052 418 nata
1065 370 1142 419 aunt.
1168 359 1241 422 uu.

203 457 266 513 aori
277 447 386 532 quare‘l
413 449 497 518 Quod
508 466 622 520 rursus,
635 448 743 524 inquit,
764 455 871 503 cuneta
884 444 986 502 eodem
998 447 1200 504 revolvuntur.

554 613 675 673 CAP.
718 605 870 672 XX'V.

202 717 245 772 Dc
263 715 379 771 Telluris
393 711 592 784 cognominibus
606 727 748 780 eorumque
763 707 1020 779 significationibus,
1040 725 1108 778 quac
1127 710 1244 764 etiamn·

242 796 322 842 eram
331 787 479 840 multarum
488 781 697 845 nominatim,
711 797 764 834 noo
773 781 917 834 multorum
927 780 1035 832 deorum
1045 779 1190 836 debuerunt

584 851 701 922 fimare
712 849 855 920 opiniones.

266 961 377 1021 Debuit
402 977 473 1037 ergo
497 975 556 1014 una
574 967 654 1014 terre
670 965 788 1033 propter
807 957 894 1012 iotam
913 951 1163 1033 quadrigeminam
1175 957 1245 1016 vim

204 1055 329 1124 quatuor
341 1043 448 1102 babere
462 1042 653 1121 cognomina,
670 1059 730 1098 non
744 1047 868 1115 quatuor
879 1037 978 1096 facere
991 1038 1075 1110 deos,
1101 1041 1179 1096 riout
1190 1049 1246 1099 tot

206 1128 431 1208 cognominibus
443 1145 519 1184 unuu
532 1125 660 1200 Iupiter,
682 1133 712 1180 et
723 1133 768 1180 tot
780 1121 1001 1201 cognominibus
1014 1140 1073 1179 una
1084 1121 1175 1194 luno;
1207 1125 1245 1182 in

204 1215 309 1290 quibua
323 1211 456 1268 omnibus
469 1211 515 1267 vis
527 1210 682 1284 multiplex
696 1225 761 1264 eure
773 1205 880 1263 dicitur
892 1205 929 1262 ad
941 1223 1031 1262 uuum
1044 1205 1128 1262 deum
1140 1209 1190 1262 vel
1203 1208 1247 1265 ad

203 1315 294 1354 unam
307 1295 390 1352 deam
399 1295 563 1370 pertinent,
576 1311 639 1350 non
646 1289 800 1350 multitudo
809 1291 1016 1368 cognominum
1023 1289 1142 1358 deorum
1148 1291 1248 1351 etiam

203 1380 420 1440 multitudinem
432 1377 552 1434 faciens.
583 1374 643 1434 Sed
654 1374 786 1452 prolecto
802 1375 877 1430 siout
889 1371 1044 1449 aliquando
1058 1374 1143 1429 etiam
1157 1375 1245 1447 ipsae

203 1465 364 1522 viliuaimau
378 1461 502 1517 feminae
524 1477 641 1537 earum,
668 1477 742 1534 quas
764 1455 886 1522 libidine
908 1457 1113 1532 quaesierunt,
1137 1457 1248 1516 taedet

205 1547 393 1624 poenitetque
410 1542 576 1599 turbarum:
603 1543 646 1596 uic
664 1543 792 1598 animam
809 1541 896 1596 rilem
908 1540 1015 1598 factam
1032 1549 1062 1596 et
1079 1541 1246 1599 immundis

206 1629 356 1706 spiritibus
380 1625 565 1702 prostitutam
588 1623 658 1680 deor
676 1623 732 1682 sibi
745 1623 952 1697 multiplicare,
975 1624 1079 1700 quibua
1093 1628 1247 1683 contami-

205 1709 305 1770 nanda
316 1717 570 1786 prosterneretur,
593 1708 669 1764 sicut
680 1707 836 1784 plurimum
850 1707 949 1779 libuit,
974 1709 1017 1764 uic
1037 1707 1195 1783 aliquando
1213 1721 1249 1767 et

206 1795 311 1874 piguit.
338 1791 413 1851 Nam
431 1801 461 1848 et
479 1791 543 1865 ipsc
556 1789 649 1847 Varro
669 1791 753 1866 quasi
770 1789 806 1846 de
829 1790 892 1865 ipsa
914 1791 999 1848 turba
1019 1789 1248 1850 verecundatus

204 1897 294 1936 uuam
307 1877 389 1934 deam
401 1876 466 1933 vult
479 1893 544 1930 eote
557 1872 713 1931 Tellurem.
750 1872 915 1947 „Eandem,
935 1875 1042 1950 inquit,
1060 1873 1163 1931 dicunt
1176 1875 1248 1934 Ma-

206 1971 304 2035 „trem
316 1977 463 2038 magnam,
483 1958 559 2034 quod
571 1959 741 2034 tympanum
753 1955 868 2029 habeat,
887 1957 1049 2036 rignificari
1060 1975 1124 2014 eure
1137 1960 1250 2018 orbem

206 2056 341 2118 „terroez
370 2041 447 2120 quod
464 2051 561 2099 turrea
579 2044 612 2099 in
630 2043 735 2118 capite,
757 2040 874 2117 oppida:
901 2042 978 2119 quod
990 2041 1073 2098 sedeo
1086 2041 1251 2120 fingantur

206 2131 308 2202 „circa
321 2145 400 2200 enm,
428 2145 494 2184 oum
506 2128 803 2197 omniamoveantur,
824 2127 917 2200 ipram
928 2143 989 2183 non
1002 2125 1122 2184 moveri.
1155 2125 1254 2194 Quod

206 2212 330 2284 „Gellor
342 2209 412 2268 huic
430 2209 501 2268 deae
519 2219 552 2268 ut
568 2211 716 2267 servirent
733 2210 886 2282 lecerunt,
913 2209 1062 2290 significat
1080 2210 1129 2286 qui
1150 2214 1253 2269 uerni-

206 2314 268 2368 „ne
280 2295 451 2373 indigeant,
471 2303 582 2350 terram
594 2295 678 2370 sequi
690 2303 840 2369 oportere3
866 2294 898 2350 in
912 2311 947 2350 ea
961 2295 1065 2372 quippe
1079 2295 1181 2351 omnia
1194 2314 1255 2353 re-

206 2379 328 2454 „periri
355 2376 440 2445 Quod
453 2395 484 2433 re
497 2376 572 2453 apud
585 2396 649 2434 eam
660 2378 782 2448 iactant,
795 2378 982 2454 praecipitur,
995 2379 1101 2454 inquit,
1115 2379 1169 2454 qui
1181 2389 1256 2436 ter-

207 2481 292 2536 „ram
306 2462 418 2533 colunt,
431 2479 469 2518 ne
483 2460 620 2534 redeant3
639 2479 752 2537 semper
765 2461 844 2517 enim
857 2479 923 2519 eure
935 2460 1012 2538 quod
1024 2469 1123 2539 egunt.
1151 2460 1257 2539 Gym-

207 2547 362 2619 „balorum
379 2547 508 2617 noritur,
531 2545 774 2604 ferramentorum
793 2545 996 2604 iactandorum
1012 2563 1047 2602 ac
1058 2559 1206 2603 munuum
1222 2559 1260 2606 et

207 2632 295 2703 „ciue
307 2631 353 2686 rei
367 2631 494 2706 crepitus
508 2629 675 2688 incolendo
689 2647 761 2708 agro
775 2627 845 2706 quid
858 2629 902 2703 fit,
915 2628 1094 2709 significant,
1108 2627 1179 2686 ideo
1195 2650 1260 2690 ae-

206 2733 278 2787 „re,
305 2712 382 2789 quod
395 2731 459 2769 eam
475 2715 588 2790 antiqui
608 2713 742 2770 colebant
755 2731 841 2784 aere,
868 2723 1024 2789 antequam
1036 2711 1148 2770 farrum
1163 2727 1262 2774 esset

206 2799 391 2869 „inventum
405 2795 545 2867 Leonem,
558 2797 666 2870 inquit,
679 2795 845 2874 adiungunt
858 2799 984 2854 uolutum
997 2815 1031 2853 ac
1044 2806 1261 2874 mansuetum,

206 2889 262 2952 „ut
274 2878 442 2951 ostendant,
456 2897 521 2934 ecoe
533 2881 646 2934 nullum
659 2897 754 2956 genua
768 2889 866 2936 terrae
877 2890 936 2938 tam
948 2889 1092 2938 remotum
1102 2878 1139 2936 ad
1151 2877 1261 2939 velue-

208 2969 343 3034 „menter
356 2961 461 3033 ferum,
475 2961 553 3036 quod
565 2979 626 3018 non
639 2963 738 3041 subigi
750 2965 863 3039 colique
877 2965 1041 3022 conveniat.
1058 2961 1179 3021 Deinde
1194 2967 1263 3024 ad-

207 3045 329 3122 „iungit
340 3053 372 3100 et
381 3043 468 3117 dicit,
486 3043 635 3102 Tellurem
644 3055 767 3104 matrem
780 3055 810 3104 et
822 3048 988 3104 nominibus
1000 3047 1131 3124 pluribus
1146 3056 1182 3104 et
1197 3069 1263 3108 co-

206 3127 417 3206 ,‚gnominibuu
431 3127 507 3203 quod
520 3130 725 3204 nominarunt,
751 3129 819 3188 deon
834 3133 1015 3188 existimator
1029 3149 1093 3187 caue
1107 3135 1264 3207 complu-

207 3229 287 3284 „ree
314 3209 474 3285 Tellurem,
487 3213 594 3288 inquit,
606 3223 711 3290 putant
725 3233 791 3270 etse
804 3213 907 3290 Opem,
923 3213 999 3291 quod
1012 3233 1100 3290 opere
1112 3213 1169 3272 fiat
1181 3235 1263 3275 me-

206 3295 299 3366 „lior;
321 3293 456 3369 Matrem,
471 3295 549 3372 quod
560 3300 686 3374 plurima
697 3299 805 3374 pariat3
826 3298 972 3378 magnam,
986 3297 1064 3376 quod
1077 3298 1179 3356 cibum
1192 3319 1263 3376 pa-

205 3381 298 3452 „riat3
323 3376 545 3456 Proserpinam,
570 3381 649 3459 quod
668 3400 705 3438 ex
723 3401 758 3438 ea
775 3391 949 3458 proserpant
965 3381 1080 3462 lrugee3
1106 3379 1263 3459 Ventum,

203 3461 609 3606 il,qplrodveotiotturslperbio51⁶1
629 3464 858 3605 {ipeaaliaotdeom
871 3468 979 3607 inqudit,
991 3486 1051 3546 non
1064 3466 1198 3606 alqpparde
1216 3471 1265 3570 ad

187 3583 189 3590 ,
262 3566 437 3605 crevocan.
481 3567 537 3606 rer
559 3567 576 3606 o
609 3568 630 3606 n
728 3567 759 3604 eo
774 3589 783 3620 ,
797 3567 871 3624 quae
885 3568 934 3624 qm
954 3570 1000 3606 em
1012 3567 1082 3607 cona
1161 3569 1264 3610 verr-

203 3638 263 3688 tate
276 3649 331 3688 nec
341 3633 406 3707 ipra
418 3641 478 3704 eut,
502 3569 622 3688 lutgerim
635 3630 705 3706 quid
721 3633 783 3688 itur
800 3633 832 3689 in
850 3629 974 3690 multari
1000 3633 1093 3690 Vnius
1107 3634 1174 3690 rint
1186 3637 1266 3696 itta

204 3715 296 3770 multa
309 3716 439 3787 nomina,
453 3716 515 3772 non
526 3725 587 3771 tam
599 3713 670 3770 deae
684 3716 792 3774 multae
805 3733 893 3791 quam
905 3719 1034 3774 nomina.
1060 3715 1119 3774 Sed
1134 3735 1265 3779 erran-

205 3795 279 3852 tium
296 3799 440 3854 meierum
458 3799 618 3854 auctoritas
639 3795 790 3872 deprimit,
815 3809 846 3856 et
863 3801 987 3859 eundem
999 3797 1165 3858 Varronem
1180 3821 1267 3881 post

203 3875 279 3936 hanc
298 3881 476 3936 sententian
496 3879 644 3954 trepidare
663 3883 816 3958 compellit.
848 3883 992 3964 Adiungit
1008 3887 1086 3941 enim
1105 3897 1136 3940 ct
1154 3885 1264 3949 dicit:
