2590 4396
216 215 276 270 124
442 205 538 266 DlVl
570 201 754 262 avitum!
784 198 1036 259 AVGVSTlNl

575 353 642 411 CA
667 351 700 407 P.
742 348 893 408 XXIV.

249 454 309 521 Qua
321 455 429 508 ratione
440 453 584 526 defendant
599 447 809 569 pagagggiplgod
820 447 893 500 inter
903 447 963 498 deos
973 449 1063 498 celant
1072 446 1131 513 ipse
1142 447 1216 498 dena

276 613 361 671 Libet
374 621 471 667 autem
484 625 584 663 eorum
602 605 789 662 considerare
815 605 955 660 rationes.
999 601 1098 678 Vsque
1124 602 1265 675 adeone,

215 698 368 773 inquiunt,
394 693 519 747 maiores
533 697 650 745 nostros
665 690 838 762 insipientes
852 687 946 743 fuisse
957 685 1134 743 eredendum
1146 693 1204 755 est,
1221 697 1267 742 ut

214 779 286 836 hacc
314 776 464 832 nescirent
476 790 599 828 munera
613 771 713 847 divina
728 790 802 840 esse,
829 789 889 827 non
903 765 991 824 deosi
1028 767 1088 824 Sed
1111 769 1267 842 quoniam

215 861 346 917 sciebant
358 857 469 912 nemini
482 857 567 924 talia,
594 855 653 910 nisi
671 857 767 929 aliquo
782 855 835 910 deo
849 854 995 930 largiente
1009 850 1147 922 concedi,
1176 869 1267 925 quo-

214 961 280 999 rum
293 941 413 995 deorum
427 939 547 994 nomina
560 957 621 994 non
634 938 839 1006 inveniebant,
855 953 955 990 earum
968 952 1067 989 rerum
1080 933 1267 989 nominibus

214 1023 397 1099 appellabant
410 1022 495 1092 deos,
522 1039 594 1096 quas
608 1021 642 1076 ab
657 1021 699 1075 eils
713 1020 879 1075 sentiebant
891 1019 970 1087 dari,
996 1017 1095 1090 aliqua
1107 1016 1270 1072 vocabula

213 1107 282 1162 inde
308 1105 479 1175 flectentes,
507 1105 585 1160 sicut
602 1103 707 1159 abello
720 1101 871 1158 Bellonam
897 1108 1161 1172 nuncupaverunt,
1191 1117 1269 1156 non

214 1191 335 1257 bellum,
362 1188 438 1243 sicut
452 1205 469 1241 a
483 1187 567 1242 cunis
582 1184 743 1256 Cuninam,
758 1203 817 1240 non
832 1197 951 1253 eunam3
978 1183 1056 1236 sieut
1069 1199 1086 1236 a
1099 1183 1270 1258 segetibus

206 1259 381 1349 'Segetiam,
395 1287 455 1326 non
469 1277 615 1346 segetem,
629 1269 707 1323 sicut
720 1285 736 1322 a
749 1267 842 1339 pomis
856 1265 1030 1333 Fumantem,
1045 1281 1105 1318 non
1119 1281 1270 1337 pomum3

215 1353 427 1410 sicutabubus
440 1350 607 1422 Bubonem,
633 1368 694 1406 non
708 1351 825 1405 bovem:
853 1355 904 1402 aut
918 1355 997 1400 certe
1012 1346 1092 1399 nulla
1115 1347 1270 1403 vocabuli

215 1435 428 1503 declinatione,
456 1433 534 1486 sicut
558 1451 607 1486 res
633 1434 714 1504 ipsae
740 1433 947 1498 nominantur,
973 1424 1149 1482 utl'eeunia
1174 1428 1270 1485 dicta

216 1527 262 1576 est
275 1517 344 1588 dea,
370 1532 444 1589 quae
459 1513 509 1568 dat
521 1513 692 1586 pecuniam,
706 1530 766 1566 non
781 1513 899 1566 omnino
912 1510 1038 1582 pecunia
1052 1507 1105 1563 dea
1118 1510 1183 1583 ipsa
1196 1530 1268 1584 pu-

215 1609 275 1656 tata
290 1607 349 1654 est:
373 1598 415 1658 ita
427 1594 546 1664 Virtus,
561 1611 635 1667 quac
649 1593 700 1648 dat
712 1594 868 1663 virtutem,
880 1652 881 1656 ,
894 1589 1014 1661 Honor,
1029 1591 1080 1665 qui
1093 1589 1270 1666 honorem3

216 1679 395 1748 Concordia,
422 1695 498 1751 quae
512 1674 712 1746 concordiam3
737 1672 883 1745 Victoria,
909 1690 984 1746 quae
1010 1673 1060 1728 dat
1085 1675 1267 1733 victoriam.

216 1763 276 1833 lta,
300 1761 457 1835 inquiunt,
478 1775 544 1813 cum
555 1756 694 1817 Felicitas
708 1758 762 1814 dea
776 1757 898 1826 dicitur,
912 1772 974 1810 non
988 1757 1053 1828 ipsa
1066 1774 1141 1830 quae
1155 1757 1270 1831 datur,

217 1845 268 1902 scd
282 1861 389 1900 numen
402 1840 474 1896 illud
492 1840 656 1896 attenditur
669 1858 686 1895 a
700 1859 757 1916 quo
770 1839 896 1897 feliciter
907 1837 1002 1894 datur.

588 1991 709 2048 CAP.
752 1989 879 2048 XXV.

215 2089 259 2142 De
269 2105 321 2144 ano
331 2097 439 2141 tantam
448 2087 556 2140 colendo
566 2084 639 2151 Deo,
658 2087 705 2155 qui
720 2087 779 2140 licit
789 2088 893 2140 nornine
903 2087 1061 2156 ignoretur,
1081 2095 1173 2140 tamen
1194 2091 1271 2158 feli-

543 2155 638 2208 citatis
648 2158 726 2208 dator
737 2157 925 2210 eseeaentitur.

279 2263 339 2318 Ista
352 2264 436 2319 nobis
450 2262 565 2318 reddita
578 2263 708 2334 ratione,
734 2266 825 2320 multo
844 2264 961 2320 facilius
975 2266 1035 2336 cis,
1060 2267 1188 2339 quorum
1207 2286 1271 2325 cor

218 2363 277 2404 non
291 2347 378 2400 nimis
393 2345 546 2416 obduruit,
565 2345 803 2418 persuadebimus
817 2346 944 2402 fortasse
957 2347 1035 2421 quod
1048 2349 1195 2404 volumus.
1230 2349 1272 2408 Si

217 2430 295 2485 enim
307 2429 366 2483 iam
378 2425 504 2484 brunana
518 2427 672 2484 infirmitas
687 2430 797 2498 scnsit,
812 2448 872 2485 non
886 2423 990 2486 nisi'ab
1002 2431 1100 2506 aliquo
1112 2427 1178 2485 Deo
1191 2429 1272 2490 dari

216 2515 304 2586 posse
334 2511 520 2582 felicitatem3
548 2509 645 2566 etboc
659 2511 962 2568 senscrunthomines
989 2514 1040 2586 qui
1064 2521 1124 2567 tam
1142 2515 1270 2572 multos

217 2593 351 2651 colebant
377 2593 462 2666 deos,
490 2596 521 2649 in
535 2594 639 2668 quibus
657 2603 687 2650 et
705 2596 800 2668 ipsum
815 2611 916 2651 eorum
929 2613 1030 2672 regem
1043 2593 1157 2665 Iovem3
1186 2601 1287 2671 quia

216 2696 323 2734 nomen
339 2679 402 2733 eius
416 2695 434 2733 a
448 2695 504 2751 quo
519 2676 639 2732 daretur
653 2677 779 2734 felicitas
793 2678 986 2755 ignorabant,
1013 2678 1079 2734 idco
1095 2677 1190 2751 ipsius
1213 2687 1272 2739 rei

215 2762 336 2816 nomine
350 2776 436 2834 quam
449 2759 607 2815 credebaut
619 2760 654 2816 ab
668 2761 719 2816 illo
733 2760 813 2831 dari,
841 2779 907 2817 eum
919 2763 1066 2836 appellare
1078 2762 1270 2823 voluerunt:
1286 2777 1287 2792 ¹

216 2845 287 2897 satis
307 2858 379 2918 argo
402 2840 587 2914 iudicarunt,
613 2861 669 2900 nec
682 2844 717 2900 ab
730 2845 794 2917 ipso
808 2841 877 2902 love
891 2843 955 2900 dari
967 2863 1053 2920 posse
1067 2843 1270 2922 felicitatem,
1286 2833 1287 2914 Ῐ

216 2942 302 2998 quem
314 2925 372 2979 iam
386 2923 534 2997 colebant,
554 2925 605 2982 sed
618 2927 719 3000 utique
733 2927 768 2982 ab
782 2928 833 2983 illo
847 2945 934 3002 quem
947 2929 1065 2984 nomine
1078 2927 1169 3001 ipsius
1184 2926 1271 2986 feli·
1286 2921 1287 2946 ³

215 3007 314 3061 citatis
328 3004 480 3062 colendum
496 3026 560 3062 esse
585 3009 754 3063 censebant.
798 3008 945 3065 Confirmo
959 3029 1079 3084 prorsus
1093 3028 1110 3064 a
1124 3008 1271 3083 quodam

151 3098 156 3110 '
215 3087 279 3143 Deo
293 3106 379 3163 quem
392 3083 579 3160 nesciebant,
593 3107 644 3145 eos
657 3089 817 3147 credidisse
828 3093 892 3148 dari
905 3092 1088 3148 felicitatem:
1103 3093 1166 3166 ipsc
1180 3110 1270 3174 ergo

215 3180 390 3245 quaeratur,
416 3173 480 3247 ipse
493 3174 623 3244 colatur,
650 3172 807 3230 etsufficit.
850 3174 1033 3250 Repudietur
1048 3177 1189 3248 strepitus
1207 3179 1263 3236 in·

214 3255 437 3310 numerabilium
463 3255 698 3314 daemoniorum:
725 3258 769 3313 illi
794 3277 854 3314 non
869 3257 995 3315 sufficiat
1013 3257 1061 3315 hie
1075 3258 1177 3326 Deus,
1208 3268 1287 3330 cuip

1286 3339 1287 3378 l

115 3367 118 3372 ·
214 3355 274 3392 non
288 3335 396 3392 sufficit
408 3354 516 3394 munus
531 3339 602 3394 eius.
646 3338 859 3416 llli,inqua1n,
886 3340 1088 3398 nonsufficiat
1100 3340 1137 3396 ad
1150 3343 1287 3404 colen-¹

214 3418 373 3476 duchus
386 3417 471 3476 dator
483 3421 651 3494 felicitatis,
666 3424 714 3480 cui
726 3442 786 3480 non
800 3424 907 3482 sufficit
920 3425 957 3481 ad
970 3415 1175 3499 accipiendum
1187 3425 1269 3500 ipsa

212 3500 348 3558 felicitas.
394 3502 449 3560 cui
462 3505 689 3574 autemsufficit,
717 3502 790 3582 (non
803 3505 982 3564 cnimhabet
995 3506 1081 3563 homo
1096 3504 1166 3582 quid
1190 3527 1267 3569 am.

211 3585 298 3657 plius·
309 3594 412 3658 optare
438 3583 574 3664 debeat),
601 3589 711 3644 serviat
722 3591 776 3646 uni
789 3589 854 3647 Deo
867 3590 964 3646 datori
976 3591 1137 3647 felicitatis.
1183 3590 1266 3654 Non

211 3674 256 3720 est
269 3667 348 3739 ipsc,
375 3686 460 3742 quem
480 3669 754 3734 nominantlovem.
798 3673 874 3729 Nam
887 3675 914 3728 si
928 3692 995 3730 eum
1008 3673 1139 3730 datorem
1152 3673 1266 3735 felici-

209 3747 279 3802 tatis
306 3759 516 3826 agnoscerent,
543 3772 603 3810 non
620 3754 722 3827 utique
736 3755 841 3826 alium,
867 3758 915 3812 vel
928 3758 1016 3814 aliam
1028 3777 1046 3814 a
1059 3774 1117 3831 qua
1130 3755 1267 3820 daretur

209 3826 352 3904 felicitas,
379 3835 497 3889 nomine
513 3835 605 3907 ipsius
629 3835 778 3893 felicitatis
802 3839 1001 3913 inquirerent;
1031 3858 1126 3915 neque
1152 3840 1287 3913 ipsum'
