2576 4396
247 187 307 248 DE
330 187 552 250 ctvlTnTE
572 191 653 250 DEI
672 194 752 254 LlB.
775 197 834 256 lX.
1003 206 1063 262 273

34 347 109 400 inter
123 358 200 416 quos
215 350 247 396 et
257 342 325 396 illos
337 341 426 400 medii
437 344 593 400 constituti
610 342 698 402 sonti
739 349 798 406 Aut
810 351 837 406 si
848 349 902 407 boc
917 355 959 410 ais
972 353 1064 416 bene-

32 428 90 484 ficii
104 444 166 482 non
180 424 357 494 conferunt,
382 426 450 500 quid
469 427 588 501 prodest
607 426 773 490 bominibus
787 432 959 494 daemonum
971 441 1065 496 amica

32 505 187 568 mediatio?
208 508 257 566 An
272 516 305 563 ut
315 518 383 582 post
394 519 519 566 mortem
531 529 593 568 non
606 512 643 567 ad
655 513 725 570 daos
738 513 871 574 hominos
883 537 935 593 par
949 519 1063 578 daemo-

33 613 79 650 ncs
102 601 280 662 transcant,
306 591 356 647 sed
374 594 459 648 simul
476 596 580 651 vivant
597 598 714 672 utrique
735 603 940 674 contaminati,
966 621 1000 659 ac
1012 623 1064 679 per

32 676 80 734 boc
92 677 198 732 neutri
212 670 310 730 beati?
353 675 418 732 Nisi
430 677 508 733 forta
525 679 684 753 quisdicat
702 701 782 740 more
809 688 999 764 spongiarum
1017 691 1064 744 vel

31 757 233 817 huiuscemodi
250 777 350 815 rerum
368 759 512 817 mundare
527 761 681 820 mentones
700 769 808 824 arnicos
827 787 911 841 suos,
937 781 971 827 ut
981 779 1064 828 tanto

31 846 82 919 ipsi
94 841 280 900 sordidiores
293 841 381 916 fiunt,
407 853 516 919 quanto
529 846 605 902 fiunt
619 845 751 906 homines
766 853 808 908 cis
820 854 901 908 velut
919 856 1063 933 tergenti·

31 928 80 983 bos
92 927 278 983 mundiores.
314 927 398 993 Quod
411 929 437 983 si
450 931 492 984 ita
506 939 564 1002 ιιι,
579 934 869 992 contaminatioribus
883 936 923 992 dii
935 941 1062 994 miscen-

30 1022 71 1068 tur
84 1009 296 1081 daemonibus,
316 1013 367 1084 qui
382 1030 419 1068 nc
432 1015 719 1087 contaminarentur,
732 1017 880 1076 bominem
891 1023 1062 1098 propinqui·

30 1105 112 1151 tatem
125 1094 603 1171 contrectationemquevitarunt.
646 1099 692 1156 An
715 1101 793 1157 forte
816 1102 856 1158 dii
880 1115 1003 1178 possunt
1026 1106 1062 1162 ab

29 1178 194 1235 bominibus
206 1179 422 1235 contaminatos
436 1181 576 1236 mundare
588 1181 761 1255 daemonas,
785 1204 840 1241 nac
854 1187 888 1242 ab
903 1189 945 1242 cis
961 1198 1063 1244 conta-

30 1265 147 1332 minari,
176 1271 208 1317 ct
222 1279 257 1316 eo
272 1261 360 1317 modo
375 1281 434 1319 non
447 1273 569 1337 possent
587 1275 617 1320 et
633 1263 787 1322 bominesi
826 1269 898 1335 Quis
912 1271 982 1326 talia
995 1289 1063 1326 een-

31 1349 96 1416 tiat,
119 1346 178 1400 nisi
192 1363 280 1420 quem
293 1344 474 1402 fallacissimi
487 1346 641 1404 daemones
655 1347 851 1424 deceperunt?
879 1351 972 1424 Quid,
987 1353 1065 1428 quod

33 1431 57 1484 si
70 1427 163 1484 videri
174 1437 204 1484 et
215 1427 318 1484 videre
332 1430 527 1502 contaminat,
541 1429 680 1488 ridentur
692 1433 728 1488 ab
741 1433 907 1492 hominibus
920 1435 977 1508 dii,
991 1455 1063 1512 quos

30 1512 160 1569 risibiles
174 1511 260 1582 dicit,
288 1513 450 1569 clarissima
461 1514 564 1570 mundi
576 1516 687 1572 lumina
701 1525 731 1572 et
743 1527 860 1574 caetera
873 1519 987 1593 sidera,
1014 1530 1062 1577 tu·
1077 1567 1082 1586 .

30 1599 175 1672 tionesque
189 1603 260 1650 sunt
273 1594 429 1653 daemones
444 1597 479 1652 ab
492 1599 550 1654 ista
562 1597 711 1656 homiuum
726 1603 985 1676 contaminatione,
1011 1605 1064 1679 qui

31 1699 84 1736 non
96 1689 223 1754 possunt
235 1677 348 1751 videri,
377 1682 437 1736 nisi
449 1677 563 1738 velinti
589 1682 647 1738 Αιιι
660 1684 686 1738 si
700 1703 760 1740 non
775 1686 884 1758 videri,
898 1688 949 1744 sed
961 1688 1062 1744 videre

31 1765 222 1834 contaminat,
250 1773 363 1841 negent
375 1763 410 1819 ab
423 1765 488 1820 istis
503 1767 672 1822 clarissimis
684 1769 786 1824 mundi
797 1770 973 1844 luminibus,
989 1789 1061 1847 quos

31 1848 91 1903 deos
104 1849 285 1921 opinantur,
311 1845 406 1903 videri
418 1845 565 1921 homines,
587 1868 651 1905 cum
664 1851 762 1908 radios
778 1862 956 1912 suostcrras
970 1873 1062 1930 usquc

30 1931 211 2006 pertendant.
268 1931 327 1997 Qui
350 1939 447 1988 tamen
474 1951 574 1990 eorum
599 1933 675 1989 radii
699 1953 753 2010 per
779 1955 909 2012 quaeque
933 1940 1061 1994 ιιιιιιιιιιι-

30 2015 60 2071 do
72 2013 173 2072 diffusi
187 2032 251 2070 non
275 2015 527 2072 contaminantur:
555 2025 584 2072 ct
596 2015 637 2072 dii
649 2021 935 2092 contaminarentur,
963 2023 989 2077 si
1007 2020 1061 2077 bo-

29 2101 149 2156 minibus
173 2099 388 2169 miscerentur,
412 2099 525 2154 etiamsi
539 2109 617 2156 essct
637 2103 820 2158 necessarius
834 2104 867 2158 in
883 2104 1061 2160 subvenien-

29 2184 61 2240 do
73 2190 241 2240 contactus.
286 2179 362 2238 Num
373 2181 463 2238 radiis
478 2185 549 2240 solis
564 2193 594 2242 ct
607 2185 694 2242 lunae
706 2194 785 2242 terra
798 2187 991 2265 contingitur,
1007 2207 1061 2244 nec

28 2269 107 2324 istam
131 2265 319 2322 contaminat
338 2266 440 2322 lucem.

397 2381 518 2441 CAP.
561 2384 689 2443 XVll.

28 2463 68 2514 Ad
75 2463 288 2532 consequendam
297 2461 381 2514 citam
391 2462 510 2528 beatam,
530 2481 597 2533 quoe
616 2466 645 2518 in
661 2467 876 2534 participatione
896 2478 937 2521 ιιι
956 2471 1061 2526 summi.

27 2551 75 2588 non
84 2535 135 2588 tali
144 2531 299 2586 mediatore
307 2531 430 2655 indigelpp
435 2533 725 2656 mwofflffln
736 2536 858 2598 domoon,
878 2539 924 2588 aed
936 2539 988 2590 tuli
997 2555 1062 2606 qna-

88 2693 183 2752 Miror
196 2701 296 2748 autem
308 2693 463 2766 plurimum
475 2702 534 2749 tam
547 2692 646 2748 doctos
659 2691 802 2764 homines,
817 2695 868 2768 qui
879 2704 984 2750 cuncta
996 2714 1060 2750 cor-

27 2797 112 2852 porea
125 2787 156 2834 ct
169 2775 341 2847 sensibilia,
354 2795 424 2852 prae
437 2775 668 2852 incorporalibus
683 2785 713 2834 et
725 2777 968 2856 intelligibilibus,
980 2787 1059 2854 post-

29 2861 161 2934 ponenda
174 2859 396 2932 iudicaverunt,
423 2879 488 2918 cum
501 2862 599 2940 agitur
613 2859 648 2917 de
662 2861 747 2918 beata
760 2863 839 2934 vita,
866 2863 1061 2937 corporalium

30 2946 295 3002 contrectationum
307 2942 402 3000 facere
414 2947 603 3002 mentionem.
645 2944 701 3004 Vbi
715 2955 761 3002 est
773 2946 846 3004 illud
858 2945 984 3020 Plotini,
1010 2947 1060 3004 ubi

29 3031 83 3086 ait:
110 3027 321 3107 „Fugiendum
334 3036 379 3083 cst
391 3029 483 3106 igitur
496 3029 533 3086 ad
545 3030 738 3086 clarissimam
749 3031 891 3105 patriam,
912 3040 941 3086 et
954 3031 995 3086 ibi
1007 3049 1058 3104 pa-

29 3123 105 3186 „ter‚
133 3123 164 3169 et
174 3112 219 3168 ibi
233 3107 348 3168 omniai
377 3113 459 3178 Quae
472 3115 562 3192 igitur
576 3115 692 3184 classis,
707 3115 817 3189 inquit,
831 3124 882 3172 out
894 3111 983 3194 fugai
1009 3112 1058 3172 Si·

29 3200 144 3266 „nilem
162 3195 231 3254 Deo
251 3194 352 3252 lieri.“
396 3194 430 3254 Si
453 3217 523 3275 ergo
545 3197 599 3253 deo
625 3206 734 3272 quanto
758 3200 896 3269 similior,
922 3207 1003 3256 tanto
1024 3197 1059 3255 fit

29 3283 145 3358 quisque
170 3280 380 3357 propinquior3
403 3283 486 3337 nulla
504 3289 549 3336 est
567 3279 602 3337 ab
620 3281 670 3336 illo
689 3282 748 3338 alia
759 3282 959 3358 longinquitas
973 3300 1058 3357 quam

28 3365 87 3419 eius
100 3363 321 3422 dissimilitudo.
359 3363 537 3439 Incorporali
550 3383 621 3420 vero
633 3365 677 3422 illi
690 3373 810 3422 aeterno
823 3373 853 3420 et
865 3366 1057 3420 incommuta-

24 3446 76 3502 bili
88 3457 172 3506 tanto
189 3458 236 3505 est
249 3449 349 3503 anima
359 3445 487 3504 bominis
499 3447 685 3518 dissimilior,
711 3455 818 3520 quanto
835 3465 933 3502 rerum
947 3454 1057 3518 tempo-

25 3533 127 3590 ralium
149 3532 396 3607 mutabiliumque
418 3531 558 3606 cupidior.
601 3528 692 3586 *Hoc
707 3537 739 3585 ut
757 3537 893 3598 sanetur,
921 3527 1059 3601 quoniam

23 3615 181 3674 immortali
206 3615 347 3692 puritati,
374 3634 446 3691 quac
468 3616 500 3670 in
521 3631 631 3671 summo
648 3622 709 3684 est,
735 3629 770 3668 ea
783 3628 857 3686 quac
869 3611 902 3666 in
914 3610 973 3666 imo
987 3619 1057 3668 sunt

25 3703 158 3756 mortalia
171 3709 203 3757 et
215 3697 367 3756 immundo
380 3698 540 3755 convenire
552 3713 612 3754 non
632 3703 771 3770 possunt,
798 3711 870 3768 opus
884 3700 929 3749 est
942 3691 1057 3768 quidam

22 3780 199 3856 mediatore3
213 3802 277 3840 non
291 3791 390 3838 tamen
403 3783 457 3837 tuli
470 3781 520 3856 qui
533 3797 636 3854 corpus
650 3777 766 3854 quidam
777 3775 883 3834 habeat
894 3777 1057 3836 humortale

22 3869 217 3944 propinquum
244 3865 386 3937 summis,
409 3866 538 3921 animum
557 3872 654 3920 autem
672 3861 834 3919 morbidum
846 3861 969 3919 similem
989 3862 1055 3918 inli-

745 3944 766 4002 S
