2510 4404
205 165 267 224 DE
290 163 509 224 CIVITATE
532 167 608 225 DEI
637 167 715 225 LIB.
738 167 835 224 xxt.
975 171 1034 226 343

40 323 112 378 ortis
126 319 250 376 auferre.
287 317 371 376 Siout
384 318 462 376 enim
476 339 535 376 nou
549 319 677 376 efficiunt
695 322 774 398 leges
794 319 877 376 huius
891 319 1035 391 Civitatis,

40 426 41 456 ;
55 406 86 460 in
101 422 163 460 eam
175 404 297 480 quisquc
309 413 463 460 revocetur
477 404 604 467 occisus:
630 405 674 460 sic
688 423 740 460 nec
754 405 785 460 in
799 405 887 474 illius,
900 407 976 462 utin
990 407 1035 462 vi-

40 509 68 544 m
81 495 234 544 revocetur
247 495 411 559 aeternam,
432 487 559 544 secunda
575 498 669 544 morte
688 487 850 544 damnatus.
888 488 1035 555 Quomodo

40 591 81 650 *go
98 587 200 628 rerum
217 579 276 642 est,
302 573 456 646 inquiunt,
483 571 560 646 quod
579 574 621 628 ait
634 570 765 628 Christus
783 581 897 643 vester,
925 567 961 628 Ia
980 591 1037 649 qua

40 673 146 715 entare
163 657 257 712 mensi
267 655 413 726 fueritis,
438 657 469 712 in
482 669 518 713 e'a
530 657 704 713 remetietur
720 655 815 726 vobis,
842 657 868 710 si
880 657 1038 730 temporale

40 748 160 796 meatum
172 739 314 813 supplicio
328 740 447 813 ponitur
459 735 597 795 aeternoi
632 738 694 794 Nec
707 738 871 809 attendunt,
896 758 956 795 non
968 757 1038 812 pro-

42 841 74 878 er
85 823 204 898 aequale
217 824 354 897 temporis
368 823 501 898 spatium,
522 821 573 878 sed
585 832 702 898 proptor
714 823 946 880 vicissitudinem
958 824 1038 893 mali,

56 916 109 978 eat,
121 916 154 962 ut
167 907 216 982 qui
228 908 304 962 mala
317 906 431 974 fecerit,
444 908 520 962 mala
531 909 674 981 patiatur,
689 906 810 962 candem
825 906 932 964 dictam
946 907 1039 963 fuisse

40 1009 182 1046 ausuram.
211 990 349 1057 Quamvis
361 987 416 1046 boc
429 991 461 1046 in
474 1008 509 1046 ea
523 1009 554 1045 rc
566 991 682 1065 proprie
699 992 792 1064 possit
804 992 912 1064 accipi,
932 989 967 1046 de
981 1008 1039 1065 qua

40 1076 152 1130 ominus
167 1093 231 1129 cum
243 1073 297 1130 hoc
310 1074 430 1145 diceret,
443 1075 623 1150 loquebatur,
636 1073 667 1128 id
681 1083 733 1143 est,
748 1072 783 1130 de
793 1074 910 1130 iudiciis
925 1084 954 1130 et
967 1093 1037 1130 con-

40 1158 249 1214 minationibus.
265 1156 392 1214 Proinde
406 1158 457 1232 qui
469 1156 580 1214 iudicat
593 1166 623 1212 et
636 1156 809 1214 condemnat
820 1159 940 1229 iniuste,
954 1159 981 1214 si
991 1160 1038 1224 iu-

40 1252 121 1298 catur
135 1251 163 1298 et
177 1241 388 1298 condemnatur
401 1242 488 1314 iuste,
500 1242 534 1296 in
547 1241 646 1297 cadem
660 1259 796 1298 mensura
808 1243 926 1317 recipit,
937 1261 1037 1317 quam-

41 1345 127 1382 snon
145 1323 200 1380 hoc
220 1325 297 1400 quod
320 1323 407 1381 dedit.
442 1323 556 1381 iudicio
580 1326 659 1381 enim
679 1325 759 1397 fecit,
777 1325 894 1382 iudicio
914 1327 1037 1401 patitur:

40 1411 140 1465 uantvis
154 1409 259 1464 iecerit
272 1406 458 1466 damnatione
472 1407 549 1485 quod
561 1409 693 1485 iniquum
709 1419 764 1481 est,
778 1411 906 1485 patiatur
919 1409 1037 1466 danma-

40 1513 88 1549 ›ne
103 1491 300 1568 quodiustum
316 1502 369 1548 est.
471 1521 474 1528 ·

396 1643 517 1702 cAP.
559 1643 653 1702 ΧΗ.

40 1758 48 1792 r
68 1731 253 1809 magnitudine
269 1740 515 1809 praevaricationis
531 1741 653 1811 primae,
673 1741 704 1792 ob
724 1757 804 1810 qaam
823 1749 935 1794 aeterna
952 1757 1039 1808 poena

92 1810 210 1890 omnibus
221 1810 363 1876 debeatur,
383 1811 429 1881 qui
443 1821 523 1866 extra
536 1811 660 1882 gratiam
669 1811 782 1884 suerint
793 1809 952 1864 talamonte.

69 1915 128 1974 Sed
139 1935 233 1992 poena
246 1929 368 1975 aeterna
381 1919 446 1975 ideo
460 1918 533 1975 dura
547 1928 577 1974 et
589 1919 699 1976 iniusta
712 1921 845 1976 sensibus
858 1918 973 1976 videtur
985 1918 1039 1976 hu-

40 2002 110 2072 ania,
124 2003 192 2076 quia
205 2003 237 2058 in
249 1999 304 2057 hac
315 2001 484 2058 infirmitate
497 2001 738 2058 moribundorum
749 2021 886 2058 sensuum
897 2001 979 2058 deest
990 2005 1039 2058 iiie

40 2103 110 2141 nsus
122 2087 283 2141 altissimae
295 2086 527 2160 purissimaeque
539 2087 718 2158 sapientiae,
746 2103 802 2160 quo
821 2086 927 2140 sentiri
945 2089 1040 2160 possit

40 2179 146 2225 uantum
165 2168 246 2225 nefas
264 2170 296 2224 in
317 2170 368 2226 illa
390 2169 484 2242 prima
505 2171 757 2241 praevaricatione
782 2170 967 2226 commissum
991 2170 1039 2224 sit.

40 2262 122 2310 santo
137 2255 215 2309 enim
225 2253 321 2331 magis
334 2251 420 2308 homo
434 2249 583 2308 fruebatur
595 2251 671 2322 Deo,
686 2261 767 2308 tanto
781 2253 891 2308 maiore
905 2253 1038 2327 impieta-

47 2338 203 2412 dereliquit
216 2336 323 2409 Deum,
341 2345 372 2393 et
385 2336 478 2392 factus
491 2345 538 2391 est
549 2337 626 2391 malo
641 2335 746 2414 dignus
762 2345 897 2408 aeterno,
922 2337 972 2412 qui
984 2335 1039 2392 hoc

49 2440 81 2476 sc
93 2423 217 2496 peremit
229 2422 349 2492 bonnm,
362 2418 440 2496 quod
453 2437 517 2474 esse
530 2429 629 2495 posset
642 2429 802 2476 aeternum.
822 2419 900 2477 Hinc
915 2429 959 2476 est
971 2421 1038 2476 uni-

40 2523 90 2562 raa
102 2507 220 2583 generis
234 2503 355 2561 humani
367 2521 462 2560 massa
476 2503 625 2560 damnata:
652 2505 788 2578 quoniam
802 2506 851 2580 qui
863 2503 919 2562 hoc
936 2505 1039 2578 primi-

40 2609 50 2644 s
65 2589 193 2660 admisit,
207 2607 272 2644 cum
286 2606 321 2644 ea
330 2605 408 2663 quae
421 2588 453 2643 iu
466 2589 516 2643 iilo
530 2587 628 2643 fuerat
641 2587 770 2646 radicata
784 2606 836 2644 sua
849 2589 940 2662 stirpe
953 2589 1039 2662 puni-

40 2693 49 2728 s
65 2682 121 2744 est,
138 2682 173 2728 ut
185 2674 282 2728 nullus
296 2671 331 2728 ab
344 2669 400 2726 hoc
413 2671 491 2726 iusto
505 2670 658 2746 debitoque
673 2673 828 2746 supplicio,
853 2672 911 2727 nisi
924 2672 1039 2726 miseri-

40 2757 104 2813 rdia
116 2765 147 2811 et
161 2755 290 2812 indebita
302 2755 399 2834 gratia
411 2744 565 2826 liberatum
587 2763 673 2830 atquo
687 2757 728 2811 ita
742 2755 931 2830 dispertiatur
944 2773 1039 2832 genus

40 2857 173 2910 manum,
197 2841 281 2896 utin
302 2838 474 2915 quibusdam
488 2839 704 2896 demonstretur
723 2839 791 2916 quid
815 2841 911 2896 valeat
923 2839 1039 2896 miseri-

40 2941 69 2980 ra
83 2925 192 3000 gratia,
205 2925 238 2981 in
252 2925 375 2982 cacteris
389 2923 458 3000 quid
471 2925 549 2980 iusta
561 2924 699 2981 vindicta.
722 2923 824 3000 Neque
837 2926 915 2980 enim
928 2932 1039 2980 utrum·

42 3027 59 3064 e
74 3007 324 3066 demonstraretur
341 3011 373 3066 in
392 3009 541 3066 omnibus:
569 3010 637 3085 quia
651 3010 677 3064 si
690 3027 790 3066 omncs
808 3016 995 3064 remanerent
1008 3007 1037 3094 in

40 3093 104 3148 cuis
119 3096 214 3150 iustae
230 3094 437 3164 damnationis,
456 3095 488 3148 in
501 3095 583 3148 nullo
597 3104 749 3168 appareret
761 3095 929 3150 misericors
944 3093 1040 3170 gratia

40 3175 190 3234 dimentis:
217 3195 335 3233 rursum
353 3177 380 3231 si
398 3193 499 3231 omnes
512 3193 530 3228 a
542 3177 672 3232 tenebris
694 3177 926 3232 transferrentur
945 3177 977 3230 in
995 3177 1039 3230 lu-

40 3279 81 3331 m,
106 3263 138 3316 in
157 3261 236 3314 nullo
260 3267 412 3333 appareret
429 3256 572 3312 severitas
591 3259 721 3314 ultionis.
759 3258 793 3312 ln
811 3276 868 3333 qua
886 3266 1040 3330 propterea

40 3345 94 3397 ulto
108 3345 207 3416 plures
221 3359 308 3416 quarn
321 3343 352 3395 in
365 3341 416 3394 illa
430 3349 516 3418 eunt,
535 3348 569 3394 ut
581 3341 622 3394 sic
635 3339 805 3397 ostendatur
823 3337 892 3414 quid
905 3339 1038 3395 omnibus

40 3427 171 3480 beretur.
206 3423 327 3489 Quodsi
341 3423 473 3478 omnibus
494 3422 679 3493 redderetur,
703 3423 843 3478 iustitiam
860 3422 1038 3480 vindicantis

40 3516 82 3561 ste
96 3525 183 3586 nemo
196 3505 435 3582 reprehenderet:
459 3509 591 3584 quivero
605 3515 665 3562 tam
683 3507 766 3564 multi
784 3505 891 3563 exindo
911 3505 1038 3562 liberan-

40 3609 71 3658 r,
96 3599 142 3646 est
160 3590 237 3646 unde
255 3599 381 3670 agantur
399 3593 540 3649 unanimae
560 3591 674 3668 gratiae
693 3591 820 3668 gratuito
838 3591 952 3647 muneri
965 3589 1037 3646 libe·

40 3677 109 3732 ntis.
362 3691 365 3698 ·
