2590 4396
193 201 233 258 86
405 193 502 252 DIVI
535 191 723 252 nvuuuu
756 189 1011 253 Avevsrlul

568 343 590 402 C
612 345 637 400 A
658 341 691 398 P.
735 340 863 400 XVII.

192 443 262 498 Post
281 442 365 498 initio
379 441 527 498 consuleris
541 437 664 508 imperii,
684 438 779 506 quitus
794 443 874 492 molis
889 450 988 494 sescla
997 443 1091 514 fiterit
1106 441 1236 498 Rosnona

368 513 526 583 respublica,
537 508 588 562 diis
598 525 651 562 uon
661 509 858 576 opitulantibus
868 527 931 579 quos
941 514 1053 565 colebat.

257 603 342 664 Tune
355 606 415 662 ium
427 602 570 660 diminute
583 601 735 673 paululum
747 609 837 671 metu,
851 617 912 658 non
922 603 990 676 quio
999 602 1075 659 belle
1087 605 1236 678 conquie-
1281 627 1282 666 1

194 698 310 760 verant,
333 685 384 742 sed
398 687 465 760 quie
478 701 540 740 non
553 691 614 740 tum
626 684 713 762 gravi
725 683 856 758 pondere
869 685 1030 764 urgebant,
1049 685 1134 742 finito
1147 688 1235 742 scili·
1281 681 1282 744 ἶ

195 782 242 828 eet
259 781 389 842 tempore
409 785 465 842 quo
486 782 579 841 oeque
600 776 631 826 et
648 765 781 827 modesto
801 769 865 825 iure
879 769 1023 846 agitatum
1040 778 1101 840 est,
1127 779 1238 829 secuta
1281 771 1282 804 ³

194 863 263 910 sunt
277 870 350 926 quoe
368 850 445 906 idem
458 848 615 907 Sallustius
628 851 759 907 breviter
778 853 821 908 sio
835 853 976 927 explieat:
1002 853 1109 926 „Dein
1128 853 1239 909 servili

194 935 338 1009 „imperio
351 943 450 1008 petros
464 933 577 1007 plebem
590 951 740 1006 exercere,
756 933 791 989 de
802 937 1137 1014 vitentquetergoregio
1147 954 1238 991 more

194 1019 384 1090 ‚‚oonsulere‚
399 1034 472 1095 egro
486 1017 611 1090 pellere,
626 1026 656 1072 et
669 1019 793 1074 caeteris
808 1017 977 1090 expertibus
991 1020 1047 1074 soli
1059 1021 1091 1074 in
1106 1020 1236 1093 imperio

194 1117 315 1178 „egere
342 1100 453 1166 Quibus
473 1101 622 1172 saevitiis,
649 1109 681 1156 et
704 1101 831 1156 maxime
845 1100 966 1157 foenore
981 1119 1119 1176 oppresse
1136 1102 1238 1178 plebe,
1281 1159 1282 1162 ,

194 1201 286 1257 „cum
299 1183 426 1240 assiduis
439 1184 523 1239 bellis
537 1185 679 1240 tributum
693 1191 723 1239 ct
732 1185 866 1239 militiam
873 1185 960 1239 simul
966 1184 1117 1255 tolcrnrct,
1133 1201 1238 1242 arma-

195 1276 248 1341 „tu
260 1265 522 1324 montemSaerum
532 1276 620 1340 atquc
630 1267 811 1324 Aventinum
823 1265 947 1324 insedit:
961 1275 1081 1342 tumque
1094 1267 1239 1323 tribunos

195 1352 310 1427 „plebis
326 1361 356 1407 et
373 1349 431 1408 elis
444 1351 500 1406 sibi
513 1351 579 1406 iure
592 1351 717 1425 pererit.
756 1349 980 1406 Discordinmm
1006 1359 1035 1405 ct
1061 1351 1240 1405 certaminis

195 1437 366 1509 „utrimque
378 1433 448 1490 finis
460 1433 519 1490 fuit
528 1433 693 1498 ,secundum
706 1431 995 1490 bellumPunicum.“
1019 1433 1119 1500 *Quid
1131 1433 1240 1506 itaque

194 1537 251 1596 ege
270 1526 369 1574 tontes
388 1533 487 1574 meres
508 1519 556 1572 vel
575 1517 708 1572 scribens
734 1519 844 1590 patior,
871 1517 919 1572 rel
944 1513 1066 1572 lecturis
1091 1511 1239 1571 efferam?

194 1602 291 1668 Quam
303 1601 411 1658 nsiscro
425 1599 516 1656 fucrit
528 1600 579 1654 illu
592 1599 757 1672 respublica
770 1607 831 1655 tum
844 1601 934 1676 longa
948 1607 1043 1654 setete
1055 1607 1165 1672 portet
1177 1617 1237 1655 cn-

196 1703 249 1742 nes
263 1701 356 1757 usque
370 1681 406 1738 ed
420 1681 581 1740 secundum
594 1682 703 1738 bellum
715 1681 876 1754 Punicum,
901 1681 985 1738 bellis
999 1682 1164 1738 forinsecus
1184 1685 1237 1738 in-

195 1768 331 1842 quietsrc
344 1785 404 1824 non
419 1765 628 1822 desistentibus
654 1775 684 1822 et
702 1767 784 1822 intus
802 1764 957 1822 discordiis
981 1765 1238 1841 seditionibusque
1281 1793 1282 1808 o

195 1850 342 1922 civilibus,
356 1868 374 1906 e
387 1848 528 1906 Sallustio
541 1849 672 1907 breuiter
684 1851 851 1906 intimatum
865 1859 919 1906 est.
946 1847 1075 1906 Proinde
1088 1851 1237 1906 victoriae

194 1936 263 1992 illoc
283 1953 342 1992 non
358 1933 453 1991 solide
471 1933 623 1990 beatorum
640 1933 750 2012 gaudie
767 1933 904 2004 fuerunt,
930 1931 985 1989 sed
1004 1935 1107 1990 innnic
1126 1935 1237 1990 soletis

195 2020 387 2089 miserorum,
412 2025 443 2074 et
456 2015 493 2074 nd
506 2019 563 2073 olio
576 2025 664 2094 utque
678 2019 736 2073 elic
749 2018 864 2074 ster-ilic
876 2019 953 2073 male
966 2015 1119 2074 subeundo
1132 2019 1235 2072 illece-

194 2101 285 2160 brose
296 2102 489 2160 incitamenta
501 2103 621 2157 minime
636 2103 811 2176 quietorum.
831 2099 896 2158 Nee
907 2103 1005 2173 nobis,
1020 2103 1089 2176 quis
1101 2099 1173 2157 hsce
1188 2100 1236 2156 di-

198 2187 304 2255 oimus⁷
320 2185 392 2241 boni
404 2183 531 2240 Romani
542 2183 762 2260 prudentesque
779 2194 989 2243 succenseant:
1015 2201 1184 2260 quanquam
1197 2183 1236 2240 dc

195 2267 250 2326 lue
260 2285 297 2322 re
310 2285 366 2324 nee
380 2267 501 2340 petendi
514 2269 585 2339 sint,
600 2287 656 2324 nee
669 2268 824 2339 menendi,
838 2268 955 2343 quando
966 2285 1015 2324 eos
1029 2269 1149 2326 minime
1163 2285 1235 2324 sue-

197 2367 340 2408 eensures
354 2367 421 2408 esse
432 2352 633 2406 certissimum
652 2361 708 2406 est.
734 2351 838 2426 Neque
858 2353 937 2406 enim
955 2353 1076 2429 gravisus
1095 2353 1144 2407 vel
1161 2369 1234 2429 gra-

195 2436 279 2492 vissu
294 2433 416 2490 dicimus
430 2433 600 2489 unctoribus
615 2451 732 2506 eorum,
752 2435 864 2494 ctstilo
879 2443 910 2490 ct
923 2437 983 2491 otio
996 2437 1121 2491 multum
1138 2433 1235 2510 imps-

196 2535 260 2576 res:
287 2517 395 2592 quibus
411 2525 513 2572 tamen
533 2515 698 2572 ediscendis
718 2527 748 2572 et
767 2519 824 2592 ipsi
843 2518 1083 2588 elaboraverunt,
1112 2527 1142 2573 ct
1154 2517 1234 2574 filios

197 2619 267 2660 suos
282 2600 432 2658 elaborare
447 2601 636 2673 compellunt.
664 2600 721 2666 Qui
734 2610 833 2658 autem
846 2611 1034 2673 succensent,
1055 2601 1171 2676 quende
1185 2621 1234 2658 me

195 2684 323 2754 ferrent,
336 2684 363 2740 si
376 2701 432 2760 ego
445 2682 587 2754 dicerem,
602 2683 679 2758 quod
691 2681 849 2741 Sallustius
863 2681 925 2740 aru
939 2683 1234 2758 „Plurbmoeturbee,

196 2768 388 2840 „seditiones
400 2775 433 2821 et
445 2764 482 2820 ed
494 2775 676 2839 postremum
688 2767 765 2824 belle
779 2770 878 2826 civilis
892 2778 957 2824 orto
971 2777 1050 2840 sunt,
1065 2767 1133 2823 dum
1145 2769 1235 2842 pauci

196 2858 371 2924 ‚‚petentcs‚
395 2866 520 2922 quorum
533 2851 565 2906 in
578 2853 705 2927 grutism
717 2853 850 2926 plerique
864 2861 1088 2922 concesserunt,
1109 2852 1163 2906 sub
1175 2849 1234 2906 ho-

196 2941 310 3005 „nesto
329 2930 451 2988 Petrum
470 2940 521 2988 aut
540 2935 633 3007 plebis
654 2936 774 2990 neruine
799 2934 1015 2992 deminutiones
1039 2931 1233 3008 affectabant3

138 3074 152 3098 x
197 3015 353 3088 „luemque
366 3023 398 3070 et
410 3017 480 3072 moli
494 3017 573 3074 cives
588 3017 739 3092 appellati,
766 3035 828 3074 non
848 3019 883 3075 ob
901 3021 1007 3076 merito
1027 3021 1058 3074 in
1071 3018 1233 3092 rempubli-

196 3115 299 3170 „emm
314 3098 448 3154 omnibus
461 3102 574 3172 puriter
588 3101 751 3175 corruptis,
771 3101 823 3158 scd
835 3103 881 3158 uti
894 3105 1019 3178 quisque
1032 3103 1233 3177 locupletissi-

196 3199 289 3254 „mus
305 3189 335 3236 et
347 3182 458 3237 iniuria
471 3183 607 3253 validior,
622 3185 692 3256 quis
704 3187 876 3258 proesentis
889 3185 1074 3258 defendebat,
1088 3203 1141 3261 pro
1153 3185 1232 3243 beno

196 3263 418 3336 „dueebetur.“
443 3262 538 3320 Porro
552 3267 578 3322 si
591 3266 635 3320 illi
648 3268 808 3342 scriptores
822 3265 964 3324 historice
977 3267 1014 3324 od
1026 3267 1181 3326 honestem
1194 3271 1232 3325 li-

194 3349 338 3406 bertatem
351 3348 501 3422 pertinere
513 3349 652 3406 arbitrati
663 3357 750 3422 sunt,
776 3349 852 3407 male
871 3353 1000 3408 civitatis
1018 3355 1154 3428 propriae
1171 3371 1230 3410 non

194 3441 310 3504 tacere,
338 3449 426 3506 quan
442 3433 544 3488 multis
561 3433 635 3488 loeis
656 3451 765 3510 magno
782 3437 942 3509 praeconio
954 3435 1075 3492 laudare
1090 3439 1233 3510 compulsi

195 3524 283 3587 sunt,
298 3533 365 3572 oum
383 3515 472 3570 elium
490 3517 637 3572 veriorem
657 3533 714 3590 quo
735 3518 814 3575 cives
829 3521 943 3576 aeterni
956 3520 1076 3598 legendi
1089 3531 1159 3576 sunt
1172 3539 1232 3576 nen

193 3596 351 3669 heberent3
378 3598 448 3672 quid
465 3615 521 3656 nos
541 3599 641 3655 locere
659 3603 816 3673 convenit,
844 3619 970 3677 quorum
990 3623 1056 3680 spes
1076 3614 1187 3680 quanto
1199 3599 1232 3658 in

195 3679 261 3735 Deo
275 3683 378 3736 melior
392 3689 422 3735 et
434 3682 555 3752 certior,
569 3689 652 3738 tonte
667 3685 761 3740 maior
773 3684 860 3740 debet
871 3703 935 3741 esse
946 3688 1077 3758 libertos,
1093 3705 1158 3743 eum
1171 3703 1232 3742 mn-

197 3764 225 3816 le
240 3764 407 3836 praesentio
421 3761 538 3820 Christo
552 3773 655 3821 nestro
668 3767 825 3848 imputant,
838 3776 872 3823 ut
881 3769 1059 3826 infirmiores
1071 3771 1232 3844 imperitio-

199 3863 304 3920 resque
318 3854 431 3903 mentes
446 3847 613 3905 alienentur
628 3849 663 3907 ab
678 3869 712 3908 ee
727 3851 858 3927 civitate,
872 3852 904 3910 in
918 3871 976 3930 qua
989 3855 1051 3911 solo
1064 3855 1173 3932 iugiter
1187 3853 1231 3910 le-
