2592 4396
259 198 320 255 DE
347 198 567 258 ClVlTATE
590 201 670 260 DEI
697 204 778 269 ΗΒ.
800 208 894 269 XIV.
1047 219 1087 275 29

36 351 118 408 mini
129 350 210 419 aias,
232 358 341 406 terram
354 351 523 428 intelligant
538 371 670 427 earnem,
690 373 776 430 quum
788 364 955 433 praesentia
966 381 1021 421 sua
1031 367 1086 424 im-

33 436 101 509 plet
114 433 233 502 anima,
261 434 381 507 eiusque
397 435 524 490 maxime
545 435 725 509 dominatur,
741 458 806 496 cum
819 443 851 496 in
864 444 973 500 virtute
985 451 1084 504 multi-

32 518 177 592 plicatur.
214 512 353 571 Carnalcs
367 525 463 574 autem
477 517 572 574 foetus
587 521 651 574 sine
664 521 801 595 libidine,
816 543 889 599 quae
902 537 969 601 post
979 548 1084 603 pecea-

31 610 102 656 tum
113 606 231 668 exorta‚
243 599 387 672 inspecta,
399 599 534 672 confusa,
544 604 639 658 relata
648 613 702 674 est,
712 623 766 661 nee
776 614 847 663 tunc
856 611 937 664 nosci
941 613 1083 684 potuisse,

31 685 116 738 sicut
129 687 229 755 neque
242 700 322 738 nunc
334 691 471 755 possunt;
497 703 550 740 nec
569 684 755 754 ianaradiso
774 688 888 746 futuros
907 692 1013 764 fuisse,
1032 695 1083 751 sed

29 765 126 835 foris,
143 765 223 820 siout
235 774 265 820 et
277 765 389 820 factum
401 775 455 821 est.
492 765 566 822 Nam
578 777 679 842 postea
693 789 777 845 quam
792 773 860 828 inde
874 774 986 831 dimissi
1000 786 1080 848 sunt,

29 849 68 905 ad
84 847 257 925 gignendos
270 847 346 903 filios
362 849 505 921 coierunt,
521 869 628 926 eosque
641 865 818 929 genuerunt.

410 999 532 1056 CAP.
576 999 714 1058 XXll.

85 1093 133 1148 Dc
145 1097 242 1163 copula
252 1095 417 1166 coniugalia
428 1093 487 1147 Deo
494 1097 624 1164 primitas
634 1099 775 1163 instituta,
787 1109 868 1168 atquc
879 1103 1026 1156 benedicta.

98 1185 164 1242 Nos
178 1195 275 1242 autem
290 1184 466 1241 nullomodo
481 1186 661 1260 dubitamus,
675 1189 834 1246 secundum
847 1191 1079 1249 benedictionem

28 1270 91 1326 Dei
106 1287 242 1324 erescere
256 1277 285 1324 et
296 1268 484 1342 multiplicari
498 1279 528 1325 et
540 1271 661 1344 implere
674 1281 798 1343 terrum,
823 1272 932 1330 donum
945 1293 1010 1328 esse
1022 1293 1077 1331 nu-

27 1356 180 1428 ptiarum,
195 1370 267 1428 quas
280 1350 364 1407 Deus
378 1360 447 1406 ante
460 1361 614 1425 peecatum
626 1352 752 1410 bominis
766 1356 801 1411 ab
815 1357 900 1412 initio
914 1357 1077 1426 constituit,

27 1433 165 1492 creando
185 1436 348 1491 masculum
368 1443 398 1489 et
416 1433 569 1493 feminam:
597 1439 648 1512 qui
668 1455 756 1492 sexus
779 1439 900 1495 evidens
922 1439 1023 1512 utique
1045 1441 1077 1496 in

27 1538 124 1576 carne
133 1528 188 1574 est.
202 1516 281 1574 Huic
294 1519 401 1592 quippe
414 1521 495 1592 operi
505 1518 563 1575 Dei
576 1522 665 1576 etiem
677 1521 842 1578 benedictio
854 1522 1077 1596 ipsasubiuncta

27 1614 85 1660 est.
111 1600 191 1658 Nam
204 1621 271 1658 cum
284 1599 437 1675 Scriptura
450 1601 592 1675 dixisset,
605 1603 787 1674 Mateolani,
802 1604 1078 1676 arseminamfocit

27 1705 78 1746 eos
88 1706 101 1742 :
116 1686 260 1742 continuo
274 1684 412 1755 subdidit,
427 1684 469 1742 Et
483 1687 633 1744 benedixit
647 1704 695 1744 eos
710 1685 805 1758 Deus,
821 1689 937 1746 dicens:
960 1685 1076 1743 Cresci-

26 1783 67 1840 tc,
86 1779 118 1826 et
133 1767 390 1844 multiplicamini,
415 1779 445 1824 at
463 1769 581 1846 implete
600 1781 730 1840 terram,
754 1781 783 1827 et
797 1771 988 1828 dominamini
1001 1771 1074 1838 cias,

26 1865 83 1910 etc.
126 1852 211 1918 Quae
232 1851 330 1906 omnia
345 1868 509 1925 quanquam
522 1871 582 1908 non
596 1855 841 1910 inconvenienter
858 1854 971 1927 possint
987 1853 1075 1907 etiam

25 1938 61 1993 ad
76 1935 270 1992 intellectum
283 1934 444 2007 spiritalem
457 1935 576 1992 referri:
594 1938 753 1992 masculum
771 1947 867 1992 tamen
888 1945 917 1991 et
935 1936 1075 1990 feminam
1128 1983 1138 1994 .

25 2041 88 2078 non
111 2020 192 2074 sicut
212 2017 308 2072 sirnile
327 2017 435 2090 aliquid
453 2020 541 2074 etiem
558 2021 590 2074 in
608 2018 726 2076 homine
744 2037 803 2074 uno
822 2019 948 2094 intelligi
967 2026 1073 2090 potest,

25 2107 96 2179 quia
108 2100 253 2159 videlicet
265 2101 299 2155 in
311 2118 345 2154 eo
359 2099 438 2154 aliud
451 2111 496 2156 est
509 2101 585 2175 quod
597 2103 686 2177 regit,
700 2100 779 2156 aliud
789 2100 866 2174 quod
879 2101 1009 2176 regitur:
1024 2097 1075 2152 sed
1168 2131 1175 2142 ·

24 2191 105 2244 sicut
118 2183 344 2242 evidentissime
358 2193 477 2257 apparet
490 2176 522 2239 in
535 2182 643 2238 diversi
656 2200 743 2238 sexus
758 2182 939 2256 corporibus,
958 2198 1072 2236 mascu-

23 2272 86 2328 lum
102 2279 134 2326 et
150 2267 293 2324 feminam
305 2267 347 2320 ita
361 2274 485 2337 creatos,
499 2276 532 2322 ut
541 2267 653 2341 prolem
664 2265 834 2343 generando
850 2273 1028 2334 crescerent,
1044 2273 1073 2318 ct

23 2354 313 2426 multiplicarentur,
328 2358 358 2404 et
370 2350 524 2423 implerent
537 2358 656 2421 terrem,
679 2349 747 2426 [cui
761 2351 924 2404 sententiae
937 2358 996 2404 tam
1010 2349 1072 2403 evi·

24 2432 147 2510 denti,]
166 2451 292 2510 magnae
311 2431 498 2488 absurditatis
512 2442 557 2488 est
574 2433 724 2488 reluctari.
752 2431 857 2504 Neque
871 2433 949 2487 enirn
963 2431 998 2486 de
1012 2431 1070 2502 spi-

24 2525 84 2577 ritu
100 2521 157 2596 qui
172 2519 306 2591 imperat,
320 2525 350 2570 et
362 2532 450 2570 carne
462 2532 538 2587 quae
548 2514 741 2587 obtemperat3
756 2523 808 2568 aut
820 2513 855 2568 de
869 2515 966 2568 auimo
979 2513 1071 2566 ratio-

24 2607 85 2660 nali
101 2604 156 2678 qui
171 2601 262 2677 regit,
276 2609 306 2654 et
319 2598 484 2654 irrationali
498 2596 655 2670 cupiditate
669 2613 742 2669 quae
755 2596 884 2671 regitur,
898 2603 950 2649 aut
961 2593 996 2647 de
1009 2595 1071 2648 vir-

22 2699 87 2743 tute
101 2684 333 2758 contemplativo
344 2699 417 2756 quae
428 2681 559 2750 excellit,
574 2679 651 2735 etde
665 2679 761 2734 activa
774 2695 848 2751 quae
862 2675 1073 2745 subditu13eut

21 2771 58 2826 de
77 2770 239 2826 intellectu
254 2767 377 2835 mentis,
405 2773 434 2820 ct
451 2781 539 2820 sensu
555 2763 697 2838 corporis:
725 2761 775 2816 sed
788 2768 888 2834 aperte
901 2759 938 2814 de
949 2759 1070 2814 vinculo

20 2852 198 2929 coniugali,
220 2868 276 2924 quo
289 2849 417 2906 invicem
430 2846 487 2903 sibi
500 2855 624 2922 uterque
638 2863 725 2900 sexus
739 2844 947 2921 obstringitur,
966 2841 1070 2900 Domi-

19 2955 80 2993 nus
101 2937 307 3010 interrogatus
325 2941 423 2988 utrum
440 2933 544 2986 liceret
568 2946 742 3006 quacunque
762 2945 902 2983 excausa
924 2925 1070 2982 dimittere

19 3039 171 3088 uxorem,
199 3017 337 3091 quoniam
349 3023 467 3088 propter
481 3013 618 3070 duritiam
630 3012 726 3069 cordis
741 3009 940 3067 lsraiilitarum
952 3007 1070 3084 Moyses

18 3105 88 3161 dari
101 3101 240 3160 libellum
252 3098 366 3171 repudii
378 3099 521 3172 permisit,
535 3095 780 3171 responditstque
794 3096 848 3150 ait:
863 3090 927 3150 Noa
941 3093 1069 3168 legistis,

18 3190 93 3265 qaia
107 3178 439 3320 qaifewmincm]
457 3179 493 3236 ab
507 3181 604 3249 initio,
617 3177 777 3234 masculam
791 3187 821 3234 et
829 3175 980 3246 seminam
985 3174 1071 3244 fecit

17 3289 87 3342 eos,
103 3278 138 3328 et
153 3265 251 3334 dixit,
323 3273 397 3340 pter
411 3261 464 3318 boc
478 3262 609 3318 dimittet
621 3261 703 3318 bomo
711 3268 835 3336 patrem
848 3265 878 3312 ct
891 3267 1027 3323 matrem,
1042 3264 1072 3310 et

15 3347 209 3412 adhaerebit
222 3349 312 3404 uxori
324 3364 411 3416 suae,
425 3355 455 3400 et
469 3353 556 3400 erant
570 3345 625 3400 dae
639 3347 669 3400 ia
683 3359 774 3398 carae
786 3333 866 3394 aaa?
891 3335 998 3412 Itaque
1012 3339 1071 3392 iam

14 3458 75 3496 noa
87 3443 168 3495 sant
182 3431 250 3500 duo,
264 3430 317 3488 scd
329 3447 389 3486 aaa
402 3446 482 3484 caro.
520 3424 605 3494 Quod
617 3443 687 3502 crgo
702 3422 784 3480 Deae
798 3421 967 3486 coniunxit,
989 3416 1071 3472 bomo

14 3541 74 3578 aaa
89 3522 235 3597 separet.
268 3511 388 3569 Certum
400 3519 445 3565 est
461 3509 568 3585 igitur,
588 3509 750 3564 usesculum
763 3513 793 3558 ct
805 3503 945 3558 feminam
957 3501 999 3552 ita
1010 3497 1069 3569 pri-

14 3607 113 3661 mitus
128 3597 309 3665 institutos,
334 3603 368 3650 ut
384 3610 464 3650 nunc
477 3590 611 3646 homines
625 3591 698 3648 duos
713 3587 822 3643 diversi
835 3601 924 3638 sexus
937 3577 1070 3637 videmus

13 3698 40 3743 et
70 3687 236 3744 novimus:
274 3696 366 3734 unum
390 3684 488 3732 autem
510 3671 583 3744 dici,
608 3675 658 3730 vel
678 3679 797 3746 propter
821 3664 1069 3730 coniunctionem,

12 3772 60 3826 rel
89 3772 224 3842 propter
244 3761 390 3838 originem
408 3758 552 3826 feminae,
576 3773 651 3830 quse
670 3754 705 3808 de
724 3751 847 3807 masculi
865 3750 958 3804 latere
972 3753 1070 3802 creato

10 3864 65 3910 est.
100 3849 187 3908 Nam
206 3853 237 3900 ct
248 3844 407 3918 Apostolus
425 3858 478 3916 per
494 3838 549 3896 hoe
569 3840 693 3914 primum
714 3834 791 3910 quod
810 3833 876 3890 Deo
897 3831 1070 3888 instituente
