2538 4392
182 220 242 280 DE
266 220 588 284 civilianum
612 227 694 286 LlB.
720 223 846 290 xviii
976 237 1033 294 180

103 371 222 435 omne
236 375 294 432 erit
305 383 336 432 et
347 377 458 451 luetur,
472 377 637 436 stridebunt
648 377 783 438 deutibna
797 399 907 442 omnen

91 457 128 530 ,tt
138 455 268 532 Eripitur
280 459 350 515 eolie
363 459 457 531 iubar,
471 471 503 518 et
515 461 620 519 eborae
632 464 737 522 interit
749 465 846 522 aetrie.

100 543 128 594 0
137 539 275 598 Volretur
288 541 451 620 [Solretur]
465 547 588 617 eoelum,
602 548 714 604 lunarie
727 547 864 624 eplendor
876 548 976 608 obibit.

99 623 127 680 *3
137 622 263 682 Deiiciet
275 627 378 698 eollee,
392 628 483 684 rallee
498 630 620 685 extollet
631 629 667 686 ab
680 632 748 687 imo.

98 715 126 772 ’3
135 706 201 764 Non
214 709 271 764 erit
282 710 315 765 ia
327 709 412 766 rebue
425 708 575 768 bominum
588 713 720 787 eublime,
733 716 781 772 vel
794 716 893 774 eitum.

98 803 125 846 *a
135 789 195 848 Iam
207 801 370 866 aequantur
383 795 492 868 campie
503 804 630 868 montet,
644 805 675 853 et
687 799 803 856 cremia
815 801 909 875 ponti.

96 869 126 920 0
137 873 242 932 Omnia
256 875 424 948 certabunt,
436 878 523 935 tellne
536 879 687 937 confracta
699 883 815 958 peribit.

97 946 125 1008 Μ
137 955 188 1015 Sic
197 958 309 1033 pariter
321 957 417 1016 fontee
431 969 591 1035 torrentur,
604 961 783 1042 fluminaque
794 968 869 1047 igni.

98 1038 128 1102 Μ
138 1039 195 1098 Sed
207 1041 277 1098 tuba
289 1050 352 1100 tum
365 1044 495 1101 eonitum
507 1047 622 1104 tristem
634 1046 767 1107 demittet
778 1049 814 1108 ab
828 1053 887 1109 alto

96 1120 128 1178 ἕο
138 1123 226 1196 Orbe,
238 1143 360 1203 gemere
372 1125 488 1185 fecium
499 1129 640 1187 mieerum
651 1133 807 1210 rariorque
820 1134 950 1195 laborer:

95 1205 126 1265 ’ἣ
137 1207 367 1286 Tartareumque
381 1207 468 1268 ebaoe
481 1214 656 1271 monetrabit
666 1223 747 1272 terra
760 1213 922 1276 debiecene.

94 1286 126 1362 m
136 1289 175 1348 Et
187 1307 285 1348 coram
297 1289 347 1348 bic
359 1291 487 1352 Domino
499 1313 586 1374 regee
599 1298 742 1356 eietentnr
754 1299 790 1356 ad
803 1319 904 1358 unurn.

94 1373 257 1451 §Recidet
270 1393 287 1431 e
301 1376 390 1432 coelia
404 1378 541 1455 ignisque
554 1388 585 1436 et
596 1379 742 1457 eulpbnria
755 1385 859 1440 amnia.

15 1453 94 1515 ntia
108 1457 221 1516 Latinio
232 1457 367 1516 retribue
381 1458 417 1516 de
430 1459 545 1520 Graeco
559 1473 708 1540 utcunque
722 1468 887 1541 menelotie,
912 1469 954 1526 ibi
964 1489 1032 1529 non

15 1543 96 1598 »otnit
110 1543 160 1598 ille
172 1559 274 1600 aenam
288 1560 461 1616 occanere,
487 1547 539 1622 qui
557 1546 593 1604 fit
604 1565 670 1604 anm
682 1548 804 1623 literae,
830 1569 904 1626 quae
917 1557 1033 1612 euntia

15 1641 102 1682 mrum
117 1625 266 1701 cupitline,
279 1635 508 1700 connectuntur,
517 1629 733 1690 nbiniteraiu
740 1631 853 1690 Gnaeo
863 1637 959 1710 poelta
973 1647 1033 1709 eet3

15 1709 67 1780 [uia
80 1727 142 1766 non
154 1716 312 1784 potuerunt
323 1709 413 1768 rerba
425 1709 531 1769 Latina
543 1715 683 1786 inveniri,
697 1733 773 1792 quae
786 1715 821 1773 ab
836 1717 936 1775 eadem
947 1720 1033 1776 litera

15 1794 182 1867 ueipennt,
205 1801 235 1848 et
252 1794 417 1850 tententiae
434 1798 635 1854 convenirent.
671 1797 713 1855 lli
730 1809 827 1858 autern
840 1809 912 1858 eunt
927 1820 1033 1860 rereue

15 1892 70 1946 ree,
84 1877 204 1952 quintae
218 1883 249 1932 et
261 1885 380 1934 octavae
393 1875 523 1936 decimae
541 1887 572 1936 ct
584 1897 680 1938 nonne
694 1881 833 1940 decimae.
876 1883 993 1942 Deinde
1008 1888 1034 1942 ei

15 1958 118 2030 iteras,
141 1974 216 2034 qnae
233 1967 303 2016 eunt
318 1960 351 2015 in
364 1960 505 2035 capitibue
518 1965 648 2020 omuium
660 1980 799 2022 veranum
813 1977 1035 2041 connectentes,

15 2059 102 2098 oram
117 2043 205 2099 trium
218 2059 291 2118 quae
304 2043 431 2115 scriptae
446 2053 516 2101 eunt
527 2063 587 2102 non
600 2047 748 2124 legemur,
771 2047 823 2103 eed
834 2065 888 2123 pro
901 2051 944 2105 eie
960 2049 988 2107 Τ
998 2052 1034 2106 li-

15 2143 102 2196 eram,
117 2135 254 2202 tanquam
266 2127 298 2182 in
311 2124 421 2182 eiedcm
433 2127 506 2182 locie
520 2129 583 2200 ipen
596 2129 636 2184 ait
647 2130 755 2202 poeite,
768 2129 966 2204 recordemur,
981 2145 1034 2188 ex-

15 2209 136 2266 rimitur
148 2210 180 2266 in
193 2207 442 2284 quinqueremis,
462 2208 544 2268 leena
558 2209 691 2268 Christus
704 2211 762 2269 Dei
774 2211 867 2269 Filiae
881 2211 1034 2272 Salvator:

16 2292 45 2348 ad
60 2311 134 2350 cum
147 2290 259 2348 Graece
271 2290 327 2348 hoc
340 2289 462 2364 dicitur,
485 2310 546 2350 non
565 2292 679 2350 Latine.
721 2293 764 2352 Et
781 2303 852 2353 eunt
868 2315 971 2354 verena
988 2299 1034 2356 vi·

16 2375 73 2432 inti
89 2383 124 2432 et
142 2383 268 2450 reptem,
295 2375 346 2450 qui
369 2392 509 2433 numeror
532 2376 707 2453 quadratum
728 2380 890 2438 ternarium
908 2381 1033 2438 relidam

16 2459 104 2514 addit.
129 2455 202 2514 Tria
213 2459 292 2514 enini
305 2466 351 2514 ter
364 2457 450 2515 dueta
461 2458 538 2518 fiunt
550 2479 665 2518 novem.
699 2459 740 2518 Et
751 2463 816 2536 ipea
829 2481 936 2522 norem
949 2466 975 2520 ei
988 2474 1037 2522 ter

16 2552 159 2612 reantur,
181 2549 215 2598 ut
233 2557 272 2598 ex
290 2541 349 2598 lato
361 2542 393 2597 in
406 2543 497 2598 altum
515 2541 611 2622 ligura
625 2554 800 2623 consurgat,
816 2544 853 2601 ad
866 2547 975 2623 viginti
988 2563 1034 2602 ee-

16 2643 70 2682 'em
84 2626 275 2702 perveniunt.
291 2623 406 2682 Horum
418 2633 516 2682 autem
527 2625 709 2684 Graecorum
722 2628 1034 2704 quinqueremem,

16 2728 66 2766 iae
88 2716 173 2780 snut,
194 2705 303 2785 Ιησοῦς
318 2700 453 2786 Χριστὸς
470 2703 548 2766 Θεοῦ
565 2702 630 2778 υἱὸς
642 2701 757 2790 σωτήρ,
770 2709 847 2786 qnod
860 2719 906 2768 eet
920 2709 1035 2783 Latine,

17 2812 73 2850 sua
83 2791 223 2851 Chrietna
231 2787 289 2847 Dei
301 2790 394 2847 Filiae
407 2789 555 2866 Salvator,
569 2794 596 2848 ei
607 2794 717 2870 primae
732 2795 833 2852 literae
846 2795 897 2852 inu
920 2813 964 2867 ae,
978 2796 1036 2852 erit

16 2873 89 2950 obe,
103 2875 201 2946 idest,
213 2875 313 2950 pincia,
326 2875 359 2931 in
372 2892 430 2950 quo
438 2877 558 2934 nomine
567 2878 691 2954 mystice
700 2878 878 2956 intelligitur
912 2877 1034 2950 brietue,

33 2959 124 3036 quod
136 2960 169 3015 in
181 2957 269 3015 haine
286 2959 472 3016 mortalitati·
490 2959 595 3036 abyeec
614 2963 741 3017 velutin
754 2977 894 3036 aquarum
912 2961 1033 3039 prolim-

16 3054 82 3101 :atc
96 3043 200 3113 rivue,
213 3039 268 3097 hoo
281 3049 337 3113 eet,
351 3043 415 3098 eine
428 3053 549 3116 peccato
563 3062 627 3100 erae
639 3045 776 3117 potuerit.

44 3125 141 3184 Haec
155 3133 256 3182 autem
268 3121 383 3200 Sibylla
401 3127 464 3182 eive
475 3124 656 3200 Erythraea,
679 3129 742 3184 aire
759 3136 792 3184 ut
804 3127 921 3201 quidam
938 3129 1032 3207 magia

16 3209 128 3280 edunt,
143 3207 268 3278 Correo,
289 3209 332 3264 ita
344 3205 418 3264 nihil
430 3206 519 3262 habet
532 3209 564 3264 in
578 3219 639 3269 toto
653 3212 781 3266 carmine
794 3227 858 3280 auo,
872 3212 953 3266 cuine
968 3212 1032 3266 exi·
1142 3241 1143 3245 =

16 3314 37 3350 a
55 3296 124 3350 ieta
144 3292 290 3368 particula
305 3299 364 3360 eat,
388 3289 467 3366 quod
480 3289 517 3345 ad
529 3288 648 3348 deorum
660 3291 800 3348 salsorum
820 3293 882 3347 aive
901 3291 1033 3348 lictorum

17 3382 101 3434 ltum
121 3375 286 3452 pertineat,
312 3375 382 3448 quin
395 3374 454 3428 imo
466 3373 509 3429 ita
523 3375 611 3430 etiam
627 3383 731 3430 contra
743 3391 793 3430 eoe
808 3381 839 3427 et
851 3381 955 3428 eontra
970 3373 1033 3428 cul·

17 3481 60 3518 es
81 3477 193 3516 corum
205 3459 348 3533 loquitur,
371 3455 449 3513 utin
463 3473 563 3515 eorum
575 3474 697 3514 numero
711 3454 876 3530 deputanda
888 3454 1034 3527 videatur,

17 3595 20 3602 .
36 3545 214 3622 pertinent
226 3541 264 3598 ad
278 3539 433 3598 Civitatem
446 3537 512 3596 Dei.
535 3539 645 3596 lneerit
656 3540 744 3597 etiarn
756 3537 926 3594 Lactantius
944 3535 1034 3610 Operi

39 3625 207 3704 quaedam
219 3623 256 3680 de
270 3621 387 3682 Christo
400 3623 542 3679 vaticinia
555 3621 697 3698 Sibyllae,
714 3620 845 3696 qnamrie
859 3637 919 3675 non
935 3619 1033 3694 expri-

17 3725 28 3770 t
48 3713 160 3768 cuiun.
185 3706 246 3766 Sed
259 3725 336 3783 quae
347 3707 411 3780 ipee
423 3706 596 3782 singillatim
606 3705 717 3781 poenit,
732 3723 788 3782 ego
800 3701 958 3760 arbitratur
971 3720 1032 3760 eum

20 3796 181 3852 iunctim
193 3808 260 3850 eaeo
274 3787 427 3866 ponenda,
452 3797 590 3864 tanquam
608 3806 701 3844 unum
714 3789 753 3844 eit
769 3786 934 3862 prolixum,
958 3803 1034 3862 qwuae

17 3880 130 3955 plura
136 3872 381 3936 commemorarit
388 3880 418 3928 et
427 3871 536 3928 brevia.
548 3870 604 3944 „ln
609 3889 713 3928 manno
720 3872 846 3945 iniquae,
851 3871 958 3945 inquit,
964 3867 1030 3928 iufi-
