2586 4396
257 219 319 278 DE
342 219 569 282 CIVITATE
590 221 671 284 DEI
690 225 770 286 LIB.
793 229 882 290 VIII.
1026 239 1087 296 227

44 373 219 434 doctoribus
234 373 379 430 facillime
392 373 619 450 comprehendit.
644 375 688 435 Et
702 382 770 456 quia
786 386 960 462 magistrum
978 385 1086 448 Socra·

39 469 92 516 tem
103 459 311 538 singulariter
323 457 476 538 diligebat,
490 478 557 516 eum
571 463 740 538 loquentem
752 465 815 521 lere
827 469 859 524 in
873 472 1008 529 omnibns
1022 491 1085 532 ser·

36 543 177 601 monibus
194 544 261 598 suis
274 542 400 616 faciens,
420 543 508 600 etiam
521 546 572 602 illa
585 563 659 621 quae
671 549 720 604 vel
732 550 768 606 ab
783 553 849 608 aliis
863 551 1021 628 didicerat,
1037 560 1086 614 rel

35 630 95 703 ipse
113 636 239 703 quanta
256 635 393 701 potuerat
409 627 607 707 intelligentia
619 631 749 706 viderat,
773 653 838 692 cum
851 638 930 694 illius
943 640 1043 714 lepore
1056 650 1087 698 et

33 711 203 768 moralibus
218 709 467 783 disputationibus
480 716 663 787 temperavit.
699 715 801 793 Itaque
815 739 880 777 cum
894 723 1024 780 studium
1038 742 1085 780 sa-

34 797 167 872 pientiae
183 795 220 849 in
233 793 354 849 actione
368 801 399 849 et
411 797 657 870 contemplatione
670 809 819 876 versetur,
846 804 925 862 unde
943 825 1003 863 una
1015 825 1084 883 pars

35 881 97 934 eius
111 879 237 948 aetIva,
252 878 346 933 altera
359 881 582 953 contemplatIva
595 881 653 938 dici
665 891 778 960 potest3
799 905 924 963 quarum
937 889 1033 948 sotira
1047 891 1083 950 ad

35 961 187 1040 agendam
198 961 305 1032 vitam,
318 960 415 1033 idest,
429 961 465 1018 ad
475 981 572 1020 mores
585 967 784 1026 instituendos
795 973 935 1046 pertinet,
950 983 1083 1032 contem-

32 1049 146 1122 plativa
160 1053 268 1102 autem
278 1043 314 1100 ad
325 1045 547 1119 conspiciendas
560 1059 683 1108 naturae
695 1070 797 1110 causas
811 1063 842 1111 et
854 1056 1084 1116 sincerissimam

32 1133 215 1188 veritatem:
231 1127 371 1186 Socrates
384 1131 417 1186 in
430 1133 527 1189 activa
540 1136 714 1205 excelluisse
726 1148 919 1211 memorstnr;
933 1139 1083 1220 Pythago·

32 1233 80 1270 ras
93 1233 172 1272 vero
186 1214 287 1292 magis
303 1217 561 1290 contemplativae,
584 1219 690 1293 quibus
702 1221 798 1294 potuit
810 1222 1024 1300 intelligentiae
1036 1225 1083 1282 vi·

31 1299 128 1369 ribus,
154 1297 317 1354 institisse.
349 1295 477 1356 Proinde
497 1299 582 1357 Plato
604 1310 761 1378 utnrmque
783 1305 933 1382 iungendo
954 1305 1084 1381 philoso-

32 1381 137 1446 phiam
146 1380 313 1456 perfecisse
322 1379 470 1455 laudatur,
485 1385 618 1459 quentin
630 1393 692 1441 tres
704 1395 803 1460 partes
817 1387 981 1447 distribuit:
995 1407 1084 1446 unam

32 1466 200 1536 moralem,
217 1483 295 1540 quae
308 1467 435 1524 mulene
452 1469 484 1524 in
504 1467 620 1524 actione
638 1480 791 1542 versatur3
817 1473 938 1528 alteram
963 1482 1083 1530 natura-

33 1551 107 1621 lem,
123 1566 201 1623 quae
213 1551 458 1623 contemplationi
471 1549 610 1624 deputata
623 1559 682 1624 est3
695 1553 812 1610 tertiam
825 1556 1012 1629 rationalem,
1026 1575 1083 1633 qua

31 1651 141 1690 serum
154 1632 381 1688 disterminatur
394 1651 411 1690 a
422 1633 504 1690 falso.
527 1635 609 1702 Quae
621 1637 692 1692 licet
704 1639 833 1714 utrique,
851 1639 882 1696 id
895 1651 951 1714 est,
971 1642 1082 1698 actioni

32 1727 63 1774 ct
83 1717 336 1792 contemplationi
349 1715 388 1771 sit
407 1719 591 1789 necessaria,
616 1721 743 1776 maxime
755 1730 855 1779 tamen
873 1727 1080 1801 contemplatio

32 1801 278 1876 perspectionem
290 1799 348 1856 sibi
360 1800 497 1858 vendicat
508 1803 653 1859 veritatis.
678 1802 748 1862 Ideo
760 1803 833 1864 haec
845 1809 1006 1884 tripartitio
1020 1827 1081 1866 non

33 1896 76 1942 cst
90 1885 251 1942 contraria
263 1884 310 1939 illi
322 1883 516 1958 disticotioni,
530 1905 588 1961 qua
600 1889 777 1967 Intelligitnr
791 1908 878 1950 omne
892 1893 1020 1950 studium
1033 1912 1080 1950 sa-

31 1971 166 2044 pientiae
179 1970 216 2024 in
228 1969 348 2024 actione
361 1976 392 2024 et
404 1971 647 2046 contemplatione
661 1975 835 2030 consistere.
850 1975 926 2042 Quid
939 1985 1037 2035 sutem
1049 1979 1080 2033 ln

30 2052 72 2111 his
89 2055 144 2111 vel
157 2052 198 2108 de
212 2049 260 2108 his
274 2051 402 2130 singulis
414 2055 545 2127 partibus
558 2053 641 2112 Plato
654 2058 797 2130 senserit,
816 2059 915 2130 idest,
929 2060 979 2116 nbi
992 2059 1081 2116 linem
1106 2105 1109 2112 .

29 2139 165 2195 omnium
178 2136 350 2207 actionum,
374 2136 424 2192 ubi
437 2154 554 2194 causam
568 2141 697 2196 omnium
709 2151 898 2212 naturarum,
917 2143 968 2199 ubi
981 2144 1080 2200 lumen

29 2224 167 2280 omnium
182 2221 413 2276 rationumesse
427 2224 600 2300 cognoverit
610 2225 659 2279 vel
670 2223 838 2297 crediderit,
852 2221 1012 2284 differendo
1027 2245 1079 2282 ex-

28 2309 143 2381 plicare
158 2313 193 2362 et
205 2305 330 2381 longum
342 2321 408 2360 esse
419 2303 555 2378 arbitror,
570 2316 599 2363 et
610 2317 720 2373 temere
731 2325 796 2365 esse
807 2308 1008 2368 affirmandum
1019 2329 1079 2368 non

29 2391 172 2446 arbitror.
197 2387 275 2445 Cum
295 2389 373 2444 enirn
388 2389 523 2467 magistri
540 2392 589 2446 sui
602 2389 751 2464 Socratis,
771 2411 857 2468 quem
876 2393 948 2450 lacit
965 2395 998 2450 in
1017 2397 1078 2450 suis

28 2473 237 2530 voluminibus
262 2470 474 2546 disputantem,
499 2475 687 2530 notissimum
711 2493 823 2531 morem
850 2475 1079 2534 dIssImulandac

29 2558 179 2614 scientiae
199 2556 251 2612 vel
269 2555 416 2629 opinionis
436 2573 508 2612 suae
523 2575 642 2627 serrare
660 2553 793 2629 affectat,
819 2559 888 2633 quia
906 2567 936 2614 et
953 2560 997 2613 illi
1015 2560 1078 2633 ipse

28 2658 95 2697 rnos
109 2640 236 2716 placuit,
251 2637 361 2695 lactum
375 2649 420 2696 est
432 2649 466 2696 ut
475 2639 563 2695 etiam
573 2641 664 2714 ipsius
674 2637 806 2695 Platonis
818 2641 854 2697 de
864 2640 952 2697 rebus
962 2643 1078 2720 magnis

28 2725 204 2781 sententiae
219 2741 282 2780 non
294 2722 381 2779 facile
394 2723 521 2799 perspici
532 2724 656 2798 possint.
681 2722 729 2782 Ex
741 2720 787 2779 lais
801 2733 900 2781 tamen
914 2743 990 2800 quae
1002 2724 1079 2800 apud

28 2829 101 2864 enm
113 2811 275 2886 leguntur,
291 2808 354 2864 sire
368 2825 441 2883 quae
455 2807 490 2864 ab
503 2805 573 2864 aliis
587 2806 665 2864 dIcta
678 2825 743 2864 esse
757 2810 890 2866 narrarit
902 2817 991 2884 atque
1006 2827 1077 2866 con·

28 2892 166 2965 scripsit,
179 2909 259 2968 quae
272 2889 328 2947 sibi
335 2893 443 2966 placita
453 2890 634 2963 viderentur,
648 2892 788 2968 quaedam
798 2895 1034 2965 commemorari,
1048 2901 1079 2950 et

27 2974 103 3031 huic
117 2977 201 3051 operi
213 2975 308 3032 laseri
320 2985 437 3050 oportet
448 2993 466 3032 a
479 2975 581 3049 nobis,
607 2979 655 3032 vel
668 2975 719 3032 ubi
736 2975 916 3056 suffragatur
936 2979 1078 3056 religioni

26 3077 133 3132 verae,
147 3077 238 3136 quam
251 3058 324 3116 fides
338 3067 441 3115 nostra
455 3061 578 3135 suscipit
590 3079 627 3134 ac
637 3060 780 3134 defendit,
793 3063 840 3118 vel
854 3062 904 3118 nbi
919 3064 947 3118 ei
959 3062 1078 3119 videtur

29 3162 98 3199 esse
113 3144 298 3216 contrarius,
319 3152 460 3219 quantum
473 3143 510 3201 ad
522 3145 610 3200 istam
623 3143 658 3200 de
672 3163 730 3202 uno
744 3143 808 3203 Deo
823 3156 853 3202 et
863 3145 995 3222 pluribus
1009 3165 1076 3222 per·

28 3229 111 3284 tinet
137 3228 359 3303 quaestionem,
381 3237 502 3302 propter
526 3230 632 3300 vitam,
655 3247 735 3304 quae
754 3239 822 3305 post
846 3239 970 3286 mortem
996 3229 1077 3286 sutu-

27 3329 66 3367 ra
80 3319 140 3384 est,
153 3311 304 3369 veraciter
317 3310 439 3367 beatem.
472 3310 618 3368 Fortassis
633 3315 710 3369 cuim
721 3315 771 3389 qni
783 3312 938 3392 Platonem
951 3314 1076 3369 caeteris

26 3393 217 3470 philosophis
232 3395 368 3473 gentium
381 3396 468 3474 longe
481 3405 621 3471 recteque
629 3398 790 3472 praelatum
801 3397 914 3452 acutius
926 3405 1014 3469 atque
1024 3413 1076 3449 ve-

26 3481 131 3535 racius
145 3479 336 3536 intellexisse
349 3485 437 3554 atque
452 3481 546 3536 secuti
559 3499 624 3536 esse
639 3481 716 3536 sama
730 3479 889 3535 celebriore
909 3476 1077 3546 laudantur,

27 3563 146 3637 aliquid
160 3564 222 3619 tale
237 3563 273 3619 de
286 3561 352 3618 Deo
367 3565 515 3636 sentiunt,
528 3573 563 3620 ut
576 3566 607 3620 in
621 3567 671 3620 illo
684 3563 853 3619 inveniatur
866 3570 897 3617 et
909 3577 996 3616 eausa
1009 3558 1077 3613 ιιιΙι-

25 3647 178 3718 sistendi,
199 3656 230 3703 et
241 3647 321 3703 ratio
337 3646 533 3726 intelligendi,
552 3658 583 3703 et
596 3649 667 3704 ordo
681 3644 809 3704 vivendi.
833 3646 964 3713 Quorum
976 3643 1076 3714 trium,

28 3749 131 3786 unum
143 3731 181 3786 ad
195 3731 375 3802 naturalem,
396 3733 522 3788 alterum
535 3730 571 3787 ad
583 3731 773 3802 rationalem,
797 3729 917 3785 tertium
931 3725 967 3784 ad
979 3745 1077 3786 mors·

23 3815 90 3870 lem
108 3825 221 3890 partem
235 3814 416 3891 Intelligitur
428 3815 585 3889 pertinere.
599 3813 633 3872 Si
647 3815 725 3870 enim
737 3813 822 3871 homo
836 3814 878 3870 ita
892 3821 1006 3870 oreatus
1021 3822 1077 3882 est,

24 3909 64 3953 ut
81 3916 136 3973 per
149 3899 180 3956 id
194 3897 272 3974 quod
286 3899 317 3954 in
333 3915 368 3954 eo
381 3899 544 3973 praecellit,
558 3901 687 3976 attingat
697 3897 860 4038 illpd2quod
875 3908 980 3954 cuncta
992 3914 1091 3973 prae-.
