2602 4416
270 193 338 253 DE
375 191 601 251 CIVITATE
636 191 719 275 DEI
757 195 838 254 ΗΒ.
868 197 887 255 Ι.
1075 207 1106 260 ll

57 354 198 409 cicorum
216 347 437 404 immanitatem
455 353 485 400 et
501 345 652 423 gurgitem
681 343 866 424 flagitiorum
891 360 980 427 atquc
1004 353 1108 427 impie·

57 437 130 494 tatis
150 431 427 501 abominationem,
456 427 493 484 ad
514 430 613 503 aliqua
631 438 731 486 tamen
759 441 881 504 peccata
900 437 948 491 vel
964 453 1033 492 rara
1059 439 1106 493 vel

57 527 145 575 tanto
173 517 342 586 crebriora,
375 520 488 588 quanto
512 509 642 570 nrinora:
672 511 729 569 boe
761 533 833 592 ergo
863 527 1008 591 excepto,
1039 522 1106 594 quis

59 601 186 658 tandem
206 600 297 655 iacile
321 599 493 670 reperitur,
521 597 572 672 qni
588 595 706 652 eosdem
723 597 821 670 ipsos,
847 610 969 674 propter
982 620 1106 676 quorum

59 683 244 740 horrendam
258 682 449 754 superbiam,
463 681 614 736 luxuriam
627 689 657 735 ct
669 682 841 754 avaritiam,
862 693 952 758 atque
967 701 1106 740 exsecra-

59 771 137 824 biles
166 767 345 840 iniquitates
366 772 397 818 et
422 763 599 836 impietates,
626 761 721 835 Deus,
749 765 827 820 sieut
851 765 992 822 nonanto
1019 785 1106 842 prae-

61 852 154 922 dixit,
182 849 315 906 conterit
329 855 444 918 terras,
467 847 509 904 sic
523 843 645 916 babeat,
671 855 705 902 ut
722 845 849 904 habendi
864 846 953 906 santi
980 851 1024 906 sic
1039 870 1107 908 cum

63 938 107 990 eis
120 935 225 1004 vivat,
252 940 287 987 ut
300 949 369 986 cum
386 929 495 986 talibus
515 937 561 984 est
574 925 752 986 vivendumi
779 929 956 1008 Plerumque
976 936 1055 990 enim
1069 935 1104 990 ab

63 1021 107 1073 cis
125 1014 288 1085 docendis,
320 1011 532 1085 admonendis,
565 1012 722 1087 aliquando
747 1015 835 1071 ctiam
856 1017 1048 1094 obiurgandis
1075 1027 1105 1072 et

63 1097 264 1174 corripiendis
277 1097 354 1154 male
368 1096 585 1168 dissimulatur3
598 1098 647 1154 vel
660 1113 727 1154 cum
739 1098 849 1156 laboris
863 1101 956 1177 piget,
973 1102 1022 1158 vel
1036 1117 1104 1162 cum

67 1183 173 1240 coium
186 1201 221 1238 os
235 1180 477 1240 verecundemur
489 1178 657 1253 offendere;
676 1182 726 1238 rel
737 1199 804 1238 cum
817 1199 918 1238 coram
931 1185 1103 1240 iuimicitias

65 1268 246 1339 devitamus,
274 1285 314 1324 ne
328 1264 491 1339 impediant
512 1274 543 1322 et
556 1273 684 1321 noceant
696 1265 729 1321 in
752 1267 818 1321 istis
833 1268 1043 1339 temporalibus
1057 1284 1104 1322 re-

64 1353 135 1423 bus,
159 1353 223 1407 sire
236 1367 312 1425 quas
332 1348 460 1423 adipisci
478 1348 575 1406 adhuc
594 1349 707 1422 appetit
726 1357 830 1405 nostra
852 1347 1016 1421 cupiditas,
1042 1351 1105 1406 sive

65 1453 137 1509 quas
151 1435 287 1490 amittere
301 1433 442 1490 formidat
454 1433 628 1496 infirmitas:
653 1433 695 1487 ita
713 1440 762 1504 ut,
786 1433 920 1507 quamvis
937 1433 1024 1490 bonis
1043 1434 1105 1490 vita

65 1519 211 1573 malorum
229 1517 408 1591 displiceat,
435 1526 466 1573 et
492 1516 559 1572 ideo
585 1533 653 1574 cum
676 1516 720 1570 cis
741 1533 801 1577 non
821 1515 956 1572 incidant
973 1517 1005 1574 in
1024 1518 1105 1572 illam

69 1600 312 1672 damnationem,
349 1618 426 1674 quae
453 1609 521 1674 post
545 1597 623 1655 banc
647 1599 740 1655 vitam
764 1599 871 1654 talibus
897 1609 1103 1673 praeparatur,

64 1695 161 1739 tamen
180 1685 252 1757 quia
271 1691 432 1755 propterea
452 1683 583 1756 peccatis
602 1697 705 1736 eorum
731 1681 944 1738 damnabilibus
965 1695 1103 1758 parcunt,

66 1767 134 1823 dum
148 1768 246 1822 cosin
261 1767 324 1822 suis
339 1766 412 1821 licet
428 1765 544 1822 levibus
558 1773 589 1820 et
605 1764 772 1822 venialibus
790 1773 929 1820 metuunt
947 1767 1014 1822 iure
1037 1785 1104 1824 cum

65 1853 104 1906 eis
118 1851 325 1924 temporaliter
334 1847 536 1926 flagellentur,
553 1849 687 1923 quamvis
699 1849 730 1904 in
746 1856 902 1906 aeternum
913 1851 1034 1908 minime
1047 1867 1102 1923 pu-

66 1936 198 1990 niantur.
241 1931 311 1992 lure
323 1934 413 1988 istam
426 1933 528 2003 vitam,
555 1931 672 2006 quando
687 1930 831 1988 divinitus
845 1930 1021 2010 affliguntur
1035 1951 1102 1990 cum

66 2020 123 2089 eis,
149 2035 283 2074 amaram
295 2017 447 2087 sentiunt,
472 2017 558 2072 cuius
572 2014 697 2072 arraudo
711 2014 897 2072 dulcedinem
910 2017 1101 2090 peccantibus

66 2103 105 2160 eis
119 2102 213 2157 amari
227 2119 294 2156 csse
306 2102 478 2158 noluerunt.

126 2184 204 2240 Nam
215 2186 242 2241 si
255 2193 415 2256 propterca
428 2184 553 2259 quisque
567 2182 761 2260 obiurgandis
773 2191 804 2238 et
817 2181 1015 2256 corripiendis
1028 2185 1103 2242 male

69 2269 224 2345 agentibus
239 2268 353 2341 parcit,
379 2268 450 2342 quia
464 2267 661 2340 opportunius
675 2275 792 2340 tempus
811 2257 953 2341 inquil-ii,
979 2269 1027 2324 vel
1044 2269 1102 2322 eis-

69 2351 129 2407 dem
142 2353 216 2424 ipsis
231 2351 354 2421 nustuit,
381 2369 421 2410 nc
433 2349 598 2406 deteriores
612 2367 650 2405 ex
663 2349 720 2408 boc
732 2349 910 2420 efficiantur,
938 2352 987 2407 vel
1000 2350 1037 2406 ad
1050 2351 1102 2408 bc-

68 2453 134 2490 nam
151 2437 245 2491 vitam
263 2443 294 2489 et
311 2437 391 2507 piam
409 2434 588 2491 erudiendos
609 2432 771 2508 impediant
790 2435 865 2490 alios
892 2432 1045 2504 infirmos,
1073 2443 1104 2488 ct

69 2529 200 2591 premant
218 2527 308 2592 atque
326 2525 465 2576 avertant
483 2537 501 2574 a
519 2517 592 2590 fide3
625 2535 686 2573 non
705 2516 825 2573 videtur
847 2533 912 2571 csse
932 2516 1103 2589 cupiditatis

72 2603 198 2672 occasio,
212 2601 265 2657 sed
278 2603 439 2659 consilium
451 2604 596 2658 caritatis.
640 2599 718 2656 lllud
732 2608 777 2654 cst
791 2597 947 2669 culpabile,
969 2597 1048 2671 quod
1061 2596 1103 2667 bi,

73 2687 122 2758 qui
134 2684 317 2741 dissimiliter
332 2687 450 2758 vivunt,
466 2695 496 2741 et
509 2703 527 2740 a
539 2685 685 2740 malorum
698 2677 964 2750 facfisabhorrent,
978 2689 1106 2752 parcunt

74 2777 169 2822 tamen
181 2770 307 2839 peccatis
321 2769 439 2840 alicnis,
465 2785 542 2844 quae
556 2765 701 2822 dedocere
713 2772 766 2822 aut
780 2763 939 2839 obiurgare
953 2761 1104 2834 deberent,

72 2849 138 2905 dum
152 2859 254 2906 corum
273 2849 453 2906 offensiones
476 2860 599 2922 cavent,
623 2867 662 2906 ne
680 2849 737 2906 sibi
749 2855 879 2904 noceant
892 2847 925 2902 in
944 2844 990 2902 his
1003 2845 1103 2918 rebus,

71 2935 173 3007 quibus
179 2935 339 2990 licitebcni
345 2943 435 3008 etque
448 2936 624 2991 innocentes
633 2940 776 3002 utuntur3
789 2927 842 2987 sed
854 2929 1002 3003 cupidius,
1017 2949 1104 3006 quam

71 3017 222 3090 oportebat
249 3035 315 3088 cos,
342 3018 447 3092 quiin
470 3016 659 3074 boemundo
684 3015 932 3092 peregrinantur,
968 3023 999 3069 et
1023 3031 1105 3087 spem

70 3117 214 3172 supernae
226 3102 339 3172 patriae
353 3117 424 3172 prae
437 3118 470 3155 se
482 3110 602 3180 gerunt.
646 3095 715 3156 Non
729 3100 826 3154 solum
838 3097 946 3172 quippe
958 3097 1103 3154 infirmio-

70 3201 113 3237 res
133 3184 226 3238 vitam
255 3181 397 3238 ducentes
422 3185 624 3261 coniugalem,
657 3182 735 3238 filios
755 3179 897 3236 babentes
923 3183 972 3236 vel
996 3179 1104 3237 habere

70 3275 257 3339 quaerentes,
275 3265 378 3321 domos
392 3283 426 3321 ac
439 3265 566 3322 icmilias
580 3265 779 3340 possidentes,
796 3261 886 3338 (quos
899 3263 1058 3336 Apostolus
1072 3265 1104 3319 in

70 3347 210 3404 Ecclesiis
233 3350 415 3423 alloquitur,
448 3348 558 3408 docens
587 3359 616 3405 et
638 3363 762 3405 monens
789 3345 1033 3422 quemadmodum
1059 3348 1104 3401 ri-

72 3449 135 3488 rere
148 3431 278 3488 debeant
292 3440 323 3486 et
336 3449 446 3488 uxores
461 3451 529 3488 eum
541 3433 675 3504 maritis,
701 3439 732 3486 et
749 3431 849 3486 mariti
863 3447 931 3485 eum
945 3429 1103 3496 uxoribus,

76 3523 102 3566 ct
115 3515 165 3571 lilii
186 3535 257 3570 cum
270 3515 459 3586 parentibus,
488 3525 518 3571 ct
536 3525 675 3589 parentes
695 3531 762 3573 cum
779 3514 866 3584 filiis,
894 3521 924 3568 ct
944 3511 1105 3567 cervicum

74 3594 202 3668 dominis,
231 3605 262 3650 et
276 3595 470 3653 dominicum
484 3601 606 3669 servis,)
624 3598 717 3653 multa
731 3597 912 3668 temporalia,
937 3595 1029 3648 multa
1043 3602 1105 3648 tor-

74 3696 136 3734 rena
148 3681 281 3736 libenter
295 3676 515 3751 adipiscuntur,
537 3689 566 3736 et
578 3681 702 3736 moleste
715 3680 871 3746 amittunt,
895 3683 1016 3748 propter
1030 3693 1105 3749 quae

74 3779 125 3816 non
139 3761 254 3818 audent
269 3755 419 3816 offendere
438 3761 588 3832 homines,
617 3776 744 3836 quorum
765 3760 822 3814 sibi
839 3759 901 3812 vita
920 3759 1105 3814 contamina-

75 3844 175 3900 tissima
197 3853 229 3899 et
250 3845 541 3903 consceleratissima
559 3845 709 3917 displicet:
737 3856 841 3897 verum
868 3841 957 3896 ctiam
982 3839 1027 3910 bi,
1056 3840 1105 3911 qui
