2592 4396
255 195 315 254 DE
338 196 558 256 ClVl'l'A'l'E
581 197 660 256 DEl
682 199 760 259 LlB.
781 203 858 262 Xll.
1010 213 1070 270 377

39 356 141 434 potius
155 369 237 407 mors
251 359 313 422 est,
325 351 367 405 ita
379 351 493 428 gravis,
505 361 539 408 ut
549 370 626 409 mors
640 371 713 430 quae
726 356 761 412 ab
774 353 828 413 bac
839 355 958 431 liberat,
971 366 1070 424 mortis

39 439 130 495 huius
143 453 248 492 amore
261 428 430 513 timeatur,)
454 444 521 510 post
533 445 592 492 tam
605 456 711 516 magna
724 441 800 496 mala
813 449 927 518 tamque
940 448 1029 502 multa
1043 459 1073 504 et

39 519 209 590 horrenda,
235 517 353 574 taudem
370 519 524 596 aliquando
542 539 594 595 per
612 540 710 578 veram
728 524 902 601 religionem
920 536 1006 602 atque
1025 549 1072 586 sa·

39 605 187 684 pientiam
202 604 319 675 expiata
332 611 419 677 atque
432 601 526 674 linita,
540 606 583 660 ira
596 607 750 679 pervenire
760 607 797 663 nd
807 620 995 685 conspectum
1004 611 1073 685 Dei,

40 701 131 765 atque
152 690 197 744 ita
221 686 288 742 fieri
308 686 423 743 beatum
447 691 691 764 contemplatione
712 693 902 766 incorporeae
925 696 998 750 lucis
1021 715 1073 771 per

37 772 299 851 participationem
316 771 501 828 iuunutabilis
514 773 739 830 immortalitatis
764 777 842 850 eius,
869 778 952 834 cuius
979 778 1072 855 adipi-

38 856 168 915 scendae
187 873 289 912 amore
306 852 477 932 flagramus,
502 865 536 912 ut
558 875 620 914 eam
634 856 805 936 quandoque
825 879 946 918 necesse
964 863 1004 920 sit
1021 862 1071 919 de-

38 944 111 1013 seri,
126 950 157 997 et
171 957 224 995 eos
239 939 289 1014 qui
301 937 449 1012 deserunt,
463 938 498 995 ab
511 940 561 997 illa
575 944 765 1015 aeternitate,
778 947 918 1018 veritate,
931 946 1071 1004 felicitate

38 1027 184 1096 deiectos,
210 1031 356 1079 tartareae
368 1025 551 1097 mortalitati,
577 1029 656 1102 turpi
669 1028 822 1100 stultitiae,
847 1031 973 1086 miseriis
986 1047 1071 1088 exso

38 1109 201 1168 erabilibus
215 1108 377 1180 implicari,
405 1108 455 1164 ubi
468 1108 549 1165 Deus
563 1112 729 1182 amittatur,
755 1111 807 1168 ubi
820 1112 886 1168 odio
896 1115 1006 1172 veritas
1017 1114 1070 1171 ba-

36 1197 159 1262 beatur,
187 1191 238 1247 ubi
257 1207 310 1266 pcr
328 1190 489 1248 immundae
508 1195 653 1268 nequitias
672 1192 820 1251 beatitudo
842 1205 1015 1269 quaeratur,
1042 1209 1072 1254 et

36 1277 94 1334 hoe
115 1274 221 1332 itidem
238 1283 326 1349 atque
344 1274 445 1331 itidem
465 1278 528 1332 sine
543 1279 603 1332 ullo
617 1277 676 1332 fine
693 1279 824 1352 priorum
838 1286 868 1334 et
878 1281 1071 1354 posteriorum

37 1361 134 1417 certis
152 1359 315 1440 intervallis
333 1367 364 1414 et
380 1358 609 1416 dimensionibus
627 1362 809 1416 sacculorum
822 1362 931 1419 factum
949 1372 979 1419 et
991 1363 1070 1420 futu·

33 1457 125 1514 rum3
153 1451 184 1497 et
195 1441 247 1498 boc
259 1452 429 1517 propterea,
455 1453 489 1500 ut
500 1445 617 1518 possint
628 1443 705 1516 Deo,
731 1445 929 1502 circumitibus
943 1445 1070 1504 delinitis

35 1526 181 1586 euntibus
193 1544 305 1600 semper
318 1535 404 1602 atque
416 1525 606 1584 redeuntibus
616 1547 669 1604 per
681 1537 798 1585 nostras
811 1529 900 1586 falsas
912 1530 1070 1587 beatitudi-

33 1631 90 1671 nes
107 1620 138 1666 et
153 1627 238 1667 veras
251 1611 400 1682 miserias,
425 1613 591 1668 alternatim
605 1611 736 1687 quidem,
764 1611 815 1669 sed
827 1615 1010 1671 revolutione
1023 1615 1070 1672 in-

35 1695 179 1753 cessabili
205 1695 414 1768 sempiternas,
440 1704 510 1752 nota
524 1713 588 1752 ease
603 1715 691 1772 opera
704 1713 772 1770 sua3
798 1699 935 1773 quoniam
947 1717 1040 1774 neque
1053 1719 1071 1756 a

33 1778 177 1838 faciendo
191 1779 354 1853 quiescere,
379 1797 474 1854 neque
487 1778 606 1838 sciendo
619 1782 713 1854 possit
726 1797 760 1836 ea
774 1799 849 1857 quae
860 1782 976 1838 infinita
990 1793 1069 1854 sunt,

32 1865 200 1941 indagare:
229 1863 293 1941 quis
306 1860 378 1918 baec
389 1859 507 1920 audiati
532 1865 597 1940 quis
612 1859 729 1922 eredati
756 1866 821 1940 quis
834 1862 927 1922 feratl
950 1869 1031 1934 Quae
1044 1869 1070 1923 si

31 1967 107 2007 vera
122 1955 237 2016 essent,
250 1964 311 2002 non
324 1948 417 2003 solum
430 1957 599 2006 tacerentur
611 1949 793 2024 prudentius,
806 1967 908 2006 verum
922 1952 1008 2007 etiam
1024 1945 1071 2034 (ut

31 2031 185 2110 quomodo
200 2031 284 2087 valeo
298 2029 390 2086 dicam
404 2031 479 2106 quod
492 2029 570 2107 volo)
590 2032 702 2088 doctius
721 2034 913 2090 nescirentur.
957 2033 1031 2090 Nam
1044 2036 1069 2088 si

31 2118 108 2174 haee
123 2117 188 2172 illic
200 2116 234 2170 in
246 2117 384 2170 memoria
397 2132 456 2171 non
469 2114 652 2187 habebimus,
668 2125 698 2170 et
711 2115 776 2171 idco
787 2114 864 2172 beati
878 2118 1002 2187 erimus,
1018 2135 1069 2172 cur

28 2202 81 2258 hie
97 2219 151 2275 per
165 2218 268 2255 eorum
281 2199 432 2254 scientiam
445 2209 584 2276 gravatur
597 2200 721 2272 amplius
740 2209 841 2255 nostra
858 2197 994 2255 miseriei
1036 2198 1069 2256 Si

30 2295 138 2344 autem
151 2284 192 2338 ibi
206 2301 242 2339 ea
255 2284 421 2338 necessario
434 2284 536 2339 scituri
549 2301 657 2354 sumus,
671 2282 718 2338 hic
732 2285 834 2339 saltem
847 2286 1022 2357 nesciamus,
1038 2293 1070 2340 ut

27 2371 82 2427 hic
108 2368 226 2424 felicior
250 2368 290 2421 sit
313 2369 506 2441 exspectatio,
534 2385 620 2442 quam
642 2369 702 2423 illie
720 2366 836 2442 adeptio
859 2369 962 2424 summi
981 2369 1066 2425 boni.

29 2452 156 2530 quando
176 2450 224 2506 hic
248 2459 368 2506 aeterna
379 2453 440 2507 vita
464 2450 670 2524 consequenda
692 2459 893 2525 exspectatur3
919 2451 960 2506 ibi
972 2462 1068 2508 autem

28 2540 133 2607 beata,
149 2535 203 2591 sed
216 2552 276 2590 non
290 2543 419 2605 aeterna,
434 2533 606 2608 quaudoque
620 2534 779 2588 amittenda
789 2534 985 2610 cognoscitur.

98 2619 135 2676 Si
148 2629 248 2676 autem
262 2617 377 2688 dicunt,
391 2619 536 2673 neminem
549 2615 681 2690 possead
693 2615 772 2670 illam
784 2614 992 2672 beatitudinem
1004 2633 1069 2689 per·

27 2706 157 2774 venire,
187 2698 246 2758 nisi
267 2700 319 2756 hos
341 2701 524 2767 circumitus,
550 2699 600 2754 ubi
612 2698 759 2755 beatitudo
773 2708 802 2754 et
813 2698 929 2754 miseria
943 2699 1070 2755 vicissim

26 2793 200 2858 alternant,
214 2788 247 2841 in
260 2783 345 2840 huius
358 2786 436 2842 vitae
451 2771 615 2840 eruditione
629 2783 815 2861 cognoverit:
842 2781 982 2857 quomodo
998 2801 1069 2861 crgo

27 2875 182 2938 fatentur,
204 2878 315 2945 quanto
329 2871 392 2944 plus
406 2870 528 2944 quisque
541 2869 683 2923 amaverit
695 2865 799 2937 Deum,
823 2874 907 2923 tanto
920 2885 985 2922 eum
997 2865 1069 2922 faci-

26 2960 91 3013 lius
109 2953 147 3009 ad
161 2953 370 3010 beatitudinem
382 2961 604 3028 perventurum,
630 2952 681 3026 qui
698 2968 731 3006 ea
749 2948 855 3006 docent
873 2950 975 3026 quibus
989 2969 1070 3008 anaor

28 3044 98 3114 ipse
124 3033 293 3114 torpescatl
315 3035 390 3092 Nam
407 3037 470 3111 quis
489 3053 549 3092 non
563 3035 712 3090 remissius
726 3044 755 3091 et
767 3033 891 3110 tepidius
905 3044 982 3091 amet
994 3053 1069 3107 eum,

27 3142 123 3199 quem
136 3140 171 3177 se
185 3123 298 3198 cogitat
316 3121 482 3176 necessario
496 3111 710 3190 deserturum,
725 3128 755 3174 et
768 3129 872 3176 contra
885 3121 948 3175 eius
960 3121 1070 3177 verita-

26 3219 93 3263 tem
114 3202 351 3281 sapientiamque
372 3221 544 3274 sensurum,
570 3212 600 3258 et
611 3201 666 3258 boc
680 3221 747 3258 cum
760 3202 796 3258 ad
809 3205 871 3258 eius
888 3205 1004 3278 plenam
1017 3221 1070 3276 pro

25 3311 85 3348 sua
115 3290 283 3364 capacitate
309 3289 444 3344 notitiam
468 3285 656 3342 beatitudinis
681 3285 862 3359 perfectione
887 3288 1070 3360 pervenerit3

25 3375 153 3452 qnando
181 3391 236 3429 uec
260 3371 406 3433 hominem
427 3370 550 3425 amicum
567 3371 660 3443 possit
678 3370 801 3444 quisque
818 3386 915 3424 amare
935 3368 1070 3436 fideliter,

26 3463 80 3517 cui
96 3479 132 3516 se
146 3457 283 3514 futurum
296 3457 412 3512 noverit
425 3449 590 3510 inimicuml
610 3451 669 3511 Sed
681 3452 757 3508 absit
768 3459 801 3506 ut
813 3469 884 3506 vera
896 3452 971 3519 sint,
997 3468 1071 3524 quae

23 3547 118 3602 nobis
134 3543 293 3599 minantur
305 3558 404 3596 veram
415 3538 562 3594 miseriam
574 3555 722 3612 uunquam
732 3532 899 3603 finiendam,
914 3531 965 3587 sed
978 3532 1071 3586 inter·

24 3625 240 3704 positionibus
261 3623 353 3680 falsae
372 3621 558 3680 beatitudinis
576 3639 662 3696 saepe
676 3639 710 3676 ac
725 3619 790 3674 sine
802 3617 861 3673 iiue
873 3613 1070 3689 rumpendam.

24 3714 111 3782 Quid
125 3713 213 3769 enim
226 3709 279 3764 illa
291 3705 471 3764 beatitudine
483 3704 583 3760 falsius
597 3713 683 3780 atque
695 3701 846 3770 fallacius,
861 3697 911 3755 ubi
925 3717 979 3754 nos
992 3698 1070 3755 lutur-

23 3815 76 3855 ros
88 3799 239 3864 miseros,
253 3801 304 3848 aut
314 3793 346 3848 iu
356 3800 438 3848 tanta
447 3789 580 3846 veritatis
590 3790 654 3844 lucc
667 3787 840 3853 nesciamus,
852 3784 946 3840 autin
960 3801 1071 3839 summa

24 3881 190 3941 felicitatis
206 3895 274 3935 arec
288 3869 458 3936 timeamusl
480 3871 514 3931 Si
525 3873 602 3930 enirn
614 3881 767 3929 venturam
780 3869 971 3928 calamitatem
984 3869 1066 3948 igno⁴
