2602 4416
262 200 329 259 DE
365 199 592 262 ClVleTE
629 205 709 264 DEl
749 209 828 267 ΗΒ,
858 211 897 272 il.
1068 219 1102 276 51

68 355 112 413 boe
128 355 222 410 etiam
236 351 307 410 huic
320 353 497 428 tribuerent,
522 365 553 412 et
565 355 654 414 Marti
668 367 808 434 tanquam
820 365 895 437 patri
912 367 987 438 cius,
1014 368 1105 425 lorsi·

67 449 108 496 tan
121 447 251 515 propter
264 437 370 512 ipsum.

445 555 569 614 CAP.
623 557 731 618 XVl.

66 653 172 718 Quodsi
182 651 239 703 diis
250 654 308 704 uilo
320 659 389 701 esset
399 667 465 702 cura
475 652 615 718 iustitiae,
635 656 669 707 ab
689 658 728 710 eia
745 657 864 715 Bouiani
874 663 999 731 accipere
1015 666 1105 720 debete·

91 723 150 776 rint
166 729 324 790 praecepta
335 719 443 772 vivendi
458 723 578 844 patient
591 741 671 806 quum
691 729 763 797 leges
783 729 817 782 ab
837 731 900 783 aliis
920 731 1071 786 horninibus

520 809 565 844 mu
579 811 649 846 uero.

120 881 157 940 si
171 890 306 938 autema
320 878 378 935 diis
393 881 453 936 suis
467 879 594 940 Romani
607 885 727 943 vivendi
740 887 822 964 leges
841 891 976 966 accipere
989 895 1103 968 potuis-

61 977 137 1038 sent,
167 984 234 1022 non
250 965 364 1038 aliquot
377 982 471 1020 annos
485 975 553 1042 post
566 965 689 1026 Romam
704 971 854 1030 conditam
865 973 900 1032 ab
913 973 1103 1032 Atheniensi-

60 1051 107 1107 bus
121 1057 337 1106 mutuarentur
351 1049 433 1126 leges
448 1047 584 1109 Solonis:
609 1071 680 1128 quas
693 1063 791 1112 tamen
805 1075 867 1113 non
879 1069 912 1114 ut
926 1070 1103 1136 acceperunt

59 1143 239 1205 tennerunt,
267 1129 321 1187 sed
344 1134 482 1190 meliores
502 1143 532 1190 et
550 1137 765 1194 emendatiores
785 1139 884 1196 facere
905 1145 1005 1200 conati
1023 1154 1101 1200 sunt.

61 1218 199 1285 Quamvis
215 1215 375 1293 Lycurgus
394 1215 636 1276 Lacedaemoniis
656 1223 738 1298 leges
757 1240 795 1280 ex
813 1223 958 1297 Apollinis
972 1227 1102 1282 auctori·

60 1311 116 1358 tate
143 1321 177 1357 se
196 1301 370 1356 instituisse
391 1301 585 1360 confinxerit:
616 1304 694 1379 quod
710 1305 872 1377 prudenter
890 1306 1018 1364 Romani
1037 1327 1102 1362 cre-

61 1386 126 1441 dere
139 1387 322 1456 noluerunt3
348 1393 505 1458 propterea
521 1406 584 1443 non
597 1387 666 1442 inde
680 1397 867 1460 acceperunt.
907 1389 1003 1448 Numa
1015 1389 1102 1446 Pom-

60 1471 158 1543 pilius,
186 1469 237 1543 qui
252 1465 382 1522 Romulo
398 1472 541 1526 successit
555 1471 586 1526 in
600 1489 736 1548 regnum,
764 1469 903 1546 quasdam
916 1475 1009 1552 leges,
1029 1492 1102 1548 quae

61 1551 179 1626 quidem
194 1551 347 1629 regendae
368 1551 483 1608 civitati
503 1572 688 1630 nequaquam
712 1553 903 1629 sufficerent,
935 1556 1103 1614 condidisse

60 1636 157 1692 fertur
163 1651 172 1710 3
199 1637 251 1710 qui
266 1635 310 1691 eis
324 1636 417 1690 multa
441 1638 529 1696 ctiam
551 1656 637 1694 sacra
651 1639 819 1696 constituit:
846 1661 906 1698 non
922 1651 1020 1698 tamen
1033 1659 1101 1714 pcr-

60 1719 175 1776 bibetur
188 1719 309 1775 easdem
322 1719 406 1796 lcgcs
420 1737 437 1774 a
451 1722 619 1777 numinibus
642 1724 802 1797 accepisse.
841 1723 918 1782 Mala
931 1726 1023 1802 igitur
1037 1726 1101 1780 oni-

60 1807 113 1876 mi,
139 1805 219 1860 mala
240 1805 339 1873 vitae,
367 1803 444 1858 mala
461 1822 594 1876 morum,
622 1825 697 1881 quac
714 1809 756 1864 ita
773 1816 979 1885 magnasunt,
1006 1805 1102 1864 uthis

61 1888 224 1944 doctissimi
240 1905 344 1942 corum
357 1887 416 1942 viri
430 1888 516 1944 etiam
532 1891 677 1946 stantibus
691 1889 810 1948 urbibus
820 1891 1103 1966 rcspublicosperire

61 1971 248 2042 confirment,
276 1969 319 2026 dii
334 1989 448 2042 eorum,
470 1991 508 2028 ne
525 1973 585 2028 suis
601 1975 762 2030 cultoribus
783 1973 968 2045 acciderent,
981 1975 1102 2030 minime

60 2065 216 2126 curarunt3
244 2055 335 2109 immo
354 2073 426 2111 vero
445 2064 477 2110 ut
493 2065 692 2135 augerentur,
721 2058 798 2114 sicut
816 2077 905 2132 supra
923 2057 1102 2130 disputatum

60 2151 112 2212 est,
139 2141 264 2196 omnino
280 2147 470 2195 curaverunt.

453 2272 533 2332 CAP.
578 2273 709 2331 Xb'll.

59 2370 99 2424 De
109 2381 195 2442 raptu
207 2369 377 2422 sabinarum
387 2407 395 2434 ,
413 2369 528 2439 aliisque
537 2371 744 2440 iniquitatibus,
765 2389 833 2441 quae
843 2372 872 2424 in
879 2371 996 2424 civitate
1006 2369 1103 2422 Itoura-

295 2458 332 2492 na
343 2440 428 2492 etiam
441 2441 562 2493 laudetis
572 2443 684 2511 viguere
695 2442 867 2510 temporibus.

118 2533 167 2589 An
181 2531 264 2588 forte
276 2531 386 2604 populo
400 2528 533 2604 Romano
547 2539 703 2607 propterea
717 2534 798 2608 leges
815 2549 876 2586 non
890 2539 990 2586 sunta
1006 2532 1102 2583 numi·

57 2618 144 2673 nibus
164 2615 364 2683 constitutae,
398 2615 485 2687 quia,
513 2617 592 2670 sicut
611 2613 770 2668 Sallustius
784 2615 843 2681 ait,
868 2611 916 2666 lus
936 2613 1103 2683 bonumque

57 2699 137 2773 apud
146 2716 199 2753 cos
210 2696 396 2774 nonlcgibus
410 2701 503 2774 magis
511 2715 599 2772 quam
606 2690 852 2751 naturavalebati
866 2693 975 2748 Exhoo
990 2693 1055 2746 iure
1069 2711 1103 2748 ac

54 2784 142 2839 bono
157 2781 242 2836 credo
257 2791 358 2853 raptas
373 2797 438 2834 esse
453 2779 588 2838 Sabinas.
639 2779 716 2846 Quid
731 2780 809 2834 enim
823 2779 929 2833 iustius
944 2785 973 2832 et
986 2777 1102 2848 melius,

56 2884 149 2941 quam
163 2863 239 2920 filias
253 2865 367 2920 alienas
381 2863 483 2920 fraude
505 2865 664 2938 spectaculi
684 2861 838 2933 inductas,
866 2879 926 2918 non
941 2863 1101 2935 aparenti-

55 2951 111 3006 bus
125 2950 241 3021 accipi,
267 2947 320 3002 sed
335 2949 383 3018 vi,
409 2949 579 3022 utquisque
597 2956 731 3021 poterat,
758 2942 887 3002 auferrii
914 2945 990 3002 Num
1004 2946 1029 3000 si
1043 2946 1101 3001 ini-

56 3051 114 3108 que
128 3033 269 3089 facerent
281 3029 387 3087 Sabini
400 3049 511 3108 negare
524 3033 697 3104 postulatos,
720 3040 829 3106 quanto
843 3030 900 3086 tuit
911 3031 1041 3103 iniquius
1053 3047 1102 3085 ra-

52 3137 127 3192 pere
141 3135 207 3172 non
221 3111 323 3172 datas‘i
350 3111 459 3170 Iustius
480 3123 577 3170 autem
596 3116 703 3171 bellum
724 3133 790 3170 cum
811 3133 845 3170 ca
866 3123 956 3192 gentc
970 3111 1035 3190 geri
1049 3129 1101 3184 po-

54 3204 125 3274 tuit,
155 3217 232 3275 quae
244 3199 322 3255 filias
337 3215 406 3254 suas
421 3197 457 3253 ad
471 3200 691 3254 matrimonium
711 3198 964 3275 corregionalibus
982 3203 1011 3250 et
1029 3213 1101 3251 con-

53 3285 197 3340 finalibus
214 3285 276 3339 suis
299 3279 442 3359 negasset
460 3283 585 3355 petitas,
613 3301 699 3358 quam
719 3299 786 3338 cum
806 3299 840 3336 ea
859 3299 933 3355 quse
951 3280 1103 3354 repetebat

53 3369 190 3425 ablatas.'
218 3365 296 3422 Illud
322 3384 395 3443 ergo
422 3367 520 3439 potius
548 3365 589 3422 ibi
615 3365 717 3422 lieret:
745 3365 786 3423 ibi
805 3363 886 3422 Mars
903 3364 997 3420 filium
1017 3377 1103 3416 suum

50 3461 244 3530 pugnantem
256 3452 391 3520 iuvaret,
419 3459 452 3505 ut
465 3451 672 3526 coniugiorum
685 3458 860 3528 negatorum
874 3449 963 3504 armis
977 3445 1102 3500 ulcisce-

50 3547 137 3593 retur
153 3537 315 3606 iniurism,
344 3542 375 3588 et
389 3551 423 3588 co
436 3532 520 3588 modo
535 3533 571 3588 ad
590 3533 715 3588 feminas
737 3551 808 3607 quas
820 3535 972 3598 voluerat,
998 3541 1102 3600 pervc-

48 3623 143 3676 niret.
184 3619 295 3693 Aliquo
317 3618 398 3672 enim
411 3615 539 3672 fortasse
553 3617 618 3672 iure
631 3617 717 3688 belli,
743 3617 853 3674 iniuste
868 3619 1003 3689 negatas,
1027 3607 1104 3664 iuste

46 3707 151 3762 victor
166 3702 319 3760 auferret:
347 3702 429 3757 nullo
443 3709 539 3756 nutem
553 3701 618 3756 iure
643 3702 725 3774 pacis
749 3719 811 3756 non
836 3698 919 3753 datas
939 3694 1048 3766 rapuit,
1074 3702 1106 3749 ct

47 3790 200 3846 iniustum
221 3786 334 3842 bellum
358 3803 425 3840 cum
449 3801 549 3840 esrrrm
571 3783 741 3856 parentibus
765 3786 843 3839 inste
863 3777 1104 3836 succensentibus

47 3876 156 3950 gessit.
201 3868 271 3928 Hoc
286 3885 360 3925 sane
383 3869 485 3924 utilius
509 3867 683 3942 feliciusque
707 3866 867 3934 successit,
895 3860 971 3935 quod
991 3861 1047 3916 etsi
1070 3859 1105 3914 ad

737 3949 764 4006 D
789 3951 809 4003 2
