2602 4416
306 175 370 233 DE
394 173 617 234 clvlTATE
641 176 721 236 DEI
743 180 822 241 LlB.
846 183 886 242 ll.
1076 193 1115 250 67

54 331 164 390 mediis
181 330 362 386 interiectis
378 327 546 400 ordinibus,
572 337 606 385 ιιι
623 331 722 406 soum,
749 335 900 394 moderata
912 341 1028 398 ratione
1041 343 1115 402 civi-

53 426 150 474 tatem
166 431 327 470 consensu
341 413 603 469 dissimillimorum
616 418 790 490 concinere3
817 430 848 476 et
868 439 942 496 quac
963 422 1115 485 harmonia

52 500 218 557 amusicis
233 497 346 554 dicitur
358 497 391 552 in
406 506 512 567 cantu,
539 515 603 552 eam
630 517 694 556 esse
719 503 751 558 in
773 503 894 560 civitate
913 509 1113 582 concordiam,

51 583 272 639 arctissimum
297 589 384 655 atque
412 581 553 652 optimum
566 583 646 638 omni
659 585 690 640 in
704 585 853 660 republica
865 589 1017 646 vinculum
1029 593 1111 650 ineo-

50 666 230 735 lumitatis,
246 681 371 739 eamque
385 664 451 718 sine
464 664 578 719 iustitia
591 667 671 722 nullo
683 679 770 742 pacto
784 687 849 725 csse
861 689 963 746 posse:
982 693 1016 730 ac
1030 673 1112 732 dein-

51 751 87 805 de
103 767 180 804 cunr
197 749 354 822 aliquanto
367 747 457 802 latius
472 756 502 802 et
514 747 633 804 uberim
646 749 851 826 disseruisset,
870 765 1011 830 quantum
1022 759 1109 833 prod-

52 842 136 889 esset
151 831 281 887 iustitia
295 831 427 900 civitati,
454 840 650 908 quantumque
669 835 800 908 obesset,
825 839 850 893 si
862 838 1020 912 abluisset,
1046 860 1112 899 ιιιι-

53 919 135 992 cepit
165 914 283 970 deinde
298 911 395 986 Pnus,
422 931 500 970 unus
515 933 616 970 eorum
630 921 681 993 qui
701 920 893 996 disputationi
918 923 1057 996 aderant,
1082 936 1113 982 ct

54 1000 219 1076 poposcit,
248 996 322 1053 baec
335 999 400 1072 ipsa
413 999 547 1072 quaestio
561 998 733 1076 diligentius
748 1013 940 1078 tractaretur,
967 1026 1001 1065 ac
1014 1009 1050 1066 de
1064 1010 1111 1066 iu-

57 1085 143 1140 stitia
157 1083 254 1156 plura
267 1081 456 1152 dicerentur,
482 1091 602 1156 propter
619 1085 707 1157 illud,
734 1088 882 1164 quodiam
894 1091 983 1168 vulgo
997 1091 1111 1150 fereba-

58 1178 129 1238 tur,
158 1165 379 1238 rempublicam
391 1165 457 1241 regi
471 1165 535 1220 sine
553 1167 663 1224 iniuria
678 1187 738 1226 non
750 1189 847 1248 posse.
890 1171 977 1229 Hauc
989 1175 1112 1248 proinde
1195 1195 1198 1201 ¹

60 1251 277 1324 quaestionem
303 1247 517 1304 discutiendam
543 1258 574 1304 et
599 1251 781 1309 enodandam
807 1271 890 1325 esse,
915 1273 1053 1312 assensus
1067 1269 1113 1314 est

62 1332 185 1407 Scipio,
213 1330 445 1406 responditque,
464 1329 538 1388 nihil
552 1349 635 1403 esse,
650 1335 727 1408 quod
741 1334 834 1392 adbuc
848 1336 884 1392 de
896 1338 1046 1410 republica
1057 1359 1111 1414 pu-

64 1415 290 1486 tamdictum,
319 1423 349 1470 et
363 1433 421 1489 quo
434 1424 557 1489 possent
570 1416 690 1493 longius
702 1418 857 1496 progredi,
877 1421 936 1476 uisi
949 1431 1029 1478 esset
1041 1441 1111 1479 con-

66 1500 232 1570 firmatum,
260 1516 322 1554 non
335 1497 422 1554 modo
436 1498 543 1556 falsum
557 1516 622 1554 esse
635 1501 724 1573 illud,
738 1504 803 1558 sine
815 1504 925 1560 iniuria
938 1522 998 1560 non
1010 1523 1112 1580 posse;

69 1583 123 1639 scd
135 1581 193 1640 boc
204 1583 397 1642 verissimum
410 1600 486 1652 esse,
495 1584 564 1638 sine
578 1600 691 1640 summa
701 1586 815 1642 iustitia
825 1587 1035 1662 rempublicam
1047 1592 1112 1668 regi

66 1687 128 1725 non
151 1685 252 1742 posse.
295 1663 386 1722 Cuius
401 1667 584 1740 quaestionis
598 1668 765 1741 explicatio,
793 1687 859 1726 curn
871 1671 904 1726 in
917 1671 994 1728 diem
1008 1690 1112 1730 conse·

67 1761 210 1827 quantem
236 1749 327 1806 dilata
354 1758 448 1820 esset,
476 1751 508 1804 in
522 1752 610 1806 tertio
623 1751 698 1807 libro
711 1771 818 1830 magna
831 1752 1051 1812 conflictatione
1064 1775 1112 1812 res

67 1845 133 1891 acta
147 1842 204 1890 est.
250 1831 388 1906 Suscepit
402 1833 481 1888 cnm
493 1831 575 1889 Pilus
589 1834 652 1908 ipse
665 1834 893 1910 disputationem
915 1857 1035 1910 eorum,
1062 1841 1113 1914 qui

68 1920 219 1974 sentirent
232 1917 297 1972 sinc
309 1916 460 1972 iniustitia
472 1917 538 1994 regi
553 1935 613 1973 non
625 1936 713 1992 posse
732 1921 957 1994 rempublicam,
980 1939 1112 2000 purgans

68 2021 99 2058 se
113 2001 291 2077 praecipue,
318 2019 357 2056 ne
370 1997 427 2054 boc
441 1999 503 2072 ipse
518 2002 629 2056 sentire
644 2001 824 2059 crederetur.
867 2002 997 2080 Egitque
1012 2004 1113 2060 sedulo

68 2105 120 2160 pro
133 2085 285 2140 iniustitia
299 2091 404 2138 eontra
417 2083 576 2155 iustitiam,
591 2094 624 2140 ut
636 2083 713 2142 hanc
727 2103 794 2140 esse
807 2085 912 2142 utilem
923 2086 1113 2160 reipublicae,

69 2171 148 2224 illam
162 2185 236 2224 vero
249 2167 402 2236 inutilem,
417 2167 483 2222 veri
497 2167 641 2224 similibus
655 2169 820 2226 rationibus
834 2179 865 2224 et
878 2170 1019 2244 exemplis
1033 2171 1115 2228 velut

72 2260 231 2308 conaretur
256 2249 423 2306 ostendere.
467 2247 543 2305 Tum
556 2249 674 2308 Laelius
700 2253 873 2332 rogantibus
889 2253 1039 2327 omnibus,
1066 2256 1113 2311 iu-

70 2338 183 2392 stitiam
196 2333 356 2390 defendere
370 2350 531 2410 aggressus
546 2343 607 2406 est,
634 2337 821 2412 asseruitque
839 2347 982 2413 quantum
1006 2339 1114 2412 potuit,

70 2417 145 2476 nihil
158 2428 221 2474 tam
235 2418 390 2473 inimicum
404 2433 492 2490 quam
503 2417 681 2476 iniustitiam
694 2420 824 2492 civitati,
850 2440 906 2478 nec
920 2422 1041 2478 omnino
1055 2421 1113 2476 nisi

70 2521 179 2580 magna
192 2502 309 2557 iustitia
322 2501 389 2578 geri
402 2507 454 2556 aut
467 2509 546 2556 stare
559 2519 647 2576 posse
666 2503 884 2576 rempublicam.

135 2586 202 2651 Qua
227 2585 416 2660 quaestione,
443 2593 586 2658 quantum
612 2586 685 2640 satis
709 2586 806 2642 visum
832 2593 893 2654 est,
919 2592 1115 2658 pertractata,

71 2669 176 2742 Scipio
188 2668 224 2724 ad
236 2667 408 2726 intermissa
421 2667 598 2737 revertitur,
625 2665 789 2740 recolitque
814 2681 897 2720 suam
922 2675 1010 2738 atque
1037 2683 1115 2724 oom-

73 2751 194 2808 mendat
207 2752 326 2808 brevem
333 2751 517 2824 ,reipublicae
530 2747 752 2820 definitionem,
770 2765 829 2823 qua
842 2747 960 2806 dixerat
974 2765 1038 2804 eam
1051 2767 1116 2806 esse
1159 2781 1161 2785 ·

74 2855 136 2891 rem
148 2837 258 2909 populi.
293 2833 437 2909 Populum
447 2841 560 2904 autem,
575 2851 636 2888 non
650 2851 766 2890 omnem
779 2842 895 2890 coetum
907 2831 1115 2906 multitudinis,

74 2919 124 2975 scd
137 2927 254 2974 coetum
268 2919 342 2974 iuris
357 2933 504 2972 consensu
522 2925 553 2972 et
578 2917 717 2973 utilitatis
744 2918 949 2974 communione
973 2917 1116 2974 sociatum

75 3021 139 3057 csse
169 3001 354 3056 determinat.
399 2998 496 3056 Docet
513 2999 619 3055 deinde
633 3009 743 3074 quanta
755 3000 795 3056 sit
808 3001 840 3056 in
854 2999 1029 3076 disputando
1043 2999 1115 3058 defi-

74 3085 198 3142 nitiouis
225 3085 352 3141 utilitas:
380 3091 467 3157 atque
481 3084 591 3138 exiliis
607 3085 668 3138 suis
683 3081 902 3140 definitionibus
917 3084 1031 3160 colligit
1045 3092 1117 3140 tuno

74 3187 139 3224 esse
153 3167 382 3242 rempublicam,
409 3165 439 3221 id
453 3175 498 3220 est
511 3183 573 3222 rem
586 3167 702 3240 populi,
730 3183 796 3222 cum
808 3167 885 3222 bene
897 3185 932 3223 ac
945 3168 1023 3222 iuste
1035 3167 1116 3244 geri-

74 3263 138 3322 tur,
166 3253 231 3307 sive
245 3251 280 3306 ab
294 3267 355 3306 uno
368 3267 455 3326 rege,
482 3249 546 3305 sive
559 3267 576 3304 a
589 3249 690 3322 paucis
705 3250 908 3323 optimatibus,
923 3251 987 3307 siv'e
1000 3251 1034 3306 ab
1049 3251 1116 3306 uni·

74 3353 159 3390 verso
172 3335 288 3408 populo.
334 3331 408 3390 Cura
433 3349 504 3389 vero
531 3333 658 3386 iniustus
685 3341 731 3388 est
749 3349 820 3403 rex,
847 3350 933 3408 quem
946 3341 1117 3408 ιιτιιιιιιιιιιι,

75 3436 154 3474 more
168 3417 303 3488 Graeco,
330 3415 503 3490 appellavit3
529 3423 580 3471 aut
592 3415 697 3470 iniusti
711 3417 881 3488 optimates,
908 3431 1032 3490 quorum
1046 3419 1119 3468 con-'

75 3519 193 3556 sensura
219 3498 297 3556 dixit
325 3516 390 3554 esse
416 3498 590 3570 factionem3
618 3505 668 3554 aut
687 3499 814 3554 iniustus
827 3499 891 3572 ipse
902 3496 1043 3570 populus,
1070 3497 1117 3551 oui

74 3602 180 3641 nomen
208 3584 354 3640 usitatum
378 3599 439 3638 non
465 3581 593 3654 reperit,
619 3581 678 3636 nisi
692 3588 726 3636 ut
739 3581 828 3636 etiam
849 3581 945 3653 ipsum
959 3584 1118 3650 tyrannum

74 3676 209 3738 vocaret3
228 3685 291 3724 non
304 3667 364 3722 iam
377 3665 531 3734 vitiosam,
546 3664 624 3719 sicut
635 3663 730 3738 pridie
742 3663 839 3720 suerat
851 3661 1041 3734 disputatum,
1055 3661 1117 3732 sed,

72 3753 147 3806 sicut
160 3751 239 3806 ratio
253 3767 293 3805 cx
312 3749 372 3804 illis
400 3746 621 3804 definitionibus
648 3763 783 3802 connexa
808 3743 972 3814 docuisset,
999 3744 1118 3800 omnino

74 3835 182 3894 mdlam
196 3852 264 3892 csse
279 3831 503 3908 rempublicam:
531 3829 669 3906 quonium
682 3845 743 3886 non
758 3835 836 3884 esset
850 3843 897 3881 res
910 3827 1025 3902 populi,
1053 3844 1119 3881 cum
