2510 4404
221 228 281 282 «1⁰0
451 221 549 279 DlVl
571 220 759 280 A‘vaautt
781 219 1038 279 Avevsrtnl

223 387 253 434 to
267 377 371 433 iterum
387 375 480 445 lieret,
493 393 554 432 non
567 384 645 430 esset
656 391 776 430 neeesse
785 381 818 428 ut
826 373 876 428 illa
886 392 954 448 pars
963 375 1039 447 limi,
1054 394 1130 452 quae
1146 397 1176 433 ιιι
1186 369 1243 434 aurtl

224 461 330 530 fuerat,
343 459 380 514 ad
392 477 494 516 ansam
505 458 624 528 rediret,
638 467 690 516 aut
702 475 777 532 quae
790 456 913 514 fundum
927 457 1056 530 fecerat,
1079 461 1149 534 ipsa
1162 479 1243 516 mrrsl

224 545 335 601 iaceret
347 542 482 615 fundum3
497 541 565 598 duan
578 552 675 600 tamen
685 550 779 597 toturn
787 550 985 598 reverteretur
994 543 1026 598 in
1038 552 1152 614 totum,
1164 546 1191 602 id
1204 565 1243 612 ess,

223 638 302 684 totus
316 629 365 684 ille
378 627 463 682 limus
478 616 510 682 in
530 635 621 682 totum
634 643 684 682 vas
704 625 784 680 nulla
804 625 849 710 sui
865 627 979 700 perdite
996 636 1083 700 parte
1108 645 1243 686 remeare

224 713 407 786 Quapropter
421 711 447 766 si
460 709 558 783 capilli
577 710 664 764 toties
685 708 765 764 tonsi
782 725 933 786 unguesve
947 708 1062 766 desecti
1075 710 1117 767 ad
1133 713 1198 768 loca
1210 731 1243 768 ru

223 794 392 853 deformiter
404 781 538 864 redeunt,
553 811 612 848 non
624 791 776 849 redibunt:
790 809 845 850 nee
858 801 955 850 ιιιιιιιι
968 794 1077 870 cuique
1089 799 1243 874 resurgent

223 879 374 951 peribunt,
397 879 465 952 quia
479 879 510 933 in
530 876 653 932 eandem
670 893 806 948 earnem,
828 885 861 932 ut
880 895 1086 953 quemcunque
1106 879 1153 936 ibi
1170 881 1243 936 locor

224 962 351 1036 eorporis
365 969 496 1031 teneant,
511 968 628 1017 serrata
639 960 766 1034 partium
780 961 985 1037 congruentia,
1007 964 1159 1019 materiae
1170 975 1243 1020 muta

224 1045 333 1100 uilitate
346 1052 507 1100 vertentur.
532 1045 670 1110 Quamvis
685 1044 762 1119 quod
774 1045 817 1100 ait
829 1042 983 1116 Dominus,
1000 1043 1144 1124 Capillus
1156 1051 1243 1127 capiti

223 1128 317 1185 vestri
328 1145 384 1184 noa
391 1127 524 1204 peribit,
550 1145 611 1184 uon
625 1127 661 1184 de
673 1126 866 1204 longitudine,
885 1126 935 1182 sed
949 1126 985 1182 de
1000 1147 1130 1194 numero
1146 1133 1243 1206 capillo

224 1229 290 1267 rum
308 1210 418 1267 dictum
436 1213 526 1268 multo
544 1213 639 1286 aptius
658 1211 751 1286 possit
769 1212 907 1290 intelligi.
942 1209 1026 1268 Vnde
1041 1222 1075 1269 et
1087 1213 1164 1270 alibi
1181 1215 1243 1270 dicit:

227 1293 339 1374 capilli
351 1297 461 1373 eapitis
472 1297 569 1354 vestri
580 1297 730 1354 numerati
742 1304 812 1352 tunt
822 1312 927 1352 omaso.
949 1293 1056 1372 Neque
1069 1295 1128 1354 hoe
1142 1297 1205 1355 ideo
1217 1297 1243 1353 di·

225 1380 335 1450 xerim,
361 1373 438 1452 quod
463 1376 572 1454 aliquid
594 1379 760 1435 existimem
782 1379 897 1453 corpori
921 1380 1061 1454 cuiqnam
1088 1383 1243 1457 periturum

225 1461 303 1537 quod
316 1463 490 1518 naturaliter
502 1464 614 1534 inerat3
640 1462 691 1518 sed
705 1460 782 1537 quod
795 1460 922 1517 deforme
935 1472 1038 1520 natum
1052 1465 1171 1537 fuerat,
1191 1467 1243 1537 (not

226 1547 327 1620 utique
341 1545 377 1601 ob
391 1543 480 1617 eliud,
494 1547 553 1602 nisi
561 1555 594 1602 ut
603 1545 671 1604 hine
681 1563 797 1622 quoque
811 1544 1027 1618 ostenderetur,
1042 1566 1136 1624 quarn
1150 1551 1186 1606 sit
1195 1569 1243 1625 pos

155 1632 158 1640 ’
225 1629 301 1684 ιιιΙίι
315 1627 444 1685 conuitio
458 1631 515 1686 iata
527 1632 722 1701 mortalium,)
750 1631 792 1684 sie
812 1647 875 1684 esse
892 1628 1079 1703 rediturum,
1103 1643 1139 1690 ut
1153 1645 1243 1690 serrati

225 1713 397 1789 integritate
420 1711 617 1784 substantiae,
642 1713 810 1769 deformitas
830 1723 938 1788 pereat.
973 1712 1009 1770 Si
1032 1717 1118 1772 enim
1143 1727 1243 1773 sutura

225 1797 320 1871 potest
332 1793 440 1850 artifex
457 1793 558 1867 homo,
581 1815 667 1871 quam
683 1806 802 1871 propter
821 1797 947 1871 aliquam
966 1815 1092 1856 oausam
1110 1799 1243 1857 defamem

225 1878 351 1949 feceret,
378 1874 521 1950 conflare,
548 1889 577 1935 et
594 1877 820 1954 pulcherrimam
837 1879 975 1952 reddere,
1001 1881 1046 1938 ita
1060 1894 1100 1940 ut
1114 1883 1179 1941 nihil
1187 1882 1240 1940 inde

226 1961 417 2033 substantiae,
431 1961 483 2018 sed
496 1963 559 2018 sola
571 1961 740 2020 deformitas
754 1972 863 2038 pereat,
877 1967 950 2021 acsi
965 1965 1038 2040 quid
1051 1967 1089 2024 in
1105 1969 1155 2025 illa
1166 1968 1240 2046 ligura

226 2047 323 2122 priore
336 2044 511 2102 indecenter
523 2047 672 2118 exstabat,
697 2065 751 2103 nee
770 2048 916 2122 parilitate
941 2045 1119 2128 [parilitati]
1141 2053 1239 2127 maian

227 2130 423 2208 congruebat,
437 2149 498 2187 non
512 2129 547 2186 de
557 2139 634 2202 toto,
648 2131 726 2186 unde
739 2131 860 2203 fecerat,
873 2143 1025 2208 amputare
1039 2145 1135 2211 etque
1148 2153 1240 2212 separa·

226 2232 269 2284 re,
283 2213 333 2269 sed
345 2215 387 2269 ita
400 2231 595 2293 conspergere
607 2216 748 2272 universo
763 2223 851 2291 atque
863 2217 996 2286 miseere,
1020 2227 1057 2274 ut
1072 2239 1131 2277 nec
1143 2220 1243 2276 foeta-

226 2307 286 2352 tem
298 2295 401 2368 faciat,
415 2316 470 2354 nec
483 2300 597 2354 minuat
609 2301 817 2372 quantitatem
844 2298 912 2375 quid
926 2299 960 2356 de
974 2303 1178 2377 omnipotente
1189 2301 1243 2359 arti-

226 2380 281 2436 liee
294 2381 481 2438 sentiendum
496 2377 559 2438 estf
589 2381 709 2459 Ergone
723 2401 784 2438 non
797 2385 904 2458 poterit
916 2401 1048 2460 quasque
1061 2386 1243 2447 deformitates

226 2462 419 2521 humanorum
433 2483 597 2541 corporum,
610 2484 671 2522 non
683 2465 768 2522 modo
778 2469 911 2539 usitatas,
920 2487 1026 2525 verum
1035 2472 1240 2528 etiamraresat·

226 2567 282 2624 que
295 2557 488 2621 monstrosas,
503 2548 658 2624 quaehuic
671 2551 801 2606 miserae
807 2551 886 2607 ritae
899 2563 1090 2630 congruunt,
1110 2553 1239 2612 abhorrent

226 2642 324 2688 autem
337 2632 373 2688 ab
386 2634 437 2689 illa
450 2633 549 2690 futura
560 2633 702 2689 felicitate
716 2642 899 2706 sanctorum,
920 2637 963 2691 sio
977 2637 1102 2694 auferre
1116 2659 1148 2695 ec
1159 2635 1237 2714 perde

225 2733 267 2786 re,
282 2725 316 2772 ut
327 2731 514 2792 quascunque
524 2735 624 2774 earum
634 2717 757 2788 faciunt,
770 2719 827 2773 etsi
841 2721 994 2790 naturalia,
1009 2729 1115 2778 tamen
1126 2723 1237 2779 indecora

226 2810 414 2857 excrementa
426 2800 608 2858 substantiae
621 2803 798 2876 corporalis,
824 2804 902 2859 nulla
916 2805 979 2860 eins
993 2803 1189 2863 diminutione
1200 2804 1237 2860 tol·

225 2881 342 2940 lanturf
579 2899 582 2905 ’

273 2965 315 3020 Ac
325 2984 378 3040 per
383 2965 503 3023 hoenon
509 2976 554 3022 est
561 2969 667 3023 macris
671 2969 863 3048 pinguibusve
869 2969 1068 3044 metuendum,
1078 2992 1119 3029 ne
1125 2973 1164 3029 iti
1173 2973 1235 3029 etim

226 3049 299 3103 tales
310 3049 387 3118 sint,
399 3050 497 3122 quales
504 3051 665 3124 siposent,
678 3071 734 3108 nec
742 3052 791 3109 hie
799 3071 862 3108 esse
872 3055 1045 3110 voluissent.
1060 3055 1165 3114 Omnis
1177 3056 1233 3111 euin

225 3132 354 3205 eorporis
360 3129 546 3206 pulchritudo
560 3136 1010 3214 estpartiumcongruentiaeum
1017 3140 1144 3215 quadam
1151 3139 1234 3196 eoloris

225 3216 380 3272 suavitate.
394 3215 552 3272 Vlriautem
566 3235 626 3273 non
639 3229 684 3274 ert
695 3223 822 3294 partium
832 3222 1037 3300 congruentia,
1052 3235 1106 3281 aut
1115 3219 1234 3298 ideoqril

224 3297 354 3372 offendit,
367 3301 434 3376 quia
445 3319 565 3376 pravum
573 3298 718 3378 [pervium]
727 3313 781 3376 est,
793 3305 915 3361 antideo
924 3306 991 3379 quia
997 3323 1115 3379 parum,
1128 3319 1177 3364 eut
1189 3307 1232 3363 ilo

225 3385 294 3460 quia
307 3385 436 3440 nimium.
465 3383 592 3442 Proinde
607 3380 687 3441 nulla
701 3389 757 3442 erit
770 3387 949 3459 deformitas,
963 3406 1052 3462 quam
1065 3391 1140 3448 facit
1151 3394 1231 3448 incon

225 3469 361 3546 gruentia
375 3469 516 3543 partium,
535 3469 585 3524 ubi
598 3477 628 3524 et
641 3487 714 3544 quae
726 3489 816 3546 prava
826 3481 896 3528 sunt
909 3473 1114 3550 corrigentur3
1140 3486 1170 3531 et
1182 3467 1230 3550 qud

225 3552 320 3606 ιιιίιιιιι
335 3561 380 3606 est
396 3569 480 3625 quem
494 3551 587 3622 decet,
601 3551 680 3607 unde
693 3553 815 3611 Creator
827 3557 921 3628 novit,
933 3555 1002 3612 inde
1016 3559 1229 3632 supplebitumt

225 3633 301 3706 quod
313 3635 377 3708 plus
392 3643 437 3689 est
450 3652 536 3708 qnam
549 3634 646 3706 decet,
667 3639 806 3694 materiae
819 3647 933 3696 serrata
946 3641 1137 3717 integritate,
1160 3642 1227 3697 dete

224 3712 318 3769 hetur.
358 3715 469 3772 Coloris
487 3735 574 3792 porro
588 3721 715 3776 suavitas
734 3731 842 3796 quanta
855 3723 928 3794 erit,
953 3723 1004 3778 ubi
1016 3717 1090 3780 initi
1103 3725 1227 3804 fulgelu¹

223 3797 299 3851 siout
312 3797 356 3852 sol
368 3799 398 3853 in
418 3817 512 3877 regno
526 3799 623 3857 Patris
637 3799 702 3858 suif
725 3804 807 3871 Quae
820 3807 936 3862 claritas
951 3807 983 3862 in
997 3804 1110 3864 Christi
1123 3817 1226 3883 corpor&

223 3896 289 3935 aum
300 3881 473 3954 resurrexit,
488 3881 522 3939 alr
536 3885 627 3940 oculis
642 3884 847 3962 discipulorum
859 3890 955 3964 potius
966 3889 1139 3950 abscondita
1150 3892 1225 3948 totae
