2510 4404
171 191 231 264 422
389 185 484 244 lllVl
508 183 700 242 AVRElll
724 179 975 242 AVGVSTlNl

170 342 283 398 directi.
318 338 462 402 Patebunt
482 340 570 395 ctiam
595 337 788 418 cogitationes
812 339 932 390 nostrae
953 335 1092 390 invicem
1124 333 1198 388 ndis

170 424 256 482 Tunc
270 425 348 481 enim
361 423 527 498 implebitur
540 421 615 496 quod
626 421 779 495 Apostolus
794 437 858 474 cum
871 419 1010 489 dixisset,
1026 415 1141 474 Nolite
1151 427 1200 472 aab

170 521 283 587 tempas
304 508 438 566 iudicare
458 508 626 584 quicquam,⁸
651 521 720 560 mox
737 501 864 574 addidit,
881 503 972 560 donec
983 504 1099 559 ventu
1114 498 1205 557 Dm

170 609 236 662 aas,
261 603 290 650 ct
303 591 449 648 illuminet
463 589 634 647 abscondito
649 587 845 658 tenebrarum,
859 597 889 644 st
901 585 1130 656 manifestabit
1146 583 1208 661 [aro

170 671 308 749 afferret]
323 675 517 750 cogitationes
529 672 640 744 cordis,
654 681 684 728 ct
697 679 767 728 tnnc
779 669 844 726 laus
856 673 916 728 crit
928 671 1096 746 nonnique
1113 689 1136 725 a
1147 667 1209 724 na«

488 926 494 954 ,
540 875 562 936 C
584 880 609 936 Α
631 877 662 934 P.
706 875 779 954 XX
789 875 830 962 Χ.

256 975 299 1030 De
309 987 419 1029 aeterna
427 976 567 1049 felicitate
582 973 709 1028 Civitatis
719 973 786 1038 Dei,
801 973 962 1042 sabbatoque
973 985 1130 1042 perpetuo.
1237 989 1238 1004 ¹

234 1085 349 1152 Quanta
361 1085 418 1140 erit
430 1085 480 1140 illa
493 1083 629 1153 felicitas,
642 1081 693 1146 ubi
708 1082 819 1138 nullum
831 1083 887 1138 orit
899 1083 1023 1152 malum,
1037 1084 1166 1138 nullum
1178 1083 1211 1136 la-

171 1168 243 1226 tebit
255 1166 377 1238 bonum,
400 1167 550 1226 vacabitur
565 1165 623 1224 Dei
635 1165 782 1237 laudibus,
806 1167 858 1242 qui
875 1167 932 1221 erit
951 1167 1054 1222 omnia
1067 1168 1106 1222 in
1122 1165 1212 1221 omui-

169 1247 243 1310 busl
274 1251 349 1308 Nam
362 1251 431 1328 quid
443 1251 523 1308 aliud
535 1261 652 1330 agatur,
664 1249 714 1306 ubi
728 1267 820 1324 neque
833 1251 892 1306 uda
905 1249 1022 1306 desidia
1034 1251 1212 1314 cessabitur,

170 1355 266 1411 neque
291 1339 351 1392 ulla
368 1336 533 1416 indigentia
557 1334 753 1404 laborabitur,
779 1335 888 1390 nescio.
927 1331 1211 1402 Admoneor‚etiarr

170 1430 272 1478 sancto
284 1419 416 1493 Cantica,
429 1418 481 1478 ubi
492 1421 570 1499 lego,
583 1421 630 1478 rel
644 1416 746 1476 audio:
759 1415 851 1476 Beati
862 1420 913 1494 qai
925 1415 1070 1476 babitaret
1085 1421 1121 1474 iu
1136 1418 1209 1473 ᾱοηο

171 1515 234 1574 tua,
249 1503 382 1574 Domine,
396 1505 560 1562 insaecula
574 1502 754 1562 saeculoram
765 1501 927 1558 laudabunt
940 1511 979 1559 tc.
994 1500 1113 1558 Omnia
1123 1519 1208 1556 merr-

170 1588 222 1644 bro
234 1599 264 1645 et
276 1591 391 1645 viscera
408 1589 636 1662 incorruptibilis
652 1587 796 1662 corporis,
820 1603 893 1660 quac
907 1604 988 1642 nunc
1006 1585 1149 1642 videmus
1162 1600 1206 1657 per

170 1689 240 1726 usus
255 1673 440 1728 necessitatis
453 1673 550 1728 varios
570 1670 739 1740 distributa,
763 1670 901 1745 quoniam
913 1677 985 1725 tunc
999 1688 1065 1726 non
1078 1672 1141 1726 erit
1152 1670 1205 1741 ipss

170 1757 338 1824 necessitas,
353 1755 403 1810 sed
415 1757 513 1828 plena,
527 1764 617 1824 certa,
631 1771 746 1824 secura,
759 1753 938 1826 sempiterna
950 1753 1103 1825 felicitas,
1123 1750 1201 1829 profi·

171 1839 250 1894 cient
262 1839 293 1894 in
307 1837 438 1894 laudibus
453 1837 519 1896 Dei.
557 1837 665 1893 Omnes
679 1838 784 1912 quippe
796 1839 855 1907 illi,
880 1835 916 1892 de
937 1838 1048 1912 quibus
1069 1839 1132 1895 iarn
1145 1851 1193 1890 snm

170 1923 318 1996 loquutus,
332 1923 381 1998 qui
394 1941 472 1978 nunc
483 1923 587 1993 latent,
600 1919 770 1978 harmoniae
783 1922 939 1996 corporalis
954 1924 1078 1978 numeri
1091 1941 1145 1980 non
1156 1922 1190 1974 la-

170 2005 284 2078 tebunt,
298 2007 474 2064 intrinsecus
485 2016 515 2064 et
526 2007 715 2062 extrinsecus
724 2023 776 2080 per
792 2006 921 2078 corporis
934 2001 1045 2062 cuncta
1059 2004 1194 2081 dispositi,

132 2141 134 2146 .
171 2099 281 2146 etcum
294 2092 418 2148 caeteris
432 2090 535 2162 rebus,
561 2109 634 2165 quae
651 2089 692 2144 ibi
712 2107 836 2168 magnae
854 2098 942 2164 atque
960 2089 1116 2146 mirabiles
1130 2087 1186 2146 ride

171 2174 296 2246 buntur,
323 2177 481 2232 rationales
497 2183 608 2248 urentes
621 2176 653 2230 in
667 2174 743 2229 tanti
754 2173 875 2230 artificis
888 2173 1006 2230 laudem
1019 2173 1196 2233 rationabilis

170 2256 395 2332 pulchritudinis
409 2259 601 2316 delectatione
615 2255 802 2326 succendent,
845 2258 905 2324 Qui
916 2267 1015 2314 motus
1028 2259 1094 2314 illic
1106 2260 1196 2314 ulium

171 2360 325 2416 corporum
338 2345 398 2400 sint
412 2343 503 2400 futuri
521 2351 630 2400 temere
647 2341 769 2398 delinire
783 2355 841 2398 non
859 2340 966 2412 audeo,
990 2342 1073 2417 quod
1085 2343 1193 2418 excogi-

172 2435 234 2480 tare
248 2444 307 2484 uon
320 2429 412 2484 valeo.
448 2425 561 2496 Tamen
574 2435 710 2482 etractus
724 2435 752 2481 et
765 2433 874 2495 status,
900 2427 976 2480 sicut
995 2428 1064 2500 ipsa
1082 2428 1190 2502 speeies,

170 2508 275 2566 decens
294 2512 366 2584 erit,
408 2513 553 2586 uicunque
573 2511 640 2582 erit,
663 2509 713 2566 ubi
735 2508 812 2584 quod
835 2528 894 2566 non
914 2508 1041 2582 docebit,
1067 2511 1186 2568 nonant

171 2592 257 2650 Certe
271 2595 322 2654 ubi
334 2597 414 2652 volet
426 2595 556 2670 spiritus,
569 2595 611 2651 ibi
623 2594 756 2669 protinus
771 2594 828 2649 erit
840 2611 959 2668 eorpus:
985 2613 1043 2651 nec
1059 2597 1136 2652 volet
1146 2595 1191 2650 sli-

170 2677 239 2752 quid
252 2680 382 2754 spiritus‚
396 2679 474 2755 quod
486 2697 542 2736 nec
556 2679 690 2754 spiritum
700 2679 794 2750 possit
805 2677 919 2750 decere,
933 2696 987 2734 nec
997 2697 1114 2754 corpus.
1126 2678 1193 2734 llere

171 2761 212 2820 ibi
226 2764 322 2840 gloria
334 2765 406 2836 erit,
429 2763 480 2820 ubi
492 2762 637 2820 laudantis
651 2781 706 2818 nec
720 2781 820 2818 errore
833 2763 1003 2836 quisquam,
1018 2781 1090 2828 ⁴nec
1099 2763 1191 2820 adula-

170 2849 250 2904 tione
263 2839 438 2904 laudabitur.
460 2845 554 2902 Verus·
567 2846 670 2918 honor,
685 2847 735 2921 qui
748 2847 820 2902 nulli
835 2845 992 2923 negabitur
1006 2845 1112 2925 digno,
1131 2848 1192 2904 nulli

170 2929 318 2986 deferetur
331 2929 467 3008 indigno:
493 2929 545 2986 sed
557 2949 612 2987 nec
625 2930 662 2986 ad
675 2949 741 2986 eum
754 2931 860 2986 ambiet
876 2930 952 2986 ullus
966 2927 1127 3008 indignus,
1151 2931 1190 2987 ubi

169 3013 266 3068 nullus
279 3014 463 3086 permittetur
476 3031 540 3068 esse
554 3013 613 3080 nisi
627 3013 743 3090 diguus.
777 3012 852 3070 Vera
864 3032 922 3088 pax
937 3010 990 3088 [ibi
1002 3013 1080 3092 est],
1095 3017 1138 3073 nbi
1149 3017 1187 3070 ai·

169 3094 212 3150 hil
225 3093 351 3167 adversi,
366 3113 420 3152 nec
433 3113 451 3151 a
463 3114 494 3151 se
506 3097 580 3170 ipso,
595 3115 650 3152 nec
664 3097 699 3154 ab
712 3099 769 3154 alio
783 3099 935 3172 qnisquam
947 3099 1089 3171 patietur.
1114 3099 1187 3156 Prac-

170 3181 259 3236 urium
269 3181 387 3238 virtutis
401 3180 458 3237 erit
470 3181 532 3254 ipse
546 3181 596 3257 qui
608 3183 747 3240 virtutem
760 3181 849 3254 dedit,
868 3184 951 3258 eique
964 3201 996 3238 se
1010 3184 1124 3258 ipsum,
1142 3202 1190 3259 quc

170 3266 273 3322 melius
288 3274 317 3322 et
329 3266 422 3323 maius
437 3263 510 3322 nihil
522 3267 613 3338 possit
626 3285 701 3336 esse,
713 3268 856 3341 promisit.
882 3266 957 3333 Quid
970 3275 1017 3323 est
1031 3269 1113 3324 enim
1124 3265 1190 3324 aliud

171 3348 246 3425 quod
259 3369 311 3425 per
322 3347 494 3424 Prophetam
507 3349 593 3420 dixit,
607 3349 668 3408 Ero
681 3349 798 3406 illorum
811 3349 903 3420 Deus,
918 3361 948 3407 et
959 3342 1020 3429 ipsi
1032 3350 1192 3410 ernauldi

165 3433 266 3512 pleds,
291 3433 365 3505 nisi,
388 3431 453 3512 Ego
475 3453 524 3490 ero
539 3432 616 3490 unde
635 3435 795 3505 satientur,
818 3433 884 3512 Ego
897 3451 947 3490 ero
961 3452 1150 3512 quaecunque
1162 3435 1190 3490 ab

170 3515 335 3574 homiuibus
349 3515 470 3577 honeste
483 3516 703 3589 desiderantur,
728 3526 758 3572 et
770 3519 846 3589 vita,
861 3528 891 3574 et
903 3520 992 3587 salos,
1007 3529 1038 3574 et
1050 3520 1156 3590 rictus,
1168 3527 1193 3573 ct
1239 3557 1240 3560 ,

171 3602 265 3674 copia,
279 3611 314 3656 et
323 3602 429 3679 gloria,
443 3611 472 3660 et
485 3600 590 3674 honor,
605 3612 634 3658 et
646 3620 714 3676 pax,
728 3609 758 3658 et
771 3603 869 3660 omnia
882 3597 977 3659 bonai
1012 3600 1066 3659 Sic
1078 3604 1155 3660 enin
1168 3611 1192 3656 et

168 3682 240 3739 illud
252 3693 331 3739 recte
344 3687 534 3763 intelligitur,
556 3685 631 3760 quod
652 3688 694 3743 ait
706 3685 879 3761 Apostolus,
906 3696 939 3742 at
950 3687 994 3742 sit
1006 3684 1090 3744 Desa
1103 3687 1190 3744 onan

169 3767 200 3823 ia
212 3765 349 3822 ostaldus.
383 3767 448 3842 lpse
466 3769 534 3827 finis
553 3769 610 3825 crit
629 3769 838 3827 desideriorum
856 3778 1039 3841 nostrorum,
1064 3773 1114 3846 qui
1134 3772 1188 3824 sinc

170 3845 228 3902 fine
243 3845 396 3921 ridebitur,
415 3853 478 3907 sinc
493 3851 608 3909 fastidio
622 3853 778 3928 amabitur,
801 3854 1052 3933 sinelatigatione
1066 3853 1187 3910 laudabi-
