2590 4396
292 203 352 262 DE
378 203 596 263 ClVlTATE
619 207 698 266 nst
729 211 809 270 LiB.
835 215 893 273 iii.
1081 227 1121 282 99

80 361 166 417 dium.
212 355 326 414 Mutius
340 353 484 412 Scaevoia
509 357 660 430 pontifex,
686 364 825 435 queniam
837 365 910 422 nihii
924 371 1000 444 epud
1014 372 1120 433 Rom.

79 461 132 502 nos
146 441 259 514 templo
272 437 381 494 Vestes
394 439 526 494 seuetius
540 437 714 513 hebebatur,
741 462 823 502 erem
846 449 938 522 ipsum
960 458 1121 530 amplexus,

79 527 197 582 occisus
212 531 274 578 est:
292 523 452 600 ignemque
464 523 564 592 iilum,
578 523 629 606 puri
641 537 782 599 perpetue
796 547 868 587 curu
880 533 1030 610 virginum
1043 557 1120 598 sem-

78 627 129 683 per
141 607 284 675 erdebst,
298 621 351 660 suo
363 623 441 679 pene
454 607 602 682 sunguine
616 611 771 668 exstinxit.
799 610 907 670 Vrbem
920 615 1026 675 deiude
1039 619 1121 697 Sylla

76 693 174 747 victor
187 689 333 758 introvit,
360 689 455 764 quiin
470 689 541 744 vilio
553 689 686 763 publiea,
712 711 773 750 nen
787 697 845 751 ium
861 697 953 769 beiio,
981 702 1032 758 sed
1059 706 1121 778 ipss

77 791 148 848 pace
162 773 336 842 saeviente,
358 781 471 844 septem
482 772 575 828 millis
587 771 755 832 deditorum
768 778 857 848 (unde
868 782 970 856 utiquc
984 786 1120 863 inermis)

77 875 134 912 non
147 854 327 932 pugnando,
353 854 407 910 scd
419 854 548 910 iubendo
560 866 770 929 prostrarent.
805 859 839 917 in
853 861 930 919 Vrbe
943 876 1042 923 eutem
1057 877 1121 925 toto

78 957 163 1014 quem
181 939 275 994 veliet
295 935 440 1012 Syiienus
462 940 587 1013 quisque
612 940 752 999 feriebat:
779 944 857 1000 uude
875 955 922 1004 tot
943 948 1049 1006 iuuere
1063 969 1119 1007 nu-

76 1023 183 1078 merari
195 1021 320 1077 omnino
334 1039 395 1077 nou
408 1029 559 1095 poterent,
586 1022 679 1080 donee
691 1023 792 1102 Syiiee
819 1041 1049 1107 suggereretur,
1076 1036 1118 1090 si·

77 1101 188 1162 nendos
204 1121 272 1160 esse
284 1105 403 1178 eiiquos
417 1105 534 1176 rivere,
560 1115 596 1161 nt
607 1118 710 1165 essent
721 1111 826 1185 quibus
840 1124 962 1186 possent
974 1117 1119 1190 imperare

77 1190 125 1262 qui
146 1189 296 1244 vicerunt.
341 1185 428 1244 Tune
441 1188 500 1243 iem
512 1186 658 1261 cohibita,
683 1209 758 1266 quoe
771 1193 825 1250 hue
837 1205 928 1270 etque
941 1195 996 1253 hee
1010 1201 1119 1271 passim

77 1271 235 1327 furibunde
248 1270 403 1326 ferebatur
415 1271 537 1327 licentie
555 1273 728 1350 iugulandi,
754 1277 855 1332 tabule
867 1279 919 1333 ille
931 1297 999 1334 cum
1011 1297 1119 1357 magne

79 1356 279 1432 gratulatione
304 1355 456 1428 preposite
473 1363 535 1426 est,
562 1373 638 1429 ques
651 1354 803 1414 bonriuuru
816 1375 854 1414 cx
877 1369 1002 1435 utroque
1014 1363 1119 1418 ordine

81 1437 243 1510 splendido,
270 1438 406 1511 equestri
417 1438 533 1493 scilicet
546 1445 636 1511 etque
649 1443 817 1513 senatorio,
839 1441 1070 1501 occidendorum
1083 1463 1118 1502 oc

80 1519 356 1594 proscribendorum
369 1517 426 1574 duo
439 1520 531 1576 millio
545 1521 724 1577 continebat.
751 1522 954 1582 Contristubct
966 1545 1118 1600 numerus,

80 1601 129 1657 sed
136 1603 346 1658 consolebatur
357 1602 477 1673 modus3
491 1619 546 1658 nec
555 1604 948 1676 quietotccdebenttentum
961 1619 1025 1665 crat
1035 1630 1117 1667 moc-

76 1687 160 1755 roris,
176 1693 324 1760 qucntum
336 1683 468 1739 ieetitiue
481 1686 549 1760 quic
562 1689 673 1742 caeteri
686 1705 746 1743 uon
760 1689 911 1746 timebunt.
932 1689 992 1748 Sed
1006 1693 1037 1749 iu
1052 1695 1113 1767 qui‹

77 1768 195 1824 busdam
209 1785 331 1837 eorum,
358 1768 411 1840 qui
423 1767 499 1823 mori
511 1767 587 1822 iussi
601 1779 700 1840 erent,
727 1773 815 1827 ctiam
828 1774 892 1847 ipsc
905 1774 977 1830 licct
991 1774 1117 1832 crudelis

75 1851 437 1920 coeterommseeurites,
463 1868 575 1926 genere
599 1853 739 1908 mortium
762 1855 911 1930 exquisite
937 1861 1116 1934 congemuit.

74 1934 229 2001 Quenmm
241 1933 402 1988 enimsim
415 1932 495 1989 ferro
508 1934 685 1990 iacientium
701 1955 806 1994 munus
833 1938 1034 2012 diripuerunt,
1061 1943 1117 1998 im-

72 2019 188 2074 munius
202 2014 340 2072 homines
355 2013 505 2072 hominen
527 2017 643 2088 vivum,
668 2035 756 2092 quem
768 2020 881 2077 bestico
894 2023 992 2077 soient
1004 2023 1117 2078 discer-

73 2097 285 2176 pereeedever
298 2099 453 2154 obiectum.
496 2099 578 2156 Alius
603 2103 698 2157 oculis
724 2100 839 2160 effossis
865 2113 896 2159 et
920 2105 1117 2178 particulatim

73 2183 213 2240 menbris
225 2183 387 2256 amputetis
401 2183 433 2237 in
446 2184 538 2239 tentis
553 2185 732 2241 cruciatibus
746 2185 796 2242 diu
809 2187 927 2257 virere,
952 2189 1003 2244 vel
1018 2190 1117 2263 potius

74 2267 122 2323 diu
133 2267 216 2322 mori
229 2273 351 2321 coactus
364 2273 421 2320 est.
448 2263 645 2323 Subhsstutee
659 2271 848 2342 tumetium,
863 2279 1005 2345 tunquam
1017 2273 1117 2342 uilloc,

74 2350 218 2426 quaedum
232 2348 346 2405 nobiles
362 2349 508 2404 civitatee.
551 2349 616 2406 Vns
641 2369 729 2423 vero,
753 2355 836 2410 velut
848 2372 925 2410 unus
938 2371 1008 2410 reus
1022 2356 1118 2411 occidi

74 2435 244 2503 iuberetur,
271 2432 314 2486 sic
327 2439 391 2486 tote
403 2431 486 2488 iuste
496 2442 545 2489 est
556 2435 663 2490 civitas
676 2435 830 2492 trucidari.
857 2436 941 2492 Hace
954 2437 1034 2493 iectu
1046 2449 1118 2493 sunt

73 2518 103 2572 in
116 2535 191 2592 pace
205 2523 274 2590 post
286 2515 410 2584 tetum,
436 2533 498 2572 non
510 2526 545 2572 ut
557 2519 773 2573 eccelersretur
796 2519 956 2574 obtinendo
981 2521 1118 2588 victoris,

73 2600 125 2656 sed
139 2607 178 2655 n'e
192 2605 436 2654 contemneretur
447 2599 578 2655 obtentu.
621 2598 685 2653 Pax
700 2617 767 2653 cum
779 2601 856 2654 bello
885 2599 920 2654 dc
943 2599 1118 2655 crudelitate

74 2685 204 2738 certavit
216 2690 248 2737 et
261 2681 345 2738 vicit.
388 2679 464 2738 iliud
478 2683 558 2736 enim
571 2681 732 2754 prostravit
744 2689 888 2750 sumator,
907 2681 966 2736 istu
980 2681 1117 2738 nudatos.

75 2763 193 2820 Bellum
206 2771 286 2834 eret,
315 2765 410 2839 utqui
425 2764 604 2834 feriebatur,
617 2765 645 2818 si
658 2773 773 2838 penset,
788 2764 906 2820 feriret:
933 2779 992 2838 pex
1007 2772 1117 2835 eutem,

75 2865 137 2904 non
151 2857 185 2904 ut
197 2849 251 2924 qui
264 2857 416 2918 cnseret,
444 2850 574 2918 viveret,
594 2845 647 2903 ned
659 2856 694 2903 ut
705 2849 835 2904 moriens
850 2863 911 2903 non
923 2857 1115 2926 repugnaret.

438 2997 560 3054 cAP.
602 2995 761 3054 xxix.

70 3091 114 3147 De
124 3095 330 3162 comparatione
344 3089 477 3144 Gothicae
487 3093 648 3160 irruptionis
657 3109 719 3146 cum
729 3093 768 3146 eir
777 3093 911 3156 cladibus,
921 3109 989 3162 ptus
998 3093 1116 3146 lienosi

144 3165 188 3216 cel
196 3179 215 3216 a
229 3161 319 3216 Galus
325 3197 333 3224 ,
353 3162 396 3212 oei
405 3178 422 3212 a
433 3161 560 3214 beliorum
570 3163 690 3216 civilium
700 3162 856 3216 auctoribus
866 3172 1036 3230 aeceperunt.

134 3271 218 3337 Quee
231 3269 330 3326 rabies
345 3277 515 3324 exterorum
527 3270 678 3346 gentium,
701 3287 775 3345 quse
789 3270 913 3325 seeritie
925 3269 1116 3324 borbororum

70 3351 139 3410 huie
152 3352 191 3407 de
205 3353 321 3410 civibus
335 3351 480 3407 victorius
493 3353 603 3408 civium
630 3353 793 3424 comparari
818 3347 936 3426 potesti
962 3350 1040 3417 Quid
1054 3347 1114 3403 Ro-

70 3453 116 3492 me
125 3437 295 3504 funestius,
309 3435 434 3506 tetrius,
458 3436 644 3508 emeritusque
656 3436 747 3506 vidit,
773 3443 872 3491 utrum
884 3435 955 3490 olim
962 3432 1116 3487 Gnllorunr

71 3527 100 3573 et
111 3521 202 3594 peulo
221 3527 293 3574 onte
308 3515 474 3572 Gothorum
492 3518 704 3590 irruptionem,
732 3533 771 3572 en
784 3515 871 3574 Marii
885 3525 916 3570 ct
929 3513 1028 3588 Syllae
1042 3512 1115 3566 eiic-

69 3617 194 3677 rumque
221 3603 255 3657 in
274 3617 381 3656 eorum
403 3600 535 3673 pertibus
559 3601 692 3656 virorum
718 3601 950 3655 clarissimorum
976 3601 1115 3667 tunquam

70 3699 194 3741 suorum
207 3685 359 3740 luminum
371 3683 404 3737 in
418 3700 471 3738 sue
489 3683 617 3738 membre
641 3676 850 3738 ferocitatemi
895 3676 973 3732 Gelli
999 3675 1117 3750 quidem

69 3768 300 3825 mucidarerunt
326 3774 481 3836 senatum,
508 3763 649 3840 quicquid
663 3766 727 3819 eius
747 3765 778 3819 in
792 3762 870 3818 Vrbe
896 3768 974 3828 totu,
1001 3767 1118 3832 practer

69 3865 167 3908 urcem
180 3850 402 3927 Capitolinum,
429 3865 505 3924 quee
519 3849 582 3905 sols
595 3856 746 3920 utcunque
761 3845 882 3980 {pigrum
902 3848 962 3910 cst,
987 3840 1117 3914 reperire
