2590 4396
204 187 259 242 102
427 178 522 236 DlVl
544 175 731 235 AVRELll
752 173 1012 234 AVGVSTlNl

200 333 341 410 quaedam
354 331 444 390 rerba
459 332 611 397 clamasse,
630 328 747 383 volasse
767 336 938 402 serpentes,
963 325 1087 381 feminas
1102 333 1131 380 ct
1145 328 1238 402 galli-

198 435 252 473 nas
267 425 296 471 et
308 415 444 472 homines
457 415 489 470 in
502 411 696 468 masculinum
708 427 812 466 sexum
829 410 922 466 fuisse
933 425 1104 466 conversas:
1119 419 1150 464 et
1165 427 1238 466 cae-

199 509 263 556 tera
275 497 454 568 huiusmodi,
467 513 541 570 quae
554 496 586 549 in
600 509 703 548 eorum
714 493 809 562 libris,
828 511 890 548 non
904 493 1056 562 fabulosis,
1072 490 1124 548 sed
1137 489 1237 548 histo-

199 583 281 653 ricis,
296 599 348 638 seu
360 599 429 638 vera
440 597 492 634 seu
502 577 576 642 falsa
589 576 724 644 sint,non
735 573 1046 632 inferuntborninibus
1057 576 1237 649 perniciem,

201 663 253 721 sed
266 674 425 739 stuporem.
451 659 510 718 seu
524 677 589 714 cum
601 659 677 732 pluit
688 666 779 728 terra,
803 677 870 714 cum
883 659 959 732 pluit
972 667 1064 730 creta,
1079 655 1238 732 compluit

199 747 355 822 lapidibus,
369 762 432 800 uon
441 751 476 798 ut
484 739 597 819 grando
612 741 752 814 appellari
766 742 841 797 solet
854 739 911 797 hoo
924 742 1055 812 nomine,
1070 741 1121 797 scd
1135 742 1236 798 emini-

200 849 239 886 uo
253 827 413 901 lapidibus3
439 823 513 880 haec
525 823 658 899 profecto
672 825 761 878 etiam
778 825 910 900 graviter
927 823 1044 882 laedere
1061 831 1236 898 potuerunt.

199 911 337 986 Legimus
348 907 423 982 apud
432 926 482 964 ecs
491 907 630 964 Aetnaeis
644 907 763 983 ignibus
773 907 808 962 ab
819 909 882 982 ipso
894 909 1004 964 montis
1015 908 1127 964 vertice
1138 923 1238 980 usque

199 992 236 1047 ad
248 993 332 1048 littus
345 993 512 1064 proximum
526 989 753 1046 decurrentibus
765 991 808 1046 ita
821 990 965 1048 lesbiusse
978 1009 1077 1061 mare,
1095 999 1130 1046 ut
1142 1007 1236 1062 rupes

200 1083 406 1144 exurerentur,
422 1083 452 1129 et
463 1076 542 1148 pices
557 1073 678 1128 navium
690 1073 883 1130 solverentur.
919 1071 984 1129 Hoc
998 1073 1102 1146 utipue
1114 1091 1176 1128 non
1190 1075 1237 1128 to-

198 1157 276 1213 viter
292 1158 416 1212 noxium
429 1156 496 1228 luit,
516 1156 648 1230 quamvis
662 1155 875 1212 incredibiliter
887 1157 1002 1212 mirum.
1040 1154 1153 1212 Eodem
1165 1173 1236 1211 rur-

201 1257 251 1294 sus
266 1249 349 1295 aestu
365 1241 478 1316 ignium
491 1247 574 1294 tanta
586 1238 618 1292 ri
630 1236 748 1292 favillae
759 1239 940 1311 scripserunt
951 1238 1096 1310 oppletam
1108 1255 1173 1290 esse
1184 1235 1237 1293 Si-

200 1323 312 1393 ciliam,
338 1331 371 1378 ut
384 1321 552 1378 Catinensis
571 1320 652 1375 urbis
671 1328 751 1375 tecta
768 1321 875 1376 obruta
886 1329 916 1375 et
929 1337 1068 1393 oppressa
1086 1318 1236 1374 dirueret:

200 1423 257 1480 qua
272 1406 437 1460 calamitate
449 1403 591 1480 permoti,
612 1402 844 1458 misericorditer
863 1402 994 1460 eiusdem
1006 1403 1078 1457 anni
1090 1400 1238 1458 tributum

201 1489 229 1540 ei
243 1488 415 1542 relaxavere
429 1485 565 1544 Romani
599 1483 794 1542 bocustarum
806 1486 895 1542 etiam
907 1485 940 1542 in
953 1484 1055 1542 strio
1066 1483 1235 1542 multitudi-

199 1587 267 1623 nem
278 1566 407 1645 prodigii
420 1569 545 1622 similem
558 1566 662 1636 fuisse,
677 1585 744 1622 cum
756 1569 815 1621 iam
826 1575 906 1622 essct
917 1568 1018 1640 populi
1028 1565 1154 1622 Romani
1164 1584 1236 1640 pro-

198 1651 315 1720 vincie,
333 1651 427 1706 literis
447 1647 676 1706 mandaverunt:
702 1651 863 1712 consumtis
882 1651 961 1706 enirn
974 1649 1122 1707 fructibus
1135 1649 1234 1708 toliis-

200 1752 256 1809 que
269 1733 428 1810 lignorum,
447 1731 566 1809 ingenti
578 1739 665 1805 atque
679 1732 889 1790 inaestimabili
900 1731 978 1791 nube
992 1733 1024 1788 in
1037 1750 1119 1788 mare
1131 1732 1235 1790 dicunt

201 1834 266 1870 esse
286 1813 441 1872 deiectam:
469 1831 526 1890 qua
545 1821 662 1870 mortua
677 1813 849 1889 redditaque
866 1815 1034 1887 littoribus,
1060 1825 1148 1890 atque
1164 1813 1235 1876 hine

200 1903 269 1954 aere
285 1906 435 1972 corrupto,
460 1905 573 1954 tantam
592 1905 687 1954 ortem
705 1899 921 1972 pestilentiam,
946 1905 981 1956 ut
999 1898 1032 1954 in
1052 1900 1115 1956 sole
1139 1917 1234 1976 regno

201 1979 375 2036 Masinissae
396 1981 570 2058 octingenta
588 1977 741 2038 hominum
757 1981 849 2036 millia
862 1982 976 2056 perisse
993 1981 1177 2053 referantur,
1205 1991 1235 2038 et

199 2065 290 2120 multo
311 2064 433 2140 amplius
452 2065 484 2120 in
502 2065 591 2120 terris
608 2063 756 2121 littoribus
775 2065 929 2138 proximis.
969 2062 1056 2120 Tunc
1073 2061 1176 2120 Vticae
1196 2082 1236 2120 ex

199 2148 324 2223 triginta
338 2147 465 2202 millibus
480 2147 640 2216 iuniorum,
660 2163 734 2222 quae
748 2147 789 2202 ibi
809 2155 910 2218 erant,
937 2145 1039 2222 decem
1055 2148 1234 2204 remansisse

200 2228 384 2284 confirmant.
423 2227 507 2284 Talis
519 2230 619 2304 itaque
634 2230 766 2300 vanitas,
792 2231 907 2306 qualern
921 2229 1059 2301 ferimus,
1086 2232 1171 2306 eique
1185 2249 1233 2286 re-

199 2307 343 2383 spondere
360 2313 578 2386 compellimur,
606 2309 675 2384 quid
693 2309 799 2368 horum
816 2331 877 2370 non
891 2311 1079 2370 Christianae
1094 2315 1235 2392 religioni

199 2393 352 2462 tribueret,
368 2393 394 2446 si
407 2393 586 2464 temporibus
602 2391 778 2452 Christianis
791 2391 924 2452 rideretl
937 2394 977 2452 Et
989 2405 1088 2452 tamen
1102 2395 1159 2454 diis
1171 2399 1232 2454 suis

199 2493 260 2530 nou
273 2476 331 2530 ista
344 2473 490 2530 tribuunt:
519 2491 645 2548 quorum
657 2475 723 2532 ideo
739 2479 851 2534 cultum
863 2480 1037 2554 requirunt,
1065 2497 1104 2536 nc
1116 2480 1173 2535 ista
1185 2483 1233 2536 rel

199 2558 315 2612 minora
339 2559 505 2630 patiantur,
532 2575 600 2616 cum
612 2575 647 2614 ea
659 2561 771 2616 maiora
793 2563 970 2634 pertulerint
989 2562 1129 2636 aquibus
1146 2572 1233 2620 antea

201 2640 382 2696 colebantur.
704 2663 708 2666 ·

432 2921 631 2998 LIBER
682 2927 1000 3017 QvAnrvs

573 3095 864 3154 cureris

387 3199 431 3259 tle
442 3207 484 3259 bis
496 3225 564 3276 qaae
574 3209 662 3276 primo
672 3209 805 3262 columine
816 3211 956 3278 disputata
966 3221 1037 3264 aaut.

199 3291 256 3372 l)e
272 3307 399 3368 Civitate
412 3312 471 3370 Dei
493 3312 592 3370 dicere
612 3331 754 3386 exorsus,
780 3319 862 3390 prius
882 3317 1118 3391 respondendum
1130 3322 1228 3391 putari

196 3395 260 3450 eius
274 3395 415 3467 inimicis,
429 3399 480 3472 qui
492 3405 611 3453 terrena
624 3396 735 3474 gaudia
748 3408 965 3472 consectantes,
983 3400 1131 3476 rebusque
1143 3401 1226 3479 fugo-

196 3477 278 3532 cibus
293 3475 459 3550 inhiantes,
487 3479 627 3554 quicquid
639 3481 672 3534 in
685 3479 729 3534 eis
741 3483 837 3554 triste,
851 3482 1055 3540 misericordia
1066 3485 1164 3559 potius
1177 3486 1226 3542 ad-

194 3560 344 3614 monentis
357 3559 431 3632 Dei,
458 3579 545 3636 quam
556 3562 706 3636 punientis
720 3565 879 3620 severitate
895 3567 1064 3640 patiuntur,
1090 3568 1226 3645 religioni

193 3641 375 3712 increpitant
389 3642 590 3716 Christianae,
617 3661 691 3718 quae
709 3663 768 3702 una
787 3656 833 3703 est
846 3647 972 3704 salubris
987 3658 1017 3704 et
1029 3668 1100 3706 vera
1112 3652 1223 3728 religio.

192 3720 232 3778 Et
246 3724 385 3794 quoniam
399 3744 464 3782 cum
479 3727 518 3781 sit
530 3727 562 3782 iu
577 3728 619 3784 cis
634 3727 722 3782 etium
735 3730 842 3807 vulgus
856 3729 1018 3803 indoctum,
1032 3735 1114 3790 velut
1125 3733 1223 3790 docto-

193 3820 259 3859 rum
271 3809 449 3864 euctoritate
463 3811 494 3864 in
509 3808 608 3872 odium
628 3817 762 3868 nostrum
781 3812 901 3889 gravius
921 3811 1096 3888 irritantur,
1123 3818 1222 3874 existi-
