2530 4392
188 221 250 278 242
417 211 517 273 DlVl
542 208 724 270 AVRELll
749 205 1004 268 AVGVS'llNl

187 390 231 444 ra,
246 377 354 446 quanto
368 383 430 442 pax·
441 363 554 424 dulcior
566 363 638 438 iuit3
662 379 735 439 quae
748 380 819 420 vera
831 369 931 436 putata
944 371 1007 434 est,
1027 381 1103 421 enm
1117 369 1253 426 uenus

189 456 262 510 sime
277 445 462 531 fingeretur?
487 447 609 524 Propter
623 446 701 523 quod
714 447 844 504 omnium
856 455 977 518 pectore
990 447 1036 502 sic
1048 449 1209 528 attingit,
1225 461 1255 510 ut

190 545 278 616 coget
296 536 329 590 in
347 535 488 612 gemitum
507 529 583 608 quod
602 531 644 588 ait
663 529 793 590 Tullius:
819 527 947 600 „Nullae
966 538 1039 588 sunt
1052 534 1253 591 occultiores

193 617 357 694 „insidiee,
385 635 471 692 quam
483 614 538 671 hae
553 633 626 690 quse
638 617 732 672 latent
744 615 777 670 in
796 612 982 670 simulatione
1002 611 1124 687 officii,
1152 626 1208 674 aut
1220 619 1252 674 iu

188 704 308 778 „aliquo
323 697 548 758 necessitudinis
563 700 693 754 nomine.
726 696 880 756 Nemeum
894 696 1057 770 quipalam
1074 707 1131 756 est
1144 699 1250 759 adver·

190 786 321 860 „serius‚
334 783 420 840 facile
434 780 564 838 cavendo
578 783 674 838 vitare
686 782 798 856 possis:
823 778 879 838 hoc
892 797 963 836 vero
976 781 1155 852 occultum,
1171 784 1249 841 inte-

190 870 323 942 „stinum
335 885 370 922 ac
380 865 569 922 domesticum
578 867 685 920 melum
698 883 759 922 non
773 866 867 922 solum
880 863 1012 934 exsistit,
1025 881 1147 924 rerum
1162 869 1250 924 etiarn

189 951 358 1026 „opprimit,
372 958 441 1004 ante
449 966 534 1024 quam
541 949 708 1022 prospicere
715 955 803 1023 atque
815 948 966 1022 explorare
975 950 1159 1020 potueris.“
1173 949 1249 1008 Pro·

188 1044 254 1110 pter
261 1032 337 1110 quod
345 1033 434 1088 etiem
441 1031 607 1106 diuinavox
614 1029 724 1100 illudit
731 1033 845 1107 inimici
853 1029 987 1100 bominis,
993 1029 1251 1103 domnicius,

190 1133 369 1194 cummagno
378 1114 581 1174 dolorecordis
591 1114 725 1172 auditur:
739 1116 808 1188 quia
814 1115 871 1170 eti
877 1114 998 1190 quisque
1011 1123 1080 1172 tem
1087 1115 1189 1174 fortis
1202 1120 1252 1188 sit,

189 1209 222 1256 ut
237 1217 331 1274 aequo
346 1199 444 1256 annno
458 1197 604 1272 perferat3
629 1198 749 1254 voltam
762 1198 908 1274 vigilans,
921 1206 955 1252 ut
966 1197 1101 1270 provido
1116 1203 1252 1260 consilio

190 1290 308 1354 caveat,
333 1301 408 1360 quse
429 1281 569 1340 adversus
592 1299 660 1337 eum
675 1281 935 1337 molituramicitie
948 1281 1113 1339 emulare:
1143 1302 1252 1342 corun

189 1375 289 1424 tamen
301 1365 451 1422 hominum
464 1365 642 1440 perfidorum
654 1366 746 1435 mulo,
761 1363 827 1420 cum
840 1381 891 1420 eos
905 1380 969 1420 esse
980 1364 1140 1436 pessimos
1158 1386 1252 1444 expe·

189 1451 276 1522 ritur,
290 1451 317 1506 si
328 1451 390 1526 ipse
403 1450 499 1506 bouus
513 1458 573 1520 est,
598 1448 729 1526 graviter
743 1449 929 1504 excrucietur
941 1462 1072 1504 necesse
1087 1459 1161 1523 est3
1194 1455 1253 1510 sire

191 1551 305 1608 semper
317 1533 387 1590 mali
399 1531 520 1603 luerint,
545 1541 575 1588 et
588 1551 620 1588 se
632 1531 727 1588 bonos
740 1531 899 1602 finxerint,
924 1530 1032 1588 sivein
1045 1531 1151 1590 istam
1167 1537 1253 1592 mali-

189 1617 261 1672 tiam
275 1632 313 1670 ex
325 1615 458 1670 bonitate
471 1615 575 1672 mutati
590 1617 659 1672 sint.
694 1613 728 1671 si
746 1633 816 1692 ergo
835 1613 935 1670 domus
955 1631 1123 1672 commune
1147 1619 1252 1692 perfu-

190 1699 271 1776 gium
289 1698 322 1754 in
341 1695 386 1769 his
404 1699 488 1754 malis
509 1696 630 1754 humani
648 1698 766 1774 generis
787 1707 851 1754 tuta
867 1715 928 1754 non
946 1705 1006 1768 est,
1030 1697 1113 1772 quid
1128 1703 1253 1770 civitas,

190 1797 264 1854 quae
278 1788 387 1856 quanto
401 1781 493 1836 maior
507 1790 568 1851 est,
592 1789 675 1836 tento
694 1780 790 1836 forum
804 1782 870 1836 eius
883 1779 983 1838 litibus
1001 1789 1033 1838 et
1053 1781 1214 1842 civilibus
1228 1795 1253 1840 et

171 1849 176 1865 ⁸
191 1863 392 1919 criminalibus
407 1863 534 1936 plenius,
549 1863 664 1918 etiamsi
677 1864 839 1937 quiescent,
853 1881 914 1919 non
927 1865 1023 1921 solnm
1033 1865 1253 1938 turbulentae,

190 1963 293 2002 verum
308 1947 395 2001 etiam
410 1947 526 2019 saepius
541 1954 571 2001 et
583 1954 722 2002 eruentae
737 1945 914 2018 seditiones,
934 1965 968 2002 ec
981 1947 1063 2002 bella
1080 1949 1218 2023 civilia,
1238 1970 1253 2006 ι

192 2047 316 2106 quorum
334 2031 447 2086 eventis
470 2038 540 2086 sunt
562 2027 719 2105 aliquando
741 2029 851 2088 liberae
875 2031 1028 2102 civitates,
1052 2048 1075 2086 a
1102 2037 1253 2108 perieulis

191 2108 360 2190 nunquam?

602 2195 623 2254 C
646 2197 670 2254 Α
695 2194 727 2253 Ρ.
771 2195 794 2252 V
809 2196 832 2252 Ι.

321 2273 365 2328 Dc
375 2291 467 2330 errore
477 2275 653 2330 bumanorum
665 2276 835 2341 iudiciorum,
845 2293 903 2330 eum
914 2276 1015 2330 ceritas
1025 2279 1113 2334 latet.

256 2363 335 2429 Quid
347 2367 410 2440 ipsa
423 2363 532 2437 iudicia
544 2363 697 2422 hominum
711 2365 747 2422 de
765 2364 945 2434 hominibus,
967 2383 1045 2440 quae
1067 2372 1254 2432 civitatibus

190 2449 223 2504 in
236 2449 417 2522 quantalibet
428 2465 502 2524 paee
513 2448 699 2506 manentibus
714 2449 817 2506 deesse
830 2467 891 2506 non
902 2458 1043 2523 possunt,
1069 2459 1189 2528 quali.
1202 2479 1256 2534 pu-

190 2540 288 2588 temus
302 2549 378 2604 essc,
392 2551 479 2609 quem
492 2535 610 2604 misere,
624 2551 712 2608 quern
723 2529 864 2592 delendal
879 2532 1144 2610 Quandoquidem
1160 2539 1199 2598 lsi
1211 2545 1255 2599 iu·

191 2615 302 2687 dicent,
317 2618 368 2692 qui
381 2619 581 2674 conscientias
596 2635 707 2688 eorum,
721 2615 872 2692 dequibus
885 2615 1188 2696 iudicant,cernere
1203 2646 1255 2684 ne·

191 2708 314 2776 queunt·
344 2697 428 2756 Vnde
447 2719 534 2776 saepe
553 2709 701 2778 eoguntur
723 2702 878 2766 tormentis
898 2701 1109 2763 innocentium
1123 2711 1255 2766 tentiam

192 2781 229 2838 ad
243 2782 369 2838 alienent
382 2801 499 2840 censam
514 2785 712 2856 pertinentem
724 2802 865 2858 quaerere
877 2785 1040 2844 raritatem.
1079 2789 1174 2856 Quid
1189 2812 1255 2850 cun

191 2865 223 2920 in
237 2882 290 2920 sue
304 2882 393 2919 cause
406 2867 531 2938 quisque
544 2874 713 2940 torquetur3
728 2875 837 2922 etcum
851 2868 1000 2941 quaeritur
1012 2877 1122 2928 utrum
1137 2875 1189 2932 sit
1203 2894 1255 2934 na·

193 2964 276 3016 cens,
291 2947 448 3016 cruciatur,
464 2955 493 3001 et
506 2949 651 3003 innocens
664 2951 721 3006 luit
733 2968 791 3024 pro
800 2951 915 3010 incerto
929 2952 1040 3016 scelere
1054 2957 1255 3016 certissima

191 3041 317 3100 poenes3
343 3045 404 3098 non
427 3029 497 3102 quie
519 3029 592 3084 illud
611 3033 792 3090 commisisse
811 3031 975 3109 detegitur,
999 3035 1051 3090 red
1079 3041 1163 3112 quia
1194 3061 1256 3100 neu

192 3110 374 3168 commisisse
387 3107 537 3168 nescituri
559 3112 601 3170 Ao
619 3133 671 3188 per
689 3113 744 3172 hoe
764 3117 934 3194 ignorantie
948 3115 1051 3174 iudicis
1064 3122 1256 3200 plerunque

192 3201 238 3252 est
250 3193 400 3252 calamites
414 3197 591 3254 innocentis.
625 3197 666 3256 Et
679 3199 756 3274 quod
770 3209 816 3256 est
828 3198 1058 3274 intolerabilius,
1084 3209 1255 3284 magisque

191 3277 399 3356 plangendum,
413 3279 638 3358 rigandumque,
652 3285 678 3340 si
688 3282 755 3338 fieri
763 3291 874 3358 posset,
888 3281 1018 3343 fontibus
1031 3286 1257 3362 lucrinum

192 3380 260 3427 eum
271 3370 429 3438 propterea
441 3363 530 3421 iudex
544 3374 680 3440 torqueat
699 3375 882 3438 accusatum,
906 3385 946 3424 ne
964 3367 1084 3428 occidat
1103 3377 1256 3432 nesciens

192 3445 399 3517 innocentem,
424 3446 458 3504 fit
469 3465 522 3521 per
535 3451 723 3526 ignorantiae
742 3451 906 3521 miseriem,
930 3460 965 3508 ut
977 3460 1007 3508 et
1019 3461 1141 3524 tortum
1158 3469 1197 3516 et
1211 3461 1256 3515 ia·

192 3537 351 3586 nocentem
369 3529 499 3602 occidat,
525 3551 611 3606 quem
625 3551 663 3588 ne
676 3535 867 3591 innocentem
880 3533 1029 3593 occideret
1041 3544 1201 3598 teram
1225 3539 1257 3598 Si

194 3612 274 3672 enim
288 3611 450 3682 seeundum
469 3615 596 3672 istorum
615 3618 790 3690 sapientiem
803 3617 947 3695 delegerit
959 3635 997 3674 ex
1009 3615 1064 3676 hae
1078 3622 1152 3680 vita
1166 3624 1256 3702 fage·

192 3707 244 3760 re,
267 3711 355 3767 quem
370 3693 482 3754 diutius
496 3698 547 3754 illc
560 3701 711 3756 sustinere
723 3709 886 3772 tormenta3
913 3700 989 3776 quad
1004 3719 1065 3760 non
1082 3705 1259 3764 eomrriinit.

193 3775 376 3830 commisisse
389 3795 421 3832 se
435 3778 514 3836 dicit.
551 3782 617 3849 Quo
635 3781 774 3844 damnato
789 3793 819 3840 et
832 3786 949 3855 occiso,
970 3794 1070 3844 utrum
1085 3801 1260 3848 nocente·

192 3869 231 3908 an
247 3855 437 3916 innocentem
450 3860 541 3918 iudex
554 3865 708 3938 occiderit,
722 3865 817 3924 adbuc
826 3869 934 3940 nescit,
946 3885 1031 3942 quem
1045 3886 1084 3924 ne
1097 3871 1247 3930 innocen
