2586 4396
1269 260 1270 310 l

226 352 307 434 oio'ot
320 373 350 427 in
362 375 518 446 conspectu
532 375 590 423 tuo.
627 359 718 420 Dicit
730 372 827 418 eutem
843 357 927 419 Deus
945 362 985 418 od
996 359 1166 419 Abrohom:
1192 360 1253 436 Ite,
1270 420 1271 450 ,

226 477 290 516 ecce
303 453 401 512 Serre
415 469 490 508 ceos·
503 460 557 507 too
568 449 674 525 periet
689 446 744 504 tili
755 444 871 517 filium,
893 453 923 502 et
940 445 1057 502 vocalis
1070 465 1174 504 nomen
1189 450 1254 506 cs'sss

224 539 330 599 Icocc:
344 546 373 594 ct
386 544 518 592 statuum
532 539 738 590 testamentum
749 547 840 586 meunt
852 531 893 586 oo
905 527 985 585 illum
998 529 1028 584 in
1043 538 1255 589 testamentum

225 633 389 688 aeternum,
404 634 467 675 esec
481 613 524 692 [et
537 611 600 688 ero]
619 613 667 690 [ut
679 609 747 688 sim]
766 613 813 669 ills‘
828 610 926 683 Deus„
941 622 971 670 et
982 613 1088 670 semini
1100 615 1162 670 cius
1178 625 1256 693 post

225 707 314 764 illuns.
341 701 388 760 De
401 697 513 757 ismael
526 709 623 756 outone
638 716 702 754 ecce
715 696 855 754 eecedios'
872 691 999 773 [ecdici]
1014 706 1059 753 te:
1086 715 1154 756 ecce
1167 698 1255 756 lene-

226 791 292 848 dixi
310 805 388 854 eum,
414 793 444 841 et
461 783 607 861 ampliabo
635 775 846 858 [amplificabo]
873 779 970 850 illum,
995 790 1025 837 et
1050 780 1254 859 multiplicabo

226 872 307 929 illum
319 868 413 926 oeldo.
439 865 599 924 Duodecim
610 873 713 942 gestes
725 863 898 940 generabit:
911 873 940 921 et
955 863 1027 921 dolo
1041 861 1121 920 illum
1136 867 1169 921 s'n
1182 885 1254 942 gen-

227 965 285 1013 tem
302 968 448 1028 magnum.
488 948 704 1007 Testamentum
721 956 820 1005 casem
837 967 928 1006 mesos
945 955 1076 1004 stateem
1097 949 1140 1006 ed
1150 945 1256 1018 Isaac,

227 1055 308 1115 quem
315 1019 489 1112 porict'ts'ls'
500 1031 598 1091 Serra
613 1035 643 1089 s'ss
656 1039 785 1110 tempore
800 1029 853 1089 ltoc
865 1031 906 1089 od
918 1049 1023 1088 oenum
1036 1041 1210 1108 sequentem.

291 1117 348 1176 llic
362 1119 508 1191 apertiora
520 1117 660 1192 promissa
673 1125 742 1172 sunt
754 1113 790 1171 de
803 1116 958 1172 vocatione
970 1115 1101 1193 gentium
1112 1116 1144 1170 in
1158 1113 1259 1186 lsaac,

227 1203 330 1272 idest,
350 1203 381 1258 in
394 1201 454 1258 filio
467 1201 684 1277 promissionis,
703 1217 760 1274 quo
773 1198 955 1278 significatur
968 1199 1074 1278 gratia,
1094 1217 1156 1255 non
1168 1208 1261 1256 natu-
1275 1235 1276 1238 =

228 1305 275 1344 rs:
289 1287 358 1363 quis
371 1285 406 1342 de
420 1305 490 1343 sene
502 1294 532 1341 et
544 1303 602 1342 anu
615 1284 710 1340 sterili
721 1285 900 1358 promittitur
912 1281 998 1339 filius.
1025 1283 1166 1350 Quamvis
1180 1286 1261 1340 enim

230 1381 260 1428 ct
272 1371 434 1428 naturalem
446 1369 656 1445 procreationis
671 1384 825 1434 excursum
838 1365 919 1424 Deus
931 1375 1079 1442 operetur:
1093 1365 1146 1422 ubi
1159 1374 1261 1424 tamen

230 1455 350 1512 evidens
363 1472 436 1527 opus
450 1453 507 1510 Dei
520 1462 575 1520 est,
588 1453 734 1510 vitiasset
746 1447 1012 1522 cessantensturs,
1035 1449 1076 1506 ibi
1088 1450 1261 1509 evidentius

229 1539 405 1616 intelligitur
417 1538 521 1614 gratia.
543 1535 584 1592 Et
595 1537 663 1610 quia
675 1533 730 1590 hoe
743 1553 803 1593 non
816 1553 868 1611 per
881 1534 1116 1613 generationem,
1140 1535 1197 1592 sed
1212 1555 1262 1612 per

228 1621 481 1699 regenerationem
490 1618 622 1676 futurum
635 1627 708 1688 erat,
721 1618 786 1675 ideo
799 1637 878 1676 nunc
890 1620 1031 1692 imperata
1043 1626 1090 1673 est
1102 1619 1261 1676 circumci-

230 1707 286 1776 sio,
300 1702 415 1778 quando
429 1701 465 1758 de
478 1700 568 1759 Sarra
579 1703 739 1778 promissus
754 1713 799 1758 est
810 1702 898 1759 filius.
931 1701 971 1758 Et
983 1700 1059 1778 quod
1071 1721 1189 1775 ornnes,
1205 1724 1261 1761 non

229 1789 325 1845 solum
337 1785 425 1858 filios,
437 1803 539 1843 rerum
552 1787 640 1842 etism
653 1803 753 1842 servos
764 1787 939 1843 vernaculos
952 1794 981 1842 et
993 1786 1120 1842 emtitios
1135 1789 1262 1844 circum·

230 1871 288 1927 cidi
306 1870 399 1941 iubet,
425 1868 577 1926 solemnes
596 1870 682 1924 istam
701 1870 826 1946 gratiam
844 1870 991 1946 pertinere
1003 1877 1139 1926 testetur.
1186 1873 1264 1940 Quid

230 1956 309 2011 enirn
328 1951 407 2010 aliutl
424 1953 605 2010 circumcisio
623 1951 785 2032 significet,
808 1971 894 2030 quem
905 1961 1051 2010 vetustate
1066 1963 1160 2010 exuta
1174 1967 1264 2012 natu-

229 2057 292 2094 ram
309 2029 499 2094 reserassent
524 2036 563 2093 Et
580 2037 648 2112 quid
665 2035 745 2093 aliud
768 2055 853 2113 quern
872 2035 1019 2094 Christum
1042 2046 1168 2094 octavus
1190 2039 1265 2105 dies,

230 2124 281 2198 qui
294 2119 473 2179 hebdomade
487 2123 639 2196 completa,
652 2119 707 2177 hoc
721 2129 781 2193 est,
803 2130 870 2197 post
889 2121 1053 2193 sabbatum,
1074 2121 1265 2180 resurrexit'l

229 2206 387 2264 Parentum
400 2213 551 2262 mutantur
564 2213 594 2260 et
605 2205 740 2276 nomina,
765 2206 862 2261 omnis
873 2213 1016 2262 resonant
1028 2205 1213 2279 novitatem,
1239 2219 1266 2264 et

230 2293 260 2347 in
273 2289 461 2347 Testamento
474 2297 575 2345 uetere
595 2287 780 2345 obumbratur
794 2307 910 2346 novum.
939 2288 1014 2356 Quid
1030 2297 1076 2345 est
1089 2291 1169 2347 enim
1184 2293 1266 2367 quod

228 2375 335 2430 dicitur
349 2371 569 2429 Testamentum
579 2380 683 2443 retus,
705 2371 763 2427 nisi
779 2374 936 2430 occultatio
957 2367 1044 2429 novit
1078 2371 1120 2428 Et
1134 2375 1204 2450 quid
1218 2389 1267 2431 est

229 2457 308 2514 aliud
321 2455 397 2532 quod
409 2455 516 2512 (licitur
528 2475 647 2527 novum,
661 2456 718 2512 nisi
729 2457 838 2512 veteris
848 2452 1005 2514 revelatio?
1017 2455 1105 2513 Risus
1115 2455 1266 2530 Abrahae,

229 2543 386 2598 exsultatio
401 2550 446 2597 cst
459 2541 645 2620 gratulantis,
659 2557 719 2596 non
731 2541 831 2596 irrisio
844 2540 1009 2598 diffidentis.
1033 2539 1132 2603 Verba
1146 2561 1267 2619 quoque

230 2628 291 2682 eius
306 2627 356 2682 illc
370 2627 400 2682 in
414 2626 511 2681 animo
526 2643 596 2696 suo,
622 2622 740 2682 Simili
751 2634 867 2682 centum
880 2643 971 2682 conos
984 2623 1107 2682 lebenti
1117 2637 1268 2684 nascetur

223 2709 320 2781 filius,
343 2719 373 2767 ct
386 2711 415 2766 ιι·
426 2706 525 2765 Serre
539 2727 681 2766 cenorum
694 2708 859 2784 nonaginta
867 2710 992 2788 periet:
1019 2726 1079 2764 non
1093 2718 1165 2765 sunt
1177 2709 1267 2766 dubi-

228 2795 336 2860 tantis,
360 2792 410 2847 sed
428 2789 608 2848 admirantis.
635 2789 669 2848 Si
686 2809 773 2866 quem
789 2809 860 2848 vero
881 2801 978 2848 movet
990 2791 1066 2868 quod
1079 2791 1191 2850 lictum
1208 2805 1268 2866 est,

227 2875 269 2930 Et
282 2874 356 2930 dolo
370 2873 427 2930 ts'bs'
438 2882 468 2931 et
480 2875 586 2932 semini
600 2884 650 2931 tuo
661 2882 778 2950 postte
791 2883 920 2946 terrem,
944 2871 974 2932 tt
988 2895 1046 2954 que
1060 2883 1093 2932 tu
1106 2877 1208 2932 incola
1223 2897 1269 2946 cs,

227 2975 336 3013 omnem
355 2967 467 3014 terrem
483 2957 626 3015 clencan
646 2958 904 3034 tepescentem
925 2970 1093 3035 oeternum
1116 2947 1269 3035 quomoilo

227 3041 386 3114 accipiatur
398 3041 557 3118 impletum,
573 3041 635 3096 sive
648 3039 741 3096 adhuc
755 3053 956 3117 exspectetur,
980 3043 1169 3117 implendum,
1194 3061 1269 3101 eum

226 3126 373 3198 possessio
393 3142 581 3200 quaecunque
600 3131 719 3181 terrena
737 3135 859 3184 aeterno
876 3127 993 3183 cuilibet
1010 3128 1095 3204 genti
1112 3145 1180 3182 esse
1203 3147 1268 3184 nen

226 3210 331 3282 possit:
355 3210 430 3266 sciat
441 3217 593 3264 aeternum
607 3226 624 3264 a
637 3210 746 3266 nostris
765 3207 967 3286 interpretari,
990 3209 1067 3286 quod
1085 3210 1198 3268 Graeci
1213 3231 1267 3286 ap-

225 3295 336 3368 pellant
358 3283 492 3361 αἰώνιον,
518 3292 595 3368 quod
613 3311 630 3348 a
649 3296 764 3350 saeculo
785 3293 948 3353 derivatum
966 3303 1023 3350 est:
1049 3287 1126 3353 αἰὼν
1153 3297 1269 3372 quippe

227 3377 340 3433 Graece
353 3377 502 3432 saeculum
515 3387 707 3452 nuncupatur.
730 3375 790 3433 Sesl
801 3396 861 3436 non
875 3389 944 3436 usnt
957 3379 1021 3435 ausi
1033 3377 1134 3434 Latini
1146 3377 1206 3436 lroe
1223 3382 1269 3437 ‹li-

227 3480 293 3517 cere
308 3462 467 3532 saeculare,
482 3480 520 3518 ne
532 3463 621 3540 longe
634 3462 665 3516 in
679 3460 757 3517 eliud
769 3463 920 3520 mitterent
930 3481 1056 3519 sensum.
1088 3460 1270 3521 Saecularis

227 3548 331 3620 quippe
345 3544 480 3601 dicuntur
492 3548 592 3618 multe,
606 3562 679 3622 quae
689 3544 721 3599 in
731 3543 786 3603 hoc
795 3545 910 3604 saeculo
921 3549 963 3603 sic
977 3555 1116 3624 aguntur,
1129 3557 1168 3604 ut
1179 3547 1270 3604 brevi

228 3630 317 3684 etiam
333 3638 463 3703 tempore
481 3635 641 3685 transeant.
669 3620 790 3689 αἰώνιον
803 3640 899 3688 autem
913 3629 989 3708 quod
1002 3630 1120 3703 dicitur,
1133 3641 1189 3688 aut
1203 3653 1269 3690 non

228 3707 313 3767 habet
325 3713 422 3781 finem,
435 3722 487 3768 sut
498 3731 591 3789 usque
604 3713 636 3769 in
648 3709 734 3770 huius
747 3716 856 3771 saeculi
870 3714 999 3772 tenditur
1011 3714 1109 3772 finem.

225 227 282 283 llo
448 213 546 272 DlVl
567 207 751 268 AVRELll
776 203 1030 266 AVGVSTlNl
1105 290 1108 296 Ι
