2586 4396
265 227 322 288 DE
350 229 563 291 ClVlTll'l'E
590 233 666 292 DEl
695 235 774 294 ΗΒ.
797 237 885 297 Xl'l.
1041 247 1079 300 83

36 401 118 456 surr,
147 389 180 438 et
191 379 360 440 aedificasse
372 379 515 456 illirium,
538 398 569 443 et
589 387 660 444 alias
674 407 745 464 quas
766 392 918 446 contexuit
936 394 1079 469 eivitates,

33 471 141 547 longe
164 473 268 542 postea
282 466 389 524 facturn
403 477 462 541 est,
491 469 567 546 quod
591 489 627 526 ex
648 471 701 529 bae
717 475 875 530 -oeeasione
896 479 1080 551 perstrinxit,

31 559 174 631 propter
186 549 367 607 nobilitatem
379 553 464 631 regni
477 553 677 630 Assyriorum,
701 554 777 631 quod
789 557 959 614 mirabiliter
977 559 1079 618 dilata-

31 641 86 694 vit
101 635 224 705 Ninus,
237 631 301 689 Beli
313 633 408 707 fliius,
423 636 556 693 eonditor
569 636 693 696 Ninivae
707 642 834 697 civitatis
847 659 983 720 magnae:
1000 646 1081 700 euius

31 719 183 777 civitatis
199 733 306 774 nomen
320 736 358 773 ex
370 719 450 776 illius
464 721 581 778 nomine
595 721 759 780 derivatum
772 734 833 796 est,
860 735 892 781 ut
905 744 922 781 a
935 725 1013 783 Nino
1028 727 1081 784 Ni·

32 806 121 861 nive
134 810 301 858 vocaretur.
335 801 429 859 Assur
441 813 553 878 autem,
581 805 658 862 unde
671 807 798 884 Assyrii,
825 809 953 865 nonfuit
967 811 997 866 in
1012 810 1081 867 liliis

32 886 142 947 Charo
154 883 244 940 medii
257 883 311 940 lilii
324 883 403 958 Noe,
428 887 479 944 sed
494 890 526 944 in
538 887 607 946 filiis
622 888 691 947 Sena
706 892 864 966 reperitur,
884 893 935 968 qui
947 893 1003 950 luit
1018 892 1081 951 Noe

31 971 198 1028 maximus
211 967 300 1025 lilius.
331 967 414 1026 Vnde
426 981 560 1046 apparet,
574 973 609 1029 de
620 977 761 1054 progenie
775 971 842 1030 Seru
858 986 974 1034 exortos
989 975 1080 1034 fuisse

31 1057 91 1134 qui
106 1062 218 1129 postea
230 1071 353 1130 regnum
365 1055 495 1133 gigantis
508 1057 586 1112 illius
601 1055 781 1128 obtinerent,
808 1067 837 1114 et
855 1058 922 1114 inde
940 1061 1080 1135 procede-

29 1147 128 1209 rent,
144 1145 235 1210 atque
248 1138 320 1193 alias
336 1138 496 1194 conderent
509 1141 660 1211 civitates,
675 1159 797 1218 quarum
807 1143 899 1216 prima
914 1152 959 1198 est
972 1163 989 1200 a
1002 1143 1079 1202 Nino

30 1222 195 1299 appellata
209 1218 325 1277 Ninive.
366 1220 445 1278 Hine
458 1223 569 1278 reditur
582 1223 618 1279 ad
631 1224 719 1280 alium
731 1223 823 1280 lilium
836 1223 941 1298 Charn,
964 1230 1014 1302 qui
1029 1248 1080 1284 vot

31 1302 325 1376 eabaturMesrainr,
341 1314 370 1360 et
380 1315 643 1362 commemorantur
654 1325 724 1382 quos
735 1309 853 1386 genuit3
868 1327 926 1365 non
941 1319 1081 1385 tanquam

31 1389 162 1467 singuli
175 1385 326 1460 homines,
350 1389 402 1444 sed
416 1390 550 1445 nationes
565 1400 684 1464 septeno.
726 1387 766 1447 Et
778 1389 813 1446 de
826 1401 927 1464 sexta,
952 1395 1032 1450 velut
1045 1393 1080 1449 de

29 1483 134 1532 sexto
148 1470 228 1543 filio,
246 1490 321 1548 gens
335 1481 574 1529 commemoretur
589 1475 712 1546 exiisse,
727 1487 800 1550 quae
813 1477 975 1550 appellatur
988 1475 1079 1534 Phili-

27 1560 141 1617 stiirn:
157 1554 235 1611 unde
250 1554 326 1611 liunt
337 1565 412 1612 oeta.
435 1555 506 1612 lnde
520 1558 625 1612 ite'runr
638 1553 821 1615 adCbanaan
834 1557 961 1631 reditur,
974 1563 1005 1616 in
1022 1579 1079 1636 quo

25 1645 100 1702 lilio
117 1637 295 1696 maledictus
310 1649 355 1695 est
368 1637 472 1712 Cham3
486 1649 516 1696 et
529 1657 601 1715 quos
618 1641 721 1719 genuit
733 1641 867 1699 undecim
880 1645 1079 1702 nominantur.

25 1723 163 1786 Deinde
177 1739 271 1798 usque
285 1722 321 1778 ad
333 1741 404 1798 ques
416 1723 489 1780 fines
502 1727 701 1799 pervenerint,
716 1727 944 1784 commemoratis
957 1727 1077 1803 quibus-

27 1814 106 1869 dem
124 1807 307 1877 civitatibus,
322 1807 436 1863 dieitur.
455 1808 497 1864 Ae
510 1825 563 1882 per
574 1806 640 1881 hoe,
654 1807 722 1864 filiis
733 1826 767 1866 ae
779 1810 989 1886 nepotibusque
1000 1829 1078 1868 eonr·

23 1895 172 1974 putetis,
197 1891 233 1946 de
245 1892 388 1968 progenie
401 1889 492 1948 Cham
504 1893 627 1970 triginta
639 1911 716 1949 unus
730 1896 825 1972 geniti
838 1891 1014 1952 reseruntur.

100 1976 216 2034 Restat
228 1992 451 2031 commemorare
463 1975 539 2031 lilios
552 1974 638 2048 Sem,
658 1978 779 2033 maximi
792 1977 847 2032 filii
859 1977 936 2034 Noi:
963 1979 999 2034 ad
1014 1998 1078 2034 eum

23 2066 147 2141 quippe
170 2057 316 2136 gradatim
336 2060 560 2135 generationum
579 2059 701 2114 istarum
714 2061 849 2132 pervenit
862 2077 879 2115 a
892 2061 1011 2116 nrininro
1025 2077 1077 2115 ex-

22 2159 104 2206 orta
120 2143 266 2200 narratio.
296 2139 356 2216 Sed
368 2141 445 2197 unde
458 2141 603 2214 incipiunt
616 2143 835 2198 commemorari
849 2142 903 2198 lilii
916 2141 999 2213 Seru,
1026 2143 1076 2199 ha·

21 2235 86 2290 bet
107 2225 249 2304 quiddam
269 2225 473 2296 obseuritatis,
499 2224 574 2299 quod
596 2225 780 2299 expositione
798 2223 1002 2282 illustrandum
1022 2237 1077 2298 eat,

21 2315 110 2392 quia
126 2319 159 2366 et
172 2311 297 2365 rnultunr
309 2307 346 2364 ad
358 2326 420 2363 reru
433 2309 578 2382 pertinet,
605 2326 691 2384 quam
707 2310 892 2384 requirimus.
936 2307 987 2367 Sic
1001 2312 1078 2367 eninr

21 2401 167 2480 legitur:
197 2392 240 2450 Et
255 2390 322 2450 Sem
345 2399 434 2448 notua
453 2403 498 2448 ett
515 2393 605 2450 etiem
622 2393 683 2469 ipsi
692 2395 785 2470 patri
804 2395 927 2450 omnium
942 2393 1078 2466 filiorum

21 2472 397 2553 Heber,fratri1apbet
409 2474 525 2531 maiori.
553 2474 632 2531 Ordo
646 2477 799 2531 verborum
814 2485 872 2532 est:
889 2475 929 2532 Et
942 2475 1011 2532 Sem
1026 2495 1077 2532 na-

21 2580 78 2625 tus
96 2574 150 2620 est
164 2560 282 2631 Heben,
296 2561 384 2614 etiam
396 2560 470 2632 ipsi,
484 2558 514 2612 id
528 2567 582 2629 eat,
596 2559 654 2631 ipsi
666 2556 736 2613 Sem
749 2568 833 2613 natus
848 2569 893 2614 est
905 2555 1013 2629 Heber,
1029 2559 1077 2632 qui

20 2652 111 2709 Sem
125 2655 213 2721 pater
227 2653 273 2699 est
285 2643 416 2698 omnium
428 2641 555 2696 liliorum
568 2657 698 2697 suorum.
716 2639 785 2697 Senr
798 2657 870 2718 ergo
883 2639 1077 2717 patriarcham

19 2731 178 2806 intelligi
187 2729 282 2784 voluit
292 2727 421 2782 omniurn
432 2726 481 2800 qui
492 2724 527 2780 de
539 2726 629 2799 stirpe
640 2725 703 2781 eius
715 2726 810 2780 exorti
823 2735 903 2797 sunt,
918 2743 989 2800 quos
998 2743 1077 2780 eona-

18 2821 260 2877 memoraturus
268 2821 327 2881 est,
352 2811 415 2865 sive
426 2811 486 2866 sint
495 2809 563 2878 filii,
587 2809 649 2866 sive
662 2818 799 2884 nepotes,
815 2811 877 2865 siue
889 2819 1076 2885 pronepotes,

18 2914 60 2961 et
78 2899 229 2971 deineeps
242 2894 371 2951 indidem
384 2895 488 2949 exorti.
503 2892 568 2950 Non
584 2909 654 2950 sane
669 2895 756 2949 istum
763 2891 862 2950 Heber
874 2895 980 2972 genuit
992 2891 1076 2950 Sem:

18 2987 84 3044 sed
101 2983 212 3040 abillo
225 2980 343 3054 quintus
357 2979 388 3034 in
398 2979 619 3056 progenitorum
628 2977 704 3034 serie
715 2980 867 3053 reperitur.
894 2975 963 3035 Sena
973 2979 1076 3054 quippe

14 3078 116 3130 inter
131 3067 212 3124 alios
225 3063 302 3119 lilios
316 3063 419 3140 genuit
427 3061 585 3135 Arpbaxat,
598 3061 747 3138 Arphaxot
759 3063 862 3140 genuit
873 3061 995 3133 Cainan,
1010 3059 1076 3119 Cai-

15 3175 91 3215 nan
110 3149 227 3232 genuit
239 3145 322 3216 Salo,
349 3143 418 3202 Sala
431 3147 535 3223 genuit
548 3145 655 3202 Heber.
699 3143 766 3204 Non
780 3149 880 3221 utique
893 3145 1002 3202 frustra
1015 3148 1077 3220 ipse

12 3242 152 3319 primus
173 3241 220 3288 est
232 3231 399 3286 nominatus
413 3231 445 3284 in
458 3230 599 3306 progenie
611 3231 748 3286 veniente
762 3229 797 3284 de
811 3228 896 3299 Sem,
923 3237 952 3284 et
965 3232 1077 3302 praela-

13 3339 75 3382 tus
98 3330 151 3377 est
175 3317 265 3372 etiam
284 3309 369 3384 filiis,
395 3329 483 3386 quum
501 3313 540 3366 ait
558 3313 677 3387 quintus
694 3327 798 3385 nepos3
825 3312 884 3366 nisi
897 3313 965 3386 quia
978 3329 1080 3366 verum

13 3417 73 3466 est
90 3401 183 3481 quod
196 3394 332 3466 traditur,
346 3412 383 3452 ex
396 3396 447 3450 illo
454 3392 604 3451 Hebraeos
618 3413 681 3452 esse
695 3395 927 3472 cognominatos,
941 3403 1080 3466 tanquam

11 3491 217 3552 Hebraeos:
237 3499 326 3555 quum
339 3489 369 3534 et
381 3480 439 3534 alia
450 3479 544 3553 possit
557 3497 621 3534 esse
635 3480 749 3553 opinio,
763 3486 795 3533 ut
808 3495 845 3532 ex
858 3473 1001 3531 Abraham
1014 3483 1079 3529 tan-

13 3592 129 3654 quam
142 3561 294 3626 Abrabaei
308 3563 379 3618 dieti
391 3580 455 3616 esse
469 3561 632 3620 videantur.
671 3559 730 3618 Sed
752 3561 889 3615 nimirum
906 3556 960 3614 hoe
979 3575 1079 3612 veruna

12 3671 84 3732 est,
106 3650 198 3731 quod
214 3663 253 3722 ea
265 3645 363 3703 lleber
376 3644 521 3702 Heberaei
534 3647 667 3719 appellati
682 3651 768 3714 sunt3
782 3661 816 3698 ae
829 3639 944 3711 deinde,
956 3658 1015 3696 una
1028 3638 1078 3695 ‹le-

9 3751 138 3802 tracta
159 3735 267 3802 litera,
293 3729 436 3786 Hebraei:
462 3745 548 3802 quam
560 3730 691 3806 linguam
705 3725 878 3783 Hebraieanr
897 3726 974 3779 solus
988 3722 1078 3781 lsratl

6 3823 171 3906 populus·
185 3815 282 3890 potuit
302 3814 451 3882 obtinere,
477 3812 509 3866 in
522 3829 579 3887 quo
593 3811 649 3868 uei
662 3810 771 3868 Civitas
786 3811 858 3866 etin
873 3809 981 3865 sanetis
995 3827 1078 3884 pere·
1123 3871 1125 3874 ,

7 3912 169 3993 grinte
184 3907 246 3969 est,
271 3907 301 3954 et
313 3899 345 3954 in
358 3895 492 3954 omnibus
507 3906 690 3952 tutamento
704 3893 879 3951 adumbrata.
922 3891 1014 3971 lgitur
1027 3892 1079 3948 lilii
