2590 4396
229 197 289 252 ltu
456 185 555 246 DlVl
577 182 768 246 nvuuull
790 181 1046 242 nvuvsulur

228 352 324 416 count,
338 352 371 399 ut
383 343 464 418 rpico
478 347 575 409 exeat,
587 334 673 394 deam
684 333 868 407 Patelauam3
896 353 961 391 cum
973 344 1090 414 tegetes
1104 339 1190 394 neria
1204 343 1268 397 ari

229 429 282 484 atio
296 434 469 503 aequantur,
495 423 564 498 quia
586 428 701 476 vetere·
724 435 849 493 aequora
872 416 983 475 hostire
1002 419 1152 490 dixerunt,
1179 421 1248 480 dea

229 509 425 581 liertilinam3
451 503 621 564 florentibur
635 503 790 558 bumentir
802 501 887 558 deam
898 500 1026 576 Florum,
1039 504 1269 564 lactescentibu
1280 532 1295 556 2

229 594 316 652 derum
326 591 513 659 baernum,
526 585 785 644 maturescentibus
797 583 881 641 dcam
890 584 1047 658 limatam
1061 604 1126 642 cum
1134 581 1285 647 runcari

228 688 288 748 tur,
301 676 395 746 idest,
408 681 514 730 aterra
523 668 706 741 auferamus,
721 669 805 725 deam
812 666 985 726 liuncinam.
997 668 1059 726 Nec
1073 671 1172 726 omnia
1185 689 1273 729 eom

229 776 368 827 meruero,
382 757 451 831 quia
462 772 510 810 me
521 754 606 832 piget
617 751 694 828 qnod
707 754 774 811 illoc
787 771 848 809 ncn
861 752 958 828 pudet.
985 751 1068 811 Haec
1081 762 1180 809 autem
1193 771 1272 828 pau

229 842 345 898 ciorima
357 838 425 894 idco
438 837 513 908 dixi,
526 845 559 892 ut
570 837 796 914 intelligerem,
810 838 889 894 nulle
902 834 988 893 modo
1000 854 1052 894 eor
1065 835 1162 892 dicere
1176 838 1274 895 ande

228 942 272 994 re,
286 924 343 978 icta
355 922 477 978 nunrina
487 921 641 994 inperium
651 919 849 989 conetitrriaac,
862 919 991 990 uuiaet,
1004 937 1197 978 conremrse
1208 919 1276 979 Ro

227 1023 364 1076 monum,
389 1021 465 1080 qucc
476 1004 519 1060 itc
529 1003 592 1058 auis
607 1020 755 1078 quoequac
773 999 984 1058 adhibebantur
998 1002 1119 1075 ciliciis,
1144 1014 1180 1059 ut
1194 1004 1285 1063 nihi

227 1089 400 1146 univercum
412 1087 465 1144 uni
478 1081 566 1144 alicui
580 1084 757 1142 crederetur.
791 1084 916 1152 Quande
931 1081 1002 1163 crgo
1015 1084 1138 1165 segetia
1149 1103 1257 1144 curar-
1269 1126 1285 1140 c

228 1171 394 1246 imperium,
406 1171 455 1228 cui
465 1187 564 1227 curam
578 1187 682 1246 gerere
693 1169 781 1223 simul
795 1176 825 1224 et
834 1168 983 1246 tegetibur
998 1179 1028 1226 ct
1039 1170 1196 1226 arboribus
1212 1190 1270 1229 no

229 1249 352 1310 licebati
380 1252 503 1320 Quando
516 1251 553 1307 de
566 1253 654 1308 armis
668 1250 785 1308 cunina
797 1251 950 1328 cogitaret,
971 1253 1051 1306 ouiur
1064 1255 1292 1326 praeponitur:

228 1338 417 1412 parvulorum
430 1352 520 1392 currat
534 1352 594 1390 non
607 1333 827 1409 permittebatur
841 1329 1000 1388 excederel
1027 1333 1149 1400 Quando
1165 1333 1278 1396 Nodc

229 1431 275 1475 tur
287 1419 440 1476 adiuvaret
450 1419 483 1475 in
496 1417 583 1488 bello,
606 1419 656 1491 qui
668 1435 723 1472 nco
736 1416 773 1473 ad
786 1416 946 1472 folliculum
958 1417 1065 1491 spicae,
1088 1415 1140 1470 ted
1152 1425 1257 1478 tantu
1283 1452 1290 1473 ι

229 1501 267 1558 ed
280 1500 389 1558 nodum
401 1499 534 1578 geniculi
546 1495 730 1572 pertinebat?
755 1497 975 1574 Vnumquirquc
988 1499 1087 1554 domui
1099 1516 1172 1556 cuae
1186 1508 1284 1575 poni

230 1584 393 1653 ostiarium,
421 1590 452 1638 ct
464 1581 533 1656 quia
545 1578 631 1637 bomo
645 1589 700 1652 eet,
714 1581 834 1636 omnino
847 1579 967 1636 suffieit:
992 1589 1053 1636 trec
1065 1579 1136 1638 deca
1149 1583 1204 1640 icti
1222 1605 1277 1660 po

230 1673 362 1736 ruerunt,
375 1664 531 1722 Ferculum
543 1661 666 1733 scribut,
681 1661 823 1720 Cardeam
836 1661 961 1734 cardini,
975 1662 1177 1722 Limentinum
1190 1669 1277 1726 limi

230 1751 271 1806 ni.
297 1747 342 1806 lta
354 1766 414 1806 non
426 1755 543 1823 poterat
553 1745 694 1804 Forculua
706 1747 793 1802 simul
814 1755 845 1802 et
863 1744 1013 1804 cardinem
1032 1747 1182 1825 limenque
1209 1769 1278 1810 ser

229 1851 310 1890 vare.
623 1853 625 1856 ·

629 1910 751 1970 CAP.
794 1910 861 1970 lx.

228 2010 272 2064 Ac
281 2007 389 2078 imperii
398 2007 516 2064 Romani
525 2007 674 2076 amplitudo
684 2015 710 2060 et
722 2007 890 2062 diuturnitcc
901 2009 960 2062 loci
971 2009 1068 2094 suerit
1081 2010 1286 2070 adacrr'bmda

399 2095 475 2146 quem
486 2094 615 2130 recemum
626 2077 702 2129 deum
710 2080 826 2132 cauom
835 2078 920 2147 ipsine
931 2088 1087 2158 operantur.

293 2167 410 2226 Ocritca
422 2170 514 2246 igitur
526 2169 583 2224 icta
604 2164 689 2222 turbo
705 2168 885 2226 minutorrun
904 2167 1035 2242 deorum,
1062 2171 1111 2226 vel
1132 2169 1294 2246 aliquan-

229 2261 291 2306 tum
303 2251 481 2322 intermista,
508 2249 634 2308 officium
644 2249 789 2306 maiorum
802 2251 923 2308 deorum
944 2252 1080 2309 debemur
1102 2254 1294 2332 inquirere,

229 2351 286 2408 quc
300 2331 393 2390 Roma
405 2342 466 2390 tam
478 2349 586 2410 magna
598 2331 675 2388 suctu
686 2340 741 2404 est,
755 2342 788 2390 ut
799 2343 859 2390 tam
873 2334 922 2391 diu
934 2345 979 2392 tot
990 2336 1126 2414 gentibus
1140 2337 1294 2411 impera.

229 2425 283 2472 ret.
309 2414 455 2472 Nimirum
477 2433 549 2492 crgo
572 2411 650 2469 lovis
673 2411 729 2470 boo
753 2434 824 2492 cpnc
846 2427 900 2473 cot.
927 2417 1024 2494 lpeum
1044 2421 1125 2474 enim
1146 2417 1294 2483 deorum

230 2497 665 2574 omniumdearumqucregcm
681 2502 876 2556 cucurriunt:
905 2500 960 2558 hcc
982 2503 1045 2558 eiua
1070 2501 1184 2559 indicat
1206 2523 1294 2566 ιω.

230 2590 337 2656 ptrum,
350 2579 405 2638 hoc
418 2581 451 2638 in
464 2582 523 2637 alto
537 2581 612 2636 colle
626 2577 808 2655 Capitolium.
823 2581 869 2639 Dc
879 2585 936 2640 icto
950 2583 1004 2641 deo
1017 2587 1147 2661 quamvis
1162 2604 1182 2641 c
1192 2585 1294 2650 Poe.

164 2684 167 2688 ·
230 2674 270 2736 ta,
299 2665 418 2722 dictum
434 2663 714 2720 convenientiauime
738 2665 918 2739 praedicant,
945 2665 1023 2724 loric
1050 2669 1147 2724 omnia
1169 2671 1294 2744 plena.

177 2803 179 2810 ,
229 2746 317 2804 Hunc
330 2746 424 2804 Varro
437 2745 532 2804 eredit
544 2747 633 2802 etiam
646 2745 681 2802 ab
695 2745 741 2804 hie
754 2749 823 2820 ccli,
843 2749 894 2824 qui
906 2767 997 2806 unum
1010 2750 1105 2808 Deum
1118 2751 1222 2810 aclurn
1242 2762 1294 2817 si.

229 2847 268 2884 nc
280 2830 436 2886 simulacro
457 2831 567 2901 colunt,
593 2827 645 2884 aed
665 2830 724 2886 alic
747 2831 866 2888 nominc
890 2835 1062 2909 nuncupari.
1089 2833 1223 2900 Quodsi
1242 2844 1294 2904 ita

230 2920 285 2981 eat,
301 2929 353 2966 our
367 2919 427 2968 tam
439 2913 515 2968 male
528 2920 668 2968 tractatur
682 2921 727 2969 cat
739 2911 862 2985 Romae,
877 2909 969 2992 (sicut
982 2916 1096 2991 quidem
1109 2924 1139 2972 et
1151 2917 1186 2974 in
1204 2941 1294 2984 cae.

228 2994 300 3049 terit
314 2989 474 3071 gentibue),
487 3003 520 3051 ut
532 2995 561 3052 ei
572 2994 657 3051 fieret
669 2994 875 3054 simulacruml
890 2999 976 3065 Quod
987 3001 1044 3076 ipsi
1057 3001 1143 3056 etiam
1156 2998 1294 3066 Varro,

230 3076 261 3131 ni
275 3077 317 3132 ita
329 3075 475 3152 displicet,
499 3086 532 3134 ut
545 3095 611 3134 cum
624 3085 725 3136 tantae
743 3080 871 3136 civitatia
894 3100 1032 3156 perversa
1055 3086 1293 3150 contuetudinc

229 3168 420 3232 premeretur,
434 3177 617 3236 nequaquam
629 3168 727 3218 tamen
738 3161 835 3219 dicere
845 3165 1010 3221 eteoribere
1019 3165 1176 3238 dubitaret,
1193 3177 1293 3246 quod

147 3275 162 3294 .
228 3237 258 3296 hi
272 3242 322 3316 qui
334 3243 448 3317 populie
461 3243 654 3300 instituerunt
667 3245 821 3302 simulacra
847 3255 878 3302 et
897 3257 1005 3304 metrum
1024 3249 1216 3323 densarunt,
1259 3271 1293 3318 οι

229 3342 358 3382 errorem
371 3321 563 3382 addiderunt?

228 3501 302 3565 Quae
313 3518 450 3572 cpemcaea
460 3505 547 3556 cecati
557 3505 626 3567 dat,
646 3502 693 3572 qui
705 3505 896 3645 'praeoptaret
906 3507 1019 3560 dicernit
1034 3510 1126 3564 mundi
1137 3518 1293 3578 partibus

639 3589 709 3641 prce
726 3590 804 3626 eceru
837 3611 845 3627 .

285 3658 345 3715 Cur
357 3659 403 3716 illi
417 3663 505 3717 etiam
518 3660 591 3718 luno
604 3678 681 3718 uxor
694 3661 876 3742 adiungitur,
904 3683 978 3741 quae
1000 3668 1106 3725 dicitur
1128 3685 1223 3728 rcrcr
1256 3693 1293 3740 er

226 3737 375 3798 coniunxi
402 3743 478 3809 Quia
491 3742 600 3816 lovem,
623 3745 772 3818 inquiunt,
791 3747 823 3801 in
837 3745 956 3805 retbere
970 3752 1137 3826 accipimur,
1150 3753 1185 3809 in
1201 3765 1293 3822 aer„

224 3819 386 3896 lunonem;
413 3835 443 3882 et
454 3823 526 3882 lmec
539 3826 595 3884 duc
609 3827 753 3884 elemento
767 3828 923 3888 coniuncta
936 3843 1016 3906 runt,
1040 3836 1165 3891 alterum
1180 3855 1290 3918 rupe-
