2590 4396
247 165 310 224 DE
334 165 551 226 ClVlTATE
575 171 656 228 DEI
678 173 759 230 ΗΒ.
783 175 844 233 ΙΙΙ.
1034 183 1072 244 sl

433 318 556 376 CAP.
601 320 675 378 lll.

64 412 108 468 Noa
114 415 227 483 potebas
237 415 343 485 offenda⁸
353 417 411 468 deos
422 416 535 562 Paridis
546 419 691 539 αῗαιίισνίυ,
712 425 784 490 quod
791 425 863 478 ieter
873 428 942 495 ipsos
953 431 1074 484 traditur

480 502 562 553 equae
575 505 592 540 o
608 505 660 542 am.

112 589 193 646 Nulla
205 593 308 667 itaque
323 601 487 663 causaest,
502 611 593 667 quare
607 595 664 668 dii,
692 600 814 673 quibus,
837 612 869 657 at
882 602 999 674 dicunt,
1014 613 1072 660 ste-

62 682 121 728 terat
132 673 201 729 illud
212 676 388 748 imperium,
413 693 480 730 cum
493 694 510 731 a
524 673 646 734 Graecis
659 685 897 753 praevalentibus
910 685 1075 758 probentur

61 756 128 826 vieti,
152 753 291 814 Troianis
314 758 516 833 peierantibus
542 759 695 838 fingantur
717 765 795 821 irati.
839 765 902 824 Nec
928 767 1074 824 adulterio

62 837 168 911 Paridis,
194 851 227 897 ut
245 859 353 897 rursus
367 860 385 896 a
404 841 577 916 quibusdam
597 843 814 921 defenduntur,
841 859 875 906 ut
887 849 1010 907 Troiam
1023 851 1074 907 dc-

62 931 184 995 rererent,
213 933 461 981 succensuerunt.
504 926 648 984 Auctores
663 931 742 984 enim
760 930 955 1008 doctoresque
967 951 1072 1006 peeca-

63 1013 210 1062 torumessc
223 1007 378 1080 adsolent,
407 1025 468 1064 non
495 1011 616 1066 ultores.
661 1011 790 1084 „Vrbem
809 1013 950 1087 Romam,
977 1018 1074 1091 inquit

62 1085 238 1163 „Sallustius,
259 1093 355 1148 sicuti
369 1109 425 1169 ego
439 1094 557 1166 accepi,
571 1093 729 1150 condidere
743 1106 832 1172 atque
844 1097 973 1156 habuere
986 1101 1072 1156 initio

64 1167 200 1245 „Troiani,
226 1176 279 1249 qui
291 1175 396 1232 Aenea
410 1174 483 1230 duee
500 1177 621 1254 profugi
643 1179 765 1235 incertis
793 1181 910 1236 sedibus
924 1182 1073 1258 vagaban-

64 1257 148 1320 „tur.“
185 1255 218 1314 Si
231 1276 305 1336 ergo
321 1258 501 1315 adulterium
514 1257 630 1316 Paridis
643 1260 854 1318 vindicandum
867 1265 990 1318 numina
1004 1283 1073 1318 ecn-

65 1347 175 1412 snerunt,
198 1350 249 1398 aut
270 1343 374 1420 magis
397 1344 429 1398 in
442 1339 600 1414 Romanis,
625 1353 677 1399 aut
691 1353 772 1400 certe
786 1345 875 1400 etiam
887 1346 919 1400 in
933 1343 1075 1401 Romanis

67 1422 210 1489 launiendum
222 1425 296 1498 fuit3
330 1426 399 1500 quia
412 1425 529 1482 Aeneae
543 1435 638 1482 mater
652 1425 709 1482 hoc
728 1427 809 1483 fecit.
854 1425 914 1484 Sed
929 1427 1074 1503 quomodo

67 1499 92 1553 in
111 1503 149 1558 illo
169 1507 236 1564 illud
260 1507 416 1587 flagitium
446 1509 585 1579 oderant,
611 1511 662 1586 qui
676 1511 775 1566 in'sua
789 1512 871 1567 socia
884 1510 1000 1567 Venere
1014 1529 1074 1567 non

70 1582 212 1667 oderant(ut
224 1593 283 1648 alia
298 1588 466 1670 omittam),
493 1591 572 1666 quod
589 1611 655 1649 cum
668 1591 796 1649 Anchise
811 1596 1013 1666 commiserat,
1037 1613 1075 1649 ex

69 1685 110 1739 quo
120 1669 231 1732 Aeneam
255 1671 442 1749 pepererat?
485 1675 531 1731 An
545 1675 701 1750 quiaillud
715 1675 827 1734 factum
841 1687 886 1734 cst
899 1677 1075 1756 indignante

69 1747 184 1828 Menelao,
207 1758 279 1815 illud
293 1767 400 1814 autem
414 1755 594 1814 concedente
607 1757 740 1816 Vulcano
752 1757 765 1815 i
798 1759 850 1818 Dii
864 1763 959 1833 enim,
975 1759 1074 1831 credo,

68 1849 110 1888 non
120 1839 203 1896 zelant
216 1844 366 1919 coniuges
380 1859 465 1912 suas,
490 1841 668 1916 usqueadeo
683 1853 717 1900 ut
731 1862 780 1899 eas
796 1846 884 1900 ctiam
898 1863 965 1900 cum
977 1839 1074 1899 homi-

69 1917 130 1974 nibus
142 1919 292 2000 dignentur
305 1923 420 1980 babere
434 1943 613 1980 communes.
656 1925 913 1984 irridere'fobulas
938 1927 1074 1983 fortassis

69 2002 201 2076 existimor,
226 2028 280 2065 nec
308 2009 445 2086 graviter
472 2026 562 2084 agere
588 2009 665 2064 tanti
682 2009 821 2083 ponderis
835 2029 963 2066 causam.
1006 2009 1075 2066 Non

68 2099 118 2160 ugo
131 2088 285 2164 credamus,
318 2093 345 2147 si
357 2093 470 2164 placet,
493 2091 623 2147 Aeneam
642 2109 706 2148 csse
719 2091 844 2148 Veneris
870 2091 977 2148 filium:
1006 2109 1075 2148 cccc

69 2169 182 2244 concedo,
209 2175 302 2232 since
321 2171 480 2231 Remulum
493 2172 607 2232 Martis.
651 2173 687 2232 Si
708 2185 809 2232 autem
831 2173 921 2246 illud,
948 2193 1075 2231 curnon

69 2249 137 2307 dludi
172 2255 214 2312 An
228 2257 299 2315 deos
318 2257 364 2314 fas
380 2265 428 2313 est
451 2256 618 2314 hominibus
639 2259 774 2329 feminis,
799 2277 895 2315 mares
910 2267 1009 2314 autem
1019 2255 1074 2313 ho-

68 2332 136 2391 nines
148 2337 247 2397 deabus
261 2343 389 2398 misceri
402 2337 508 2396 nesaai
551 2339 652 2412 Dura,
679 2343 727 2398 vel
740 2345 838 2416 potius
853 2361 915 2400 non
929 2341 1075 2398 credenda

69 2417 182 2495 conditio,
206 2425 283 2498 qnod
298 2443 341 2481 ex
354 2426 420 2480 iure
432 2423 558 2482 Veneris
573 2427 605 2480 in
620 2427 779 2482 concubitu
793 2425 883 2482 Marti
895 2427 997 2496 licuit,
1018 2421 1073 2480 hoe

67 2497 88 2552 in
98 2501 150 2560 iure
161 2524 208 2563 suo
221 2509 279 2582 ipsi
293 2507 409 2564 Veneri
422 2526 483 2564 non
496 2510 596 2564 licere.
639 2508 678 2564 At
692 2517 849 2581 utrumque
866 2507 1016 2563 firmatum
1031 2517 1075 2561 est

67 2590 208 2646 auctoritate
232 2591 381 2650 Romana.
424 2589 529 2665 Neque
547 2593 626 2646 enim
650 2591 748 2645 nrinus
776 2589 901 2644 eredidit
926 2589 1075 2643 recentior

66 2661 150 2726 Caesar
172 2675 261 2731 aviam
290 2675 459 2744 Venerem,
500 2691 589 2747 quam
615 2679 729 2745 patrem
755 2671 906 2743 antiquior
932 2667 1075 2724 Romulus

66 2745 171 2810 Martem.

441 2873 563 2930 CAP.
609 2872 667 2928 lv.

66 2959 219 3024 Deseateotie
235 2968 382 3033 Varronis,
401 2985 453 3037 quo
474 2968 549 3020 utile.
562 2985 616 3020 csse
637 2967 721 3030 dixit,
742 2976 773 3019 ut
793 2983 820 3018 sc
840 2967 957 3020 borsines
968 2967 1019 3018 diis
1027 2986 1074 3036 ge-

425 3039 496 3091 nitor
506 3037 682 3090 mentiantur.

112 3126 217 3187 Dixerit
229 3133 353 3208 aliquis:
380 3128 463 3184 Itane
476 3137 508 3183 tu
523 3129 581 3182 ista
594 3124 714 3200 eredisl
757 3126 823 3204 Ego
846 3145 917 3182 vero
940 3129 998 3184 ista
1013 3147 1073 3185 non

67 3209 141 3268 credo.
179 3213 251 3272 Nam
265 3215 357 3271 etvir
372 3211 559 3268 doctissimus
574 3230 677 3267 eorum
689 3209 783 3267 Varro
803 3209 877 3264 falsa
900 3209 972 3268 hace
999 3231 1074 3280 csse,

69 3298 241 3361 quanvisnon
255 3297 412 3368 audacter,
440 3313 536 3368 neque
562 3293 703 3365 fidenter,
730 3311 805 3368 pene
831 3302 929 3350 tamen
955 3293 1074 3350 fatetur.

69 3369 184 3436 Selutile
198 3400 263 3438 csse
277 3381 447 3438 civitatibus
462 3377 550 3448 dicit,
577 3387 611 3434 ut
624 3397 656 3433 se
669 3379 728 3432 viri
742 3376 851 3447 fortes,
879 3378 993 3460 etiamsi
1020 3375 1074 3428 lal-

69 3470 116 3513 sum
127 3462 173 3533 sit,
198 3463 254 3518 diis
270 3466 388 3542 genitos
404 3479 468 3516 esse
483 3459 619 3516 credant:
647 3470 680 3516 ut
695 3479 729 3515 eo
742 3458 829 3514 mode
844 3461 959 3515 animus
973 3455 1074 3511 huma-

69 3553 109 3594 nas
120 3547 192 3600 velut
205 3546 323 3602 divinae
337 3547 436 3620 stirpis
451 3543 589 3600 fiduciam
604 3561 731 3624 gerens,
759 3559 807 3597 res
821 3557 943 3616 magnas
968 3556 1075 3615 aggre-

69 3617 164 3682 diendas
177 3640 343 3702 praesumat
356 3627 515 3697 audacius,
530 3635 600 3704 agat
612 3625 834 3692 vehementius,
859 3629 888 3676 ct
902 3621 937 3676 ob
952 3619 1007 3676 hoe
1021 3623 1073 3676 inr-

70 3703 127 3772 plcat
139 3711 196 3785 ipsa
209 3715 369 3769 securitate
382 3712 508 3767 felicius.
539 3711 621 3776 Quae
635 3707 778 3764 Varronis
793 3704 942 3760 sententia
956 3723 1076 3780 expres·
1152 3761 1165 3780 s

71 3801 104 3858 ⁸³,
127 3802 155 3848 ut
177 3799 276 3868 potui,
303 3799 374 3852 meis
394 3794 509 3864 verbis,
537 3795 634 3849 cernis
651 3809 738 3864 quam
751 3792 843 3844 latum
856 3789 952 3842 locum
966 3790 1078 3862 aperiat
