2576 4396
219 197 279 254 ⁸298
440 188 534 248 Dll'l
558 186 751 248 AVRELll
777 185 1026 244 uvovsrlnt

218 359 304 404 tonus
338 342 504 400 mortalium
525 358 634 403 ‚sensus
664 338 837 418 imaginaria
864 336 1065 398 ludificatione
1092 337 1273 416 decipiunt,

219 445 304 506 quare
318 435 362 484 ιιι
378 428 478 484 lunam
491 423 652 500 deponere,
680 422 772 480 donec
792 423 973 498 suppositas,
999 431 1032 478 ut
1050 424 1092 478 ait
1107 421 1275 498 LucanuS,

218 513 336 590 propior
349 507 502 586 despumet·
511 510 543 565 in
555 507 673 564 herbas:
703 501 843 582 quaedam
861 525 932 562 vcro
953 507 1009 562 etsi
1022 508 1176 564 nonnullis
1195 511 1275 583 pio-

218 615 284 654 rum
296 595 383 652 lsetis
395 591 552 651 videantur
566 608 653 665 opere
666 591 836 667 coaequari,
854 589 922 646 finis
934 591 996 665 ipse
1010 608 1066 665 quo
1081 589 1275 650 discernun-

219 691 278 751 tur,
292 673 640 754 incomparabiliterhaec
653 684 755 732 nostra
768 672 896 731 ostendit
910 676 1062 730 excellcre.
1101 673 1165 732 illis
1181 679 1276 734 enirn

220 765 302 822 multi
321 762 517 818 tantominus
538 758 822 817 sacrificiiseolandi
843 767 927 830 sunt,
953 759 1172 836 quantomagis
1187 757 1274 818 hacc

150 835 156 845 ’
220 853 374 924 expetunt:
400 843 446 900 bis
459 857 531 900 vero
545 861 621 900 unus
634 841 852 900 commendatur
865 841 957 914 Deus,
976 843 1026 917 qui
1039 860 1072 898 se
1084 841 1176 898 nullis
1191 847 1273 900 tali-

220 933 271 987 bus
285 929 430 1006 indigere,
455 937 484 984 ct
497 926 716 1002 seripturarum
728 943 845 984 suarum
857 926 1082 996 testificatione,
1103 933 1133 981 et
1146 945 1274 986 eorun-

220 1014 389 1088 dempostea
396 1011 772 1078 sacrificiorumremotione
779 1010 967 1067 demonstrat.
975 1007 1086 1088 Siergo
1094 1011 1197 1087 angeli
1205 1013 1277 1068 sibi

219 1105 362 1172 expetunt
374 1094 561 1168 sacrificium,
579 1094 776 1171 praeponendi
790 1095 833 1150 eis
846 1104 914 1151 aunt
926 1095 971 1150 illi
983 1095 1033 1169 qui
1045 1113 1106 1150 non
1119 1093 1190 1165 sibi,
1212 1098 1276 1152 scd

218 1181 282 1239 Deo
295 1180 421 1236 creatori
435 1181 574 1252 omnium,
589 1181 638 1237 oui
652 1181 793 1237 serviunt.
810 1177 890 1236 Hinc
905 1180 983 1236 enim
996 1177 1156 1234 ostendunt
1170 1197 1276 1252 quarn

218 1267 333 1322 sincero
347 1281 513 1320 amorenos
528 1263 671 1343 diligunt,
696 1262 811 1339 quando
834 1281 886 1337 per
908 1261 1086 1318 sacrificium
1107 1280 1167 1318 non
1189 1265 1275 1336 sibi,

218 1347 269 1406 sed
283 1351 310 1405 ci
322 1366 376 1404 nos
391 1346 515 1404 subdere
527 1349 645 1420 volunt,
671 1349 753 1404 cuius
775 1356 805 1404 et
829 1347 886 1422 ipsi
910 1347 1153 1420 contemplatione
1176 1345 1277 1406 beati

217 1441 298 1503 sunt,
312 1441 342 1488 at
354 1431 391 1488 ad
404 1451 471 1488 oum
483 1449 537 1488 nos
550 1433 723 1507 pervenire„
740 1449 757 1487 a
770 1449 826 1507 quo
841 1432 897 1506 ipsi
909 1448 970 1486 non
982 1439 1180 1486 recesserunt.
1236 1432 1276 1490 Si

217 1525 315 1573 autern
328 1517 426 1594 angeli
440 1517 491 1590 qui
507 1533 568 1572 non
581 1517 650 1586 uni,
677 1514 728 1572 sed
744 1515 875 1590 plurimis
894 1513 1038 1570 sacrificia
1055 1513 1121 1570 ficri
1138 1515 1273 1589 volunt,

216 1618 277 1657 non
290 1601 356 1672 sibi,
370 1599 420 1656 scd
431 1601 473 1655 eis
484 1598 539 1656 diis
554 1601 668 1671 volunt,
683 1617 808 1674 quorum
821 1597 940 1656 deorum
953 1599 1053 1676 angeli
1064 1607 1153 1668 sunt3
1170 1601 1273 1658 ctiam

217 1686 260 1740 sic
273 1685 315 1740 eis
328 1682 528 1760 praeponendi
540 1692 610 1739 sunt
622 1684 667 1739 illi
679 1683 729 1757 qui
741 1684 828 1738 unius
842 1681 901 1739 Dei
919 1681 1040 1739 deorum
1061 1683 1165 1760 angeli
1179 1696 1272 1755 sunt,

216 1769 265 1824 cui
278 1766 437 1824 sacrificari
447 1769 493 1822 sic
505 1765 618 1836 iubent,
632 1775 666 1822 ut
677 1767 764 1822 alicui
777 1767 863 1824 alteri
871 1775 987 1838 vetent3
1000 1784 1183 1823 cumeorum
1194 1773 1271 1826 nul-

215 1855 261 1908 lus
272 1850 339 1908 huie
348 1860 439 1922 vetet,
454 1852 501 1907 eui
514 1852 568 1907 uni
579 1851 631 1906 isti
644 1849 804 1912 sacrificari
816 1851 927 1908 iubent.
944 1848 1035 1907 Porro
1050 1850 1086 1921 si,
1100 1851 1185 1925 quod
1197 1871 1272 1910 ma-

216 1937 263 2014 gis
277 1935 390 1992 indicat
400 1953 501 1991 eorum
514 1934 638 2009 superba
650 1935 778 2007 fallacia,
796 1953 851 1992 neo
865 1935 945 2007 boni,
959 1953 1014 1990 neo
1026 1933 1177 1990 bonorum
1190 1935 1273 1996 deo-

215 2040 282 2076 rum
295 2020 395 2098 angeli
409 2027 496 2089 sunt,
519 2017 570 2074 sed
584 2017 740 2075 daemones
754 2019 838 2090 mali,
866 2020 917 2094 qui
930 2037 990 2074 non
1003 2037 1095 2074 unum
1109 2020 1217 2076 solum
1233 2041 1273 2078 ac

217 2120 360 2160 summum
373 2101 482 2174 Deum,
496 2102 547 2158 sed
559 2121 592 2158 sc
603 2103 686 2178 ipsos
696 2101 848 2160 sacrifieiis
861 2104 918 2160 ooli
930 2105 1047 2174 volunt3
1067 2101 1147 2177 quod
1162 2107 1273 2162 mains

216 2205 304 2262 quarn
317 2187 403 2242 unius
417 2185 475 2242 Dei
488 2196 590 2243 eontra
603 2205 653 2243 eos
668 2185 836 2266 eligendum
850 2196 895 2242 ιιι
911 2185 1102 2260 praesidium,
1129 2188 1186 2244 cui
1200 2208 1272 2246 ser-

215 2273 302 2328 viunt
313 2268 421 2347 Angeli
433 2269 514 2340 boni,
530 2272 653 2345 quinon
668 2271 734 2342 sibi,
749 2269 801 2326 scd
813 2271 857 2327 illi
871 2270 973 2328 iubent
983 2279 1016 2326 ut
1030 2269 1182 2328 sacrificio
1200 2292 1272 2331 ser-

215 2355 341 2424 viamus,
354 2353 438 2409 cuius
452 2371 507 2410 nos
520 2353 576 2410 sibi
589 2354 766 2412 sacrificium
780 2364 841 2411 este
854 2349 1009 2412 debemusi

586 2504 708 2566 CAP.
751 2503 883 2564 XVll.

213 2601 257 2656 De
268 2617 335 2656 arco
348 2600 515 2656 Testamenti
524 2601 714 2672 miraculisque
724 2601 876 2686 signorum,
897 2620 965 2672 qaae
974 2605 1013 2656 ad
1021 2606 1277 2668 commendandam

318 2672 402 2743 Legis
412 2688 445 2724 ac
451 2673 636 2738 promissionis
647 2681 839 2726 auctoretatem
851 2673 1067 2746 divinitarsacta
1077 2683 1154 2726 sant.

277 2779 405 2836 Proinde
417 2781 468 2835 lex
481 2779 550 2848 Dei,
560 2797 639 2855 quae
652 2781 684 2836 in
698 2779 801 2836 edictio
812 2780 881 2838 data
893 2791 938 2838 ιιι
946 2783 1138 2861 Angelorum,
1154 2784 1190 2840 in
1206 2805 1279 2862 qua

212 2881 289 2922 unus
302 2863 383 2920 Deus
397 2862 518 2918 deorum
530 2865 674 2940 religione
688 2881 837 2921 sacrorum
849 2867 945 2922 iussus
957 2875 1003 2922 est
1015 2867 1086 2936 ooli,
1114 2867 1172 2922 alii
1187 2889 1275 2929 vero

213 2947 336 3023 quilibet
354 2943 508 3020 prohibiti,
534 2947 567 3002 in
584 2946 660 3002 Arca
680 2955 743 3003 crat
758 2950 871 3023 posita,
897 2968 972 3025 quae
989 2951 1065 3007 Arca
1080 2951 1276 3012 'testimonii

204 3039 378 3104 nuncupata
392 3037 446 3084 est.
469 3030 534 3095 Quo
546 3031 666 3086 nomine
679 3032 750 3087 satis
764 3032 963 3111 significatur,
989 3053 1051 3092 non
1065 3031 1186 3108 Deum,
1212 3045 1276 3115 qui

211 3113 329 3188 perillo
343 3115 440 3170 omnia
455 3114 614 3186 colebatur,
629 3115 819 3172 circumcludi
831 3118 937 3189 solere,
951 3119 999 3175 vel
1009 3118 1162 3174 contineri
1176 3121 1274 3196 loco,

211 3215 277 3253 cum
289 3213 431 3272 responso
444 3198 507 3254 eius
521 3207 551 3255 et
564 3197 705 3274 quaedam
717 3197 853 3256 humanis
863 3201 997 3258 sensibus
1009 3201 1152 3258 darentur
1167 3205 1277 3284 signa

211 3299 250 3337 cx
263 3283 341 3338 illius
355 3281 448 3338 Areae
462 3283 543 3355 loco,
564 3282 615 3338 sed
627 3285 791 3340 voluntatis
806 3286 870 3340 eius
884 3283 953 3342 hinc
965 3286 1140 3342 testimonia
1153 3290 1275 3362 perhi.

208 3366 282 3422 beri.
308 3365 392 3432 Quod
406 3367 493 3422 etiarn
506 3369 569 3443 ipsa
581 3369 631 3424 lex
645 3377 709 3423 arat
722 3369 753 3424 in
765 3367 872 3424 tabulis
886 3371 1053 3443 conscripta
1065 3370 1220 3446 lapideis,
1240 3387 1278 3434 et

209 3452 242 3506 in
255 3450 341 3522 Area,
363 3459 397 3506 ut
410 3449 483 3522 dixi,
497 3453 607 3526 posita3
633 3469 718 3526 quarn
731 3459 862 3525 tempore
874 3455 1123 3531 peregrinationis
1138 3456 1175 3512 in
1192 3477 1275 3516 cre-

208 3551 268 3606 mo,
282 3551 348 3591 cum
360 3532 562 3592 Tabernaculo
576 3533 654 3610 quod
667 3535 801 3590 similiter
815 3538 988 3610 appellatum
1001 3545 1047 3592 cst
1058 3535 1275 3600 'sabernacu-

208 3619 269 3672 lum
283 3619 462 3689 testimonii,
488 3635 554 3674 oum
572 3616 669 3674 debita
686 3619 853 3675 sacerdotes
871 3623 1063 3678 veneratione
1074 3625 1275 3696 portabant:

210 3703 384 3777 signumque
407 3711 482 3773 erat,
508 3693 585 3777 quod
602 3719 655 3776 per
676 3701 753 3758 diem
777 3702 869 3758 nubes
886 3705 1057 3779 apparebat,
1074 3723 1155 3781 quae
1175 3711 1278 3770 sicut

205 3784 290 3861 ¹ignis
303 3793 390 3840 nocte
404 3784 551 3866 fulgebat:
565 3801 638 3860 quae
652 3785 744 3842 nubes
758 3803 825 3843 cum
838 3798 1022 3860 moreretur,
1035 3799 1135 3848 castra
1148 3811 1278 3854 move-

210 3865 332 3939 bantur3
358 3876 388 3923 et
400 3865 450 3926 ubi
463 3877 564 3940 staret,
579 3875 675 3926 castra
687 3867 881 3945 ponebantur.
917 3870 1041 3929 Reddita
1058 3884 1134 3932 sunt
1152 3889 1277 3940 autem
