2530 4392
193 159 251 216 DE
274 159 496 218 ClVlTA'l'E
521 163 600 220 DEI
625 165 706 222 utu.
728 167 797 224 XX
964 177 1026 232 279

67 319 108 366 ate
117 327 165 385 per
177 307 315 366 iudicium
324 328 463 388 maguum
475 321 564 387 atque
577 315 781 374 novissimum:
795 321 836 376 ita
850 333 919 380 sunt
933 335 962 381 et
976 343 1024 382 re-

67 394 187 448 eetiouea
201 391 289 464 tuae,
316 409 375 450 ιιιιιι
391 395 500 468 prima,
524 413 599 470 quaa
613 407 643 454 et
655 417 735 456 nune
748 410 803 473 est,
817 411 847 458 et
860 407 1023 466 animarum

82 493 150 551 quae
167 476 266 532 venire
285 494 345 534 aon
363 477 508 553 permittit
527 481 560 536 iu
570 491 694 538 mortem
707 485 880 560 secundam
903 491 961 547 alia
975 511 1022 550 ae-

66 559 105 630 le,
128 576 198 634 quae
211 577 289 617 nuuc
303 578 364 618 non
378 569 437 632 est,
463 561 515 620 sed
526 564 558 620 in
572 567 682 622 saeculi
695 567 754 624 fine
768 569 867 626 ιἰιιιιιι
882 581 944 644 est,
969 594 1023 632 nea

66 661 164 713 iarum,
187 641 238 698 sed
252 661 406 718 corporum
420 654 475 716 eat,
500 665 574 722 quaa
586 666 639 722 per
651 651 784 708 ultimum
798 652 938 712 iudicium
951 658 1023 714 alios

66 735 90 781 et
102 727 132 784 iu
144 726 299 784 secundam
311 737 451 799 mortem,
476 733 549 788 alios
563 732 595 788 iu
609 751 675 790 eam
688 736 789 807 vitam,
810 754 884 812 quae
898 757 958 796 non
971 738 1022 796 he·

66 818 179 866 nortem.

375 962 499 1022 CAP.
544 965 629 1022 Vll.

66 1057 143 1108 uatus
153 1057 395 1112 resurrectionibus
405 1069 433 1112 et
444 1063 474 1114 tle
484 1062 556 1114 mille
566 1063 646 1116 uouit
661 1064 727 1130 quid
735 1066 764 1117 in
775 1066 937 1136 Apocalypsi
947 1069 1024 1122 loun·

92 1127 132 1177 uis
142 1127 270 1196 scriptum
279 1128 330 1192 ait,
351 1138 378 1180 et
393 1130 460 1198 quid
472 1132 503 1182 de
513 1131 551 1183 eie
561 1133 763 1186 rationabiliter
774 1135 918 1188 sentiatur.

66 1235 92 1288 te
104 1231 148 1288 his
162 1233 270 1292 ἀιιιιιιι
284 1237 545 1294 resurrectionibus
559 1239 637 1295 idem
648 1239 772 1296 loannes
783 1240 977 1319 Evangeliata
991 1247 1022 1301 in

76 1318 125 1390 qui
137 1317 242 1374 dieitur
255 1317 463 1395 Apoealypsis,
489 1341 523 1378 aa
544 1322 630 1379 medo
652 1325 767 1379 loeutus
788 1334 848 1396 est,
876 1335 1023 1383 uteorum

66 1418 118 1455 aa
137 1399 308 1476 quibusdam
331 1405 441 1460 normis
464 1423 525 1460 nau
547 1406 712 1476 intellecta,
737 1407 858 1481 insuper
876 1409 965 1464 etiam
992 1411 1021 1466 in

66 1483 125 1540 lam
137 1485 275 1542 ridiculas
288 1485 401 1543 fabulas
414 1497 589 1544 verteretur.
624 1490 674 1547 Ait
691 1491 798 1565 quippe
819 1492 851 1546 in
871 1490 947 1546 libro
960 1511 1023 1548 me·

67 1577 97 1622 to
117 1565 241 1624 loannes
254 1567 426 1642 Apostolus:
452 1569 495 1627 Et
510 1573 576 1630 aidi
590 1571 736 1650 Angelum
752 1574 973 1632 incendentem
988 1575 1024 1632 de

66 1649 240 1718 ,labentem
252 1650 363 1710 cluam
376 1653 490 1730 abyssi,
504 1664 535 1712 et
546 1666 682 1713 catenam
696 1657 727 1712 iu
738 1675 827 1712 manu
841 1673 913 1726 oua,
933 1667 962 1714 et
977 1667 1021 1714 te-

66 1733 219 1792 draconem
233 1733 315 1792 illum
327 1747 492 1813 serpentem
505 1740 669 1816 antiquum,
683 1741 734 1816 qui
742 1741 965 1816 cognominatus
977 1749 1023 1796 eat

66 1816 117 1872 >lus
131 1826 161 1874 et
174 1826 317 1888 satanas,
342 1828 372 1876 et
385 1818 528 1895 alligauit
541 1821 623 1879 illum
635 1822 716 1880 mille
728 1825 831 1892 cunia,
846 1832 875 1880 et
889 1824 972 1878 misit
987 1823 1023 1878 il-

66 1901 85 1956 ἰι
99 1899 254 1976 abyssum
280 1910 310 1958 et
323 1901 445 1973 clausit,
468 1914 499 1961 et
511 1906 645 1980 signauit
658 1923 749 1982 super
762 1925 836 1974 eum,
860 1915 963 1962 utnon
977 1922 1022 1962 ae-

66 1991 104 2038 ·et
117 1984 177 2039 iam
185 1993 304 2058 genter,
316 1984 405 2042 donec
411 1984 566 2056 finiuntur
576 1987 656 2044 milla
667 1989 740 2044 unni
746 2007 756 2043 :
764 1997 838 2064 post
850 1985 923 2043 laec
934 2005 1022 2063 opor-

65 2084 101 2120 un
114 2065 192 2123 solui
203 2065 287 2124 treci
299 2076 437 2145 tempore.
471 2067 513 2124 Et
531 2070 596 2127 virli
616 2070 716 2137 aedes,
741 2079 770 2126 et
784 2069 919 2124 sedentes
931 2084 1022 2144 auper-

65 2157 84 2204 ιι
98 2149 240 2206 iudicium
254 2149 423 2208 detumeat.
447 2150 488 2207 Et
502 2152 619 2208 animae
633 2149 809 2226 [detumeat
823 2149 897 2220 illia,
911 2159 941 2206 et
954 2151 1034 2219 oni,

73 2233 235 2288 accitarum
242 2242 374 2311 proptor
387 2235 586 2290 testimouium
599 2230 683 2304 Iesu,
709 2245 739 2293 et
756 2243 887 2310 propter
903 2231 1022 2290 uerbum
1041 2263 1043 2268 ,

65 2323 93 2371 et
106 2315 136 2370 si
147 2315 200 2391 pui
212 2333 269 2372 nou
282 2317 486 2380 adorauerunt
498 2316 634 2388 beatiam,
647 2337 701 2374 uec
712 2319 869 2394 imaginem
882 2317 956 2385 eiua,
969 2333 1022 2371 nee

67 2407 159 2454 erunt
174 2398 397 2476 inscriptionem
410 2399 441 2456 iu
448 2398 560 2470 fronte
573 2409 628 2458 uut
640 2401 670 2456 in
684 2419 772 2458 manu
787 2417 853 2470 sua,
868 2408 898 2455 et
911 2416 1022 2475 regna-

65 2490 83 2536 :t
97 2499 163 2536 eum
176 2475 246 2538 lesu
259 2481 338 2539 mille
352 2483 457 2538 anuis:
470 2482 581 2560 reliqui
592 2501 690 2540 eorum
701 2502 757 2540 uon
766 2484 918 2550 uiceruut,
932 2481 1022 2537 donec

65 2573 126 2619 rtur
140 2562 222 2621 mdia
235 2566 317 2621 anui.
347 2562 434 2622 Haec
452 2567 635 2622 rerurrectio
645 2567 751 2644 prima
764 2575 818 2622 eat.
854 2562 969 2620 Beatus
990 2572 1020 2618 et

65 2663 99 2702 ua
113 2656 182 2717 eat,
205 2647 257 2724 pui
268 2645 357 2704 lubet
370 2649 402 2704 iu
415 2646 583 2725 lucprima
596 2651 815 2706 resurrectione
822 2655 954 2722 purtem.
984 2641 1020 2700 In

65 2729 190 2786 fecunda
203 2747 282 2786 moro
295 2749 353 2788 uou
366 2728 663 2809 lotetpotestutem;
681 2731 736 2790 sed
747 2739 836 2789 eruut
849 2727 1020 2786 sacerdotes

65 2821 76 2867 t
94 2809 230 2885 Christi,
255 2822 286 2872 et
303 2813 470 2892 regnabunt
483 2833 547 2870 cum
561 2834 593 2872 eo
605 2814 684 2872 mille
698 2817 794 2872 uanis.
826 2812 882 2878 Qui
900 2819 1021 2885 propter

65 2895 146 2950 iuius
159 2894 230 2952 libri
240 2896 331 2954 verba
339 2897 463 2972 primam
476 2899 720 2954 resurrectionem
737 2895 867 2954 futuram
880 2894 1021 2968 auspicati

65 2980 258 3052 :orporaleru‚
280 2982 360 3038 iuter
374 2991 493 3038 caetere
505 2983 633 3038 maxime
645 2999 767 3038 numero
781 2996 927 3038 annorum
940 2978 1021 3034 mille

65 3063 96 3116 ·ti
110 3069 194 3134 sunt,
208 3071 349 3139 tauquam
362 3074 512 3140 oporteret
525 3065 556 3122 in
570 3067 680 3122 sanctia
695 3085 730 3122 eo
743 3063 828 3120 modo
840 3063 933 3120 veluti
944 3061 1021 3118 tanti

67 3145 112 3200 ris
126 3144 197 3202 fieri
210 3147 433 3216 sabbatismum,
447 3149 602 3204 vacatione
616 3149 729 3204 seilicet
742 3154 845 3204 sanam
857 3154 926 3219 post
937 3144 1019 3200 labo-

65 3246 183 3286 rnorum
198 3247 253 3286 sax
266 3231 406 3301 millium,
429 3247 467 3284 ex
481 3247 538 3304 qua
552 3239 668 3286 creatus
687 3238 732 3284 est
749 3227 847 3298 homo,
872 3235 902 3281 et
919 3225 1021 3300 magni

65 3313 182 3386 peccati
200 3314 306 3370 merito
319 3314 351 3369 in
364 3311 450 3368 huius
470 3314 657 3368 mortalitatis
673 3327 829 3366 aerumnas
844 3308 880 3364 tle
892 3305 1021 3382 paradisi

65 3404 112 3450 ute
128 3393 270 3454 dhuiauu
286 3406 341 3468 est,
356 3406 389 3452 ut
400 3396 538 3471 quoniam
549 3397 690 3472 scriptum
701 3402 757 3463 est,
773 3390 852 3448 Vnus
865 3391 927 3448 dieo
941 3388 1023 3466 apud
1037 3453 1040 3460 Ι

65 3497 128 3534 rum
143 3479 226 3536 sicut
240 3479 319 3538 mille
333 3481 423 3548 unni,
446 3489 476 3535 et
489 3478 569 3535 mille
582 3479 657 3534 euni
669 3479 748 3534 sieut
768 3475 831 3533 dies
849 3489 942 3542 unua,
968 3487 1021 3525 sex

65 3579 116 3616 um
131 3561 265 3618 millibus
280 3572 417 3639 tanquam
431 3579 484 3618 sex
499 3561 599 3616 diebus
614 3560 759 3636 impletis,
788 3563 928 3630 aequatur
941 3555 1021 3610 velut

65 3645 80 3698 :i
95 3646 243 3718 septimus
257 3647 288 3704 in
303 3645 389 3704 annia
403 3647 484 3702 mille
496 3646 669 3720 postremis,
694 3643 730 3700 ad
748 3640 803 3698 hcc
822 3639 936 3695 scilicet
955 3637 1021 3692 aab·

90 3727 308 3786 celebrandum
327 3729 550 3808 resurgentibus
571 3729 691 3783 sanetis.
729 3726 811 3792 Quae
825 3723 925 3797 opinio
945 3730 1022 3777 esset

65 3829 120 3886 pue
136 3812 315 3885 tolerabilis,
329 3815 355 3870 si
369 3815 483 3890 aliquae
497 3811 620 3868 deliciae
635 3810 738 3898 spirita¹
752 3808 825 3864 eain
840 3806 890 3864 illo
903 3805 1022 3862 sabbato
