2586 4396
233 207 293 266 DE
319 207 534 269 tritinia
557 211 634 270 DEI
656 215 736 272 IIB.
758 217 847 277 XVI.
1005 223 1063 280 115

395 362 417 421 C
438 364 463 420 Α
484 363 515 420 Ρ.
557 360 713 422 XXXI.

40 457 83 510 De
94 457 172 510 Isoso
187 459 329 510 serandsns
339 460 537 527 promissionem
551 471 629 525 noto,
648 461 724 515 ouius
738 480 831 518 nomen
847 483 880 519 es
890 465 947 518 risa
963 471 1062 522 atrias·

365 546 415 598 osse
425 530 549 600 parntis
560 539 601 583 est
612 532 736 586 inditam.

100 617 173 673 I’oet
185 615 256 673 haee
268 625 354 672 natus
368 627 413 674 est
425 619 572 694 Abrahae,
585 620 744 678 seeundum
756 627 981 698 promissionem
993 623 1061 699 Dei,

37 704 75 760 de
88 699 178 759 Sarra
196 699 290 770 fitius,
315 717 437 776 eamque
454 706 617 762 nominarit
633 704 730 778 Inane,
756 706 833 783 quod
854 711 1062 786 interpretetur

35 787 134 842 risus:
181 785 287 862 riserat
300 785 377 840 enim
390 796 421 842 et
432 797 530 861 poter,
553 788 668 865 quando
682 792 710 846 ei
723 793 883 864 promissus
898 801 957 866 est,
971 793 1062 850 admi·

35 888 109 926 rans
131 869 163 926 In
187 867 308 947 gandia:
324 870 439 926 inserat
456 881 486 927 et
503 875 611 945 mater',
636 874 751 949 qnando
764 893 816 948 per
829 877 895 932 illos
909 885 968 933 tres
982 879 1062 934 viros

36 955 142 1011 iterum
155 953 315 1027 promissus
329 962 387 1025 eat,
401 951 533 1012 dubitent
545 957 576 1012 in
590 955 710 1034 gaudi03
723 961 854 1033 quamvis
868 961 1062 1034 exprobrante

33 1039 150 1115 AngeIo
164 1035 241 1112 qnod
254 1037 330 1091 rinna
343 1037 406 1107 iile,
427 1041 552 1096 etiamsi
565 1041 666 1117 gaudii
679 1041 752 1112 fnit,
771 1051 868 1099 tamen
881 1045 982 1119 plenae
994 1042 1062 1100 fidei

32 1121 176 1179 nonfuit.
219 1117 291 1176 Post
302 1119 337 1174 ab
352 1120 452 1178 eodem
464 1123 576 1200 Angelo
594 1125 626 1179 in
644 1123 701 1180 fide
721 1126 808 1181 etiam
823 1125 992 1184 confirmata
1007 1137 1061 1184 est.

32 1206 82 1262 Ex
94 1204 151 1261 hoe
164 1221 236 1282 erge
254 1219 325 1277 puer
342 1221 449 1262 nomen
462 1208 582 1282 aceepit.
621 1205 693 1263 Nam
713 1209 790 1282 qnod
801 1211 878 1265 risus
891 1213 941 1266 ille
954 1230 1013 1268 non
1027 1210 1063 1267 ad

33 1285 218 1346 irridendum
231 1285 430 1364 opprobrium,
454 1290 505 1346 sed
518 1288 554 1345 nd
567 1290 769 1347 celebrandurn
782 1292 921 1371 gaudium
933 1295 1061 1369 pertine·

33 1376 101 1442 bnt,
126 1381 195 1428 nato
209 1370 304 1442 Isaeo,
330 1380 360 1427 et
373 1387 407 1428 eo
420 1375 539 1430 nomine
551 1384 672 1447 vocato,
698 1373 788 1433 Sarra
809 1379 996 1448 monstrarit3
1021 1379 1062 1433 rit

32 1458 155 1533 anppe‚
179 1453 283 1511 Risnsn
294 1453 368 1514 miii
375 1451 460 1527 feeit
472 1455 630 1528 Dominus,
656 1459 816 1537 quietaque
832 1463 907 1518 enim
920 1461 1062 1530 audierit,

30 1538 231 1616 congaudebit
253 1537 334 1595 midi.
376 1537 434 1596 sea
453 1549 520 1614 post
536 1543 747 1616 aliquantulam
766 1553 878 1618 tempus
896 1543 1004 1602 aneilla
1027 1543 1062 1599 de

31 1625 119 1680 domo
134 1624 251 1678 eiioitur
263 1637 328 1678 enm
340 1619 401 1679 filio
415 1641 479 1696 suo,
493 1633 524 1680 et
531 1624 589 1682 duo
600 1626 651 1682 illa
664 1626 996 1704 seeundumApostolnm
1002 1625 1062 1684 Te·

31 1717 178 1763 stramenta
197 1705 416 1783 significentur,
442 1717 527 1765 vetus
541 1717 571 1765 et
583 1726 703 1767 norum:
729 1711 778 1767 ubi
792 1705 881 1768 Sarra
893 1711 944 1768 illa
960 1709 1061 1787 [illins]

31 1807 179 1866 supernae
193 1788 393 1864 Hierusalem,
410 1789 466 1848 hoe
479 1801 539 1865 est,
554 1791 690 1850 Civitatis
704 1793 777 1867 Dei,
796 1796 919 1874 figuram
933 1797 1018 1875 gerit.

378 1941 499 2001 CAP.
535 1940 718 2001 XXXII.

26 2040 71 2092 De
93 2038 245 2091 obedientis
265 2047 292 2089 st
304 2036 364 2106 side
372 2035 510 2102 Abrahae,
530 2053 584 2107 quo
600 2055 652 2108 per
671 2041 829 2093 oblationem
839 2041 993 2094 immolandi
1004 2001 1072 2109 sitii¹

295 2108 427 2176 probatas
441 2117 494 2171 est,
513 2110 580 2162 etde
590 2117 676 2162 morte
687 2109 796 2162 Sarrae.

94 2213 175 2269 Inter
193 2212 281 2286 haee,
309 2231 382 2289 quae
396 2217 494 2272 omnia
507 2225 733 2272 commemorare
755 2215 842 2270 nimis
866 2216 984 2354 lonqum
1008 2223 1062 2287 est,
1132 2201 1141 2226 ⁸

27 2305 166 2356 tentatur
178 2297 322 2355 Abraham
335 2297 370 2353 de
382 2297 557 2356 inmolando
570 2299 758 2356 dilectissimo
771 2295 832 2354 filio
849 2313 901 2356 nno
937 2315 1015 2370 aeae,
1029 2309 1062 2356 nt

26 2387 79 2459 pia
94 2382 159 2436 eius
172 2379 338 2438 obedientia
350 2381 536 2456 probaretur,
550 2383 672 2439 saeculis
686 2386 717 2440 in
731 2381 866 2438 notitiam
877 2381 1061 2458 proferenda,

28 2485 90 2524 non
102 2462 178 2522 Deo.
202 2464 304 2540 Neque
317 2467 395 2521 enim
408 2467 502 2522 omnis
516 2475 562 2522 est
575 2467 716 2540 culpanda
725 2467 865 2522 tentatio:
879 2467 947 2540 quie
954 2475 983 2521 et
993 2481 1062 2542 gra-

25 2548 155 2607 tulanda
168 2558 230 2620 est,
245 2567 302 2624 qua
318 2547 352 2604 fit
370 2549 510 2623 probatio.
553 2547 592 2606 Et
602 2540 771 2624 plerumque
784 2550 868 2604 aliter
881 2549 994 2603 animus
1007 2547 1062 2603 hu-

26 2649 136 2690 manus
151 2631 208 2688 sibi
220 2634 276 2707 Ipsi
289 2633 471 2688 innotescere
485 2651 544 2689 non
554 2629 671 2707 potest,
680 2633 738 2688 nisi
750 2631 827 2697 vires
841 2649 907 2686 runa
922 2630 988 2703 ribi,
1002 2649 1061 2687 non

24 2715 135 2785 verbo,
149 2714 200 2771 aed
213 2717 429 2790 experimento,
442 2709 604 2772 tentatione
614 2714 737 2791 quodam
750 2713 835 2772 modo
849 2717 1061 2792 interrogante,

21 2797 222 2874 respondeat:
237 2801 287 2855 ubi
299 2798 389 2856 siDei
402 2817 507 2856 munus
520 2801 686 2878 agnoverit,
700 2809 770 2856 tune
783 2800 849 2874 pius
861 2807 915 2870 est,
930 2809 1000 2856 tune
1013 2817 1061 2856 so-

22 2884 141 2940 lidatur
163 2879 303 2940 firmitate
328 2885 459 2963 gratiae,
495 2899 554 2941 non
580 2882 700 2940 inflatur
725 2881 867 2940 inanitate
893 2885 1060 2940 iactantiae.

18 2968 189 3042 Nunquam
202 2982 273 3022 sane
287 2967 419 3024 erederet
429 2966 590 3040 Abraham,
614 2967 690 3044 quod
702 2969 828 3026 rietimin
841 2967 921 3025 Deus
936 2967 1062 3025 delecta·

16 3062 112 3109 retur
128 3049 279 3108 humente:
300 3053 449 3126 quamvis,
463 3053 562 3110 divino
575 3055 729 3109 intonante
740 3062 911 3128 praecepto,
926 3052 1062 3110 obedien·

16 3137 97 3192 dum
110 3136 169 3206 ait,
189 3151 250 3190 non
263 3134 477 3209 disputandum.
524 3135 729 3192 Verumtamen
747 3135 891 3193 Abraham
909 3127 1070 3194 eoniestim'

14 3221 138 3290 filium,
160 3232 250 3293 quum
262 3217 367 3275 inisset
379 3219 561 3290 immolatus,
583 3228 817 3276 resurrecturum
831 3217 988 3276 credidisse
1000 3221 1063 3276 Inu-
1151 3283 1152 3288 η

16 3302 145 3359 dandus
160 3311 214 3357 ett.
249 3301 374 3359 Dixerat
386 3319 510 3378 namque
523 3303 567 3357 iIIi
579 3301 679 3374 Dens,
694 3306 782 3377 quum
795 3300 830 3356 de
843 3301 950 3357 aneilla
962 3309 991 3358 et
1003 3299 1064 3358 filio

15 3390 91 3444 eius
109 3386 195 3442 foras
218 3382 369 3443 eiieiendis
390 3387 572 3442 voluntatem
596 3387 730 3462 coniugis
754 3383 848 3440 nollet
868 3383 1004 3458 impiere:
1029 3377 1065 3440 In

15 3468 122 3530 Isarae
146 3469 304 3526 ooooditar
326 3467 383 3528 tibi
405 3485 510 3527 sennen.
551 3468 591 3526 Et
604 3479 683 3526 certe
695 3469 736 3524 ibi
753 3467 885 3542 sequitur
897 3481 931 3522 ae
949 3463 1066 3540 dieitur,

15 3554 145 3612 Filium
158 3565 259 3610 ostem
272 3552 400 3612 annilius
412 3551 499 3610 liuius
511 3555 542 3609 ia
554 3571 691 3630 magnam
703 3561 819 3629 gentem
831 3551 953 3622 fociant
971 3547 1068 3622 iilum

15 3640 100 3718 quia
114 3651 219 3694 semen
233 3646 314 3694 taam
328 3647 382 3694 est.
426 3633 575 3702 Quomodo
589 3653 659 3714 ergo
673 3635 780 3691 dietum
794 3643 852 3705 eat,
866 3629 902 3689 In
915 3627 1006 3689 Isaeo
1018 3649 1068 3691 oo-

16 3721 157 3779 oobitur
176 3719 234 3782 tihi
252 3735 364 3790 semen,
391 3737 480 3795 quum
493 3725 522 3774 et
534 3717 684 3776 Ismeilem
697 3717 780 3775 Deus
794 3733 892 3774 semen
908 3718 969 3774 eius
981 3731 1068 3774 roen-

16 3799 128 3862 reriti
159 3800 321 3877 Exponens
335 3812 432 3860 antem
443 3803 614 3878 Apostolus,
641 3802 777 3878 quidsit,
802 3799 839 3858 In
851 3797 1068 3860 Ieaaeooondi-

16 3901 76 3946 tur
95 3887 161 3945 tibi
171 3902 287 3942 sanson:
313 3884 352 3944 Id
364 3897 424 3957 est,
438 3887 550 3963 inquit,
568 3903 624 3943 non
638 3889 689 3966 qni
694 3885 760 3958 filii
772 3887 872 3943 cornis
885 3883 918 3943 ic
922 3883 989 3958 filii
1000 3881 1069 3953 Dei,
