2590 4396
267 232 327 292 DE
350 229 568 292 clvlTATE
591 233 671 292 DEI
698 235 779 294 LlB.
807 237 865 296 ill.
1056 249 1100 310 η

63 388 213 462 lioiterqne
228 384 390 444 visendum
404 381 471 442 esti
496 383 559 444 Nee
577 388 609 444 in
629 385 699 444 deos
719 405 821 446 eorum
838 389 1024 454 horribiliora
1041 415 1096 455 nos

61 471 189 542 dicimus,
211 487 303 546 qnam
316 486 419 527 eorum
433 469 596 527 identidem
609 480 747 527 auctores
762 489 836 548 quos
850 477 954 554 legunt
967 489 998 535 et
1009 497 1095 554 prse-

61 554 165 611 dieant:
194 551 438 630 qnandoquidem
458 564 488 610 et
506 571 544 610 ex
561 555 632 628 ipsis
651 571 726 630 qnae
740 555 904 615 diceremus
918 564 1095 637 aooepinnns,

61 640 178 696 ttnullo
192 636 284 694 modo
297 637 409 708 diotre,
420 639 469 694 vel
482 639 563 709 talia,
576 639 624 694 vel
638 647 745 696 ennete
758 639 929 699 sufficimus.

731 719 817 796 (tol.
835 723 918 782 cAP.
934 725 1056 804 XVII.)

111 804 168 863 Vbi
190 814 282 862 erant
300 821 372 884 ergo
391 805 436 860 illi
455 804 511 876 dil,
539 807 589 880 qui
606 816 727 880 propter
745 809 885 885 exiguam
904 809 1096 886 fallacemque

57 889 134 946 huius
153 888 264 946 mnndi
284 887 458 944 felicitatem
481 887 597 944 eolendi
622 891 845 964 existimantur3
872 891 1095 966 tassilonem,

58 973 152 1048 quibus
163 991 199 1028 se
214 973 357 1029 colendos
367 972 592 1028 mendacissima
603 975 712 1029 astutis
721 973 925 1047 venditabant,
938 978 1031 1034 tantis
1043 995 1093 1034 os-

57 1055 232 1112 lumitatibus
248 1051 452 1112 vexarenturf
479 1053 534 1112 Vbi
548 1065 642 1127 erant,
661 1057 777 1131 quando
791 1056 926 1116 Valerius
940 1062 1045 1118 eonsul
1057 1062 1093 1118 sb

56 1140 201 1195 exsulibus
216 1148 251 1194 et
263 1139 360 1196 servis
373 1139 529 1196 ineeusum
542 1138 717 1214 Capitolium
730 1157 796 1197 eum
809 1140 993 1214 defensaret,
1011 1145 1093 1201 oeti-

55 1241 99 1278 sus
114 1218 179 1278 estf
209 1219 405 1298 Faciliusque
418 1223 481 1296 ipse
493 1221 633 1298 prodesse
645 1225 743 1297 potnit
756 1224 822 1281 aedi
835 1223 925 1296 lovis,
950 1229 1095 1302 quantilli

55 1307 132 1362 turbo
145 1315 195 1362 tot
208 1307 370 1361 numinum
384 1323 451 1361 eum
464 1324 518 1362 suo
532 1307 661 1362 maximo
675 1315 764 1382 atque
777 1309 887 1382 optimo
900 1326 983 1386 rege,
1010 1309 1093 1364 euius

54 1391 190 1462 ternplum
202 1389 399 1461 liberauerat,
413 1389 580 1446 subvenire.
599 1387 655 1445 Vbi
669 1399 764 1462 erant,
778 1391 895 1467 quaudo
908 1390 1093 1450 densissimis

55 1472 174 1548 fatigata
186 1473 299 1530 civitas
314 1472 493 1529 seditionum
506 1474 608 1544 malis,
637 1489 704 1529 eum
716 1473 832 1552 legatus
843 1471 973 1532 Athenas
986 1475 1095 1531 missos

55 1555 91 1610 od
103 1556 181 1632 leges
192 1554 374 1612 mutuandas
388 1557 537 1630 paululum
550 1557 650 1632 quieta
662 1559 839 1632 operiretur,
852 1560 938 1636 grati
951 1558 1028 1615 fame
1040 1575 1092 1633 pe·

54 1639 241 1715 stilentiaque
267 1647 387 1697 vastata
413 1635 476 1696 esti
502 1637 557 1696 Vbi
571 1649 672 1712 erant,
696 1640 813 1716 qnando
832 1659 936 1698 rursus
954 1643 1092 1715 populns,

55 1739 116 1778 enm
127 1721 208 1778 fame
221 1722 387 1793 laboraret,
407 1722 591 1795 praefeotuns
603 1739 739 1780 annonae
751 1727 878 1798 prirnurn
892 1726 1021 1796 eratin
1045 1733 1092 1781 at·

53 1823 104 1882 que
116 1806 168 1860 illu
181 1805 263 1862 fasne
276 1807 492 1877 invalescente,
505 1803 634 1880 Spurius
647 1805 770 1879 Melius,
792 1810 843 1885 qui
857 1809 1002 1864 esurienti
1014 1809 1092 1864 rnul-

53 1888 170 1945 titudini
182 1889 340 1946 frumenta
352 1889 479 1966 largitas
493 1897 549 1961 est,
567 1891 655 1968 regni
672 1888 802 1949 affectati
821 1892 935 1948 erimen
952 1892 1092 1961 intonit,

52 1981 78 2028 et
88 1971 224 2028 eiusdem
237 1971 388 2046 praefecti
401 1971 544 2030 instantia
561 1991 614 2047 per
632 1972 806 2032 dictatorem
819 1974 852 2031 L.
866 1976 1022 2042 Quintium
1040 1991 1091 2030 ae·

51 2064 105 2111 tate
122 2053 330 2130 decrepitum,
350 2071 368 2112 a
381 2055 493 2123 Quinto
506 2053 634 2114 Seruilio
647 2059 790 2136 magistro
805 2059 936 2132 equitum
949 2075 1016 2112 oum
1029 2073 1091 2112 ma·

51 2141 125 2196 ximo
153 2147 187 2197 et
210 2138 469 2216 perieulosissimo
494 2142 620 2198 tumultu
647 2142 777 2198 civitatis
804 2142 919 2198 oeeisas
945 2134 1010 2196 esti
1036 2137 1092 2194 Vbi

51 2232 148 2294 erant,
177 2221 299 2301 quando
311 2223 483 2299 pestilentie
496 2223 624 2281 maxima
644 2232 749 2280 exorta
774 2223 831 2281 diis
856 2223 1011 2280 inutilibus
1025 2222 1090 2278 sine

51 2307 176 2364 remedio
196 2307 327 2383 populns
346 2305 397 2362 din
416 2307 598 2384 multumque
621 2307 765 2386 fatigatus
792 2325 870 2366 nova
882 2305 1090 2376 Leotisternia,

52 2389 125 2464 qnod
139 2407 297 2466 nunquam
309 2398 400 2446 antea
412 2387 538 2462 fecerat,
559 2390 723 2448 exhibenda
740 2390 899 2448 arbitratus
914 2387 979 2446 esti
1006 2387 1091 2445 Leeti

51 2481 146 2530 autern
160 2475 375 2531 sternebantur
387 2473 420 2528 in
432 2470 575 2530 honorem
588 2474 727 2545 deornm,
751 2475 830 2532 nude
842 2473 899 2530 hoo
912 2490 1029 2530 saenun
1041 2473 1090 2528 rel

49 2559 145 2630 potius
159 2557 353 2635 saerilegium
366 2573 473 2614 nonen
486 2559 610 2632 seeepit.
648 2555 706 2612 Vbi
718 2565 818 2627 aaut,
841 2555 959 2630 quando
972 2571 1025 2626 per
1038 2552 1089 2607 de-

50 2657 113 2696 cem
126 2643 290 2697 eontinuds
304 2655 401 2696 annos
413 2641 489 2696 mala
501 2637 663 2716 pugnaudo
680 2637 798 2692 erebras
812 2646 843 2691 et
855 2652 978 2712 magnas
993 2633 1089 2688 olades

49 2723 132 2795 apud
141 2720 230 2779 Veios
244 2724 398 2780 exereitus
413 2721 566 2780 Romanus
580 2727 746 2795 aoeeperat,
760 2719 820 2775 nisi
832 2736 886 2792 per
898 2717 1021 2774 Furium
1034 2714 1090 2773 Ca-

49 2805 165 2861 millusn
177 2805 295 2864 tandem
308 2806 534 2878 subveniretur,
563 2821 650 2880 quem
669 2811 772 2879 postea
786 2804 891 2860 civitas
906 2801 1025 2879 ingrata
1039 2798 1090 2856 da-

47 2885 181 2946 mneritf
207 2888 264 2946 Vbi
279 2897 380 2960 eraut,
399 2887 517 2965 qnando
532 2888 612 2946 Galli
624 2885 748 2946 Romans
766 2893 923 2962 oeperunt,
943 2884 1089 2958 spoliave-

46 2981 136 3044 rnnt,
151 2971 365 3044 incenderunt,
384 2971 522 3029 eaedibns
535 2965 753 3046 impleveruntf
779 2968 894 3045 Vbique
908 2977 1004 3039 erant,
1022 2985 1090 3025 oum

42 3058 95 3112 illa
108 3057 242 3134 insignis
256 3055 430 3131 pestilentia
441 3063 503 3112 tarn
515 3057 669 3134 ingentem
681 3063 811 3134 stragem¹
824 3051 916 3134 dedit,
929 3069 988 3136 qua
998 3061 1029 3109 et
1039 3051 1090 3107 ille

42 3139 157 3196 Furius
170 3138 313 3197 cmdllos
327 3139 496 3194 exstinctus
510 3149 566 3210 est,
592 3139 645 3216 qui
670 3138 879 3212 rempublicam
898 3137 1047 3214 ingratam
1061 3142 1091 3217 et

42 3221 253 3280 aVeientibns
278 3231 351 3280 ante
376 3219 526 3293 defendit,
550 3231 581 3278 et
603 3221 639 3278 de
659 3220 752 3278 Gallis
777 3229 880 3295 postea
905 3212 1090 3278 vindieaviti

42 3305 75 3362 ln
88 3305 150 3363 hae
161 3307 336 3381 pestilentia
349 3305 485 3360 soenieos
497 3305 581 3361 ludos
595 3305 682 3360 uliam
693 3321 800 3360 novam
813 3312 936 3378 pestem,
950 3321 1011 3360 non
1024 3317 1090 3358 oos-

41 3391 166 3464 porihns
181 3387 403 3456 Romanorum,
430 3385 497 3458 sed,
520 3387 598 3463 quod
611 3397 658 3444 est
670 3388 763 3443 multo
774 3387 986 3460 pernioiosius‚
999 3383 1090 3440 mori·

41 3472 95 3530 bus
122 3473 305 3530 intulerunt.
350 3467 408 3526 Vbi
433 3481 532 3543 erant,
558 3471 675 3546 quaudo
687 3471 745 3527 alia
757 3471 926 3544 pestilentia
940 3466 1040 3544 gravis
1054 3463 1091 3519 da

39 3559 169 3614 venenis
183 3564 392 3614 matronarum
404 3563 508 3611 exorta
521 3555 634 3611 eredita
651 3563 714 3625 est,
742 3570 865 3628 quarum
891 3566 980 3622 supra
1005 3545 1091 3602 fidem

40 3641 207 3698 multarum
233 3647 325 3714 atque
350 3637 491 3694 nobilium
513 3655 610 3696 atores
636 3634 811 3711 deprehensi
825 3630 986 3690 suntomui
1000 3631 1077 3704 pasti

40 3725 136 3782 lentia
161 3715 346 3802 gravioresf
389 3717 444 3777 Vel
458 3721 574 3797 quando
592 3717 785 3778 incandidet
798 3716 930 3774 fureulas
942 3731 961 3768 a
973 3711 1091 3771 Samni-

39 3807 120 3864 tibus
134 3805 256 3866 obsessi
269 3805 357 3861 ambo
381 3822 446 3862 oum
459 3807 592 3862 exereitu
616 3803 753 3862 eonsules
775 3799 879 3857 foedus
893 3815 959 3855 anns
972 3798 1015 3854 eis
1028 3796 1092 3854 foe-

40 3889 107 3949 dum
121 3892 229 3950 fnoue
244 3887 344 3946 eoauts'
358 3895 443 3960 suut3
460 3889 503 3946 ita
513 3899 548 3946 ut
562 3887 710 3963 equitibus
721 3883 864 3940 Romanis
877 3880 1027 3938 sexcentis
1038 3879 1093 3962 ob·
