2576 4396
266 183 327 242 nl:
349 181 568 244 clt⁷1TnTE
590 185 670 244 DEl
702 187 772 245 ΗΒ
795 189 835 246 Χ.
1003 197 1064 255 307

34 349 116 398 amm
129 337 205 408 crit,
233 355 300 393 cum
316 345 411 392 totum
428 337 505 412 quod
522 338 703 395 liberandum
719 349 778 411 est,
805 341 893 397 fiacrit
904 343 1064 404 liberatum.

32 423 122 484 Nunc
134 439 208 478 sero
226 419 261 476 fit
279 419 351 475 illud
367 421 444 494 quod
457 423 602 496 sequitur:
628 419 740 480 Ponere
753 425 784 479 ιἰι
797 423 860 484 Deo
874 442 953 503 spem
965 445 1065 486 mecm.

31 505 111 585 Spes
131 505 210 562 enim
229 523 303 580 quae
321 504 452 574 videtur,
478 525 535 562 non
552 515 598 563 ιιι
615 522 700 583 apsa:
723 508 800 584 quod
812 509 886 564 enim
898 509 979 565 uidet
992 514 1067 586 quie,

31 589 107 668 quid
127 584 256 667 speret?
277 589 319 644 ait
334 586 498 660 Apostolus.
541 587 577 646 St
589 599 686 646 cutem
701 591 777 666 quod
788 609 844 646 nou
858 592 987 648 videmus
1001 609 1067 669 spe-

30 689 158 741 remus,
178 673 431 749 perpetientem
444 682 656 749 exspectemus.
699 671 733 729 ln
746 671 799 729 bac
814 683 912 730 autem
925 691 976 748 spe
989 693 1068 730 nunc

31 757 192 813 constituti
204 773 323 832 agausus
337 753 416 828 quod
429 756 578 830 sequitur,
597 765 627 811 ot
640 757 728 811 ιίιιιιι
744 775 798 812 nos
813 775 928 833 quoquc
939 769 994 832 pro
1005 778 1068 815 mo-

31 839 100 896 dulo
114 847 221 895 nostro
234 840 333 915 angeli
346 835 419 909 Dei,
442 839 472 893 id
486 849 548 910 ιιι,
571 841 668 896 nuntii
681 841 759 912 eius,
783 842 992 898 annuntiantes
1007 843 1068 898 eiua

30 925 235 993 voluntatem,
262 931 292 976 et
310 923 434 999 gloriam
456 925 638 1000 gratiamque
659 922 821 980 laudantes.
842 923 926 980 Vnde
945 944 1010 980 cum
1023 924 1068 980 di-

31 1010 144 1077 xisset,
172 1003 286 1062 Ponere
310 1009 342 1061 in
368 1003 432 1062 Deo
452 1023 532 1083 spem
557 1025 667 1062 mount:
694 1017 729 1062 ut
750 1010 935 1080 annuntiem,
958 1009 1067 1082 inquit,

32 1107 131 1148 omncs
162 1087 266 1145 leudes
292 1098 360 1145 ιιιιι
387 1090 417 1144 in
437 1091 540 1166 portis
559 1089 650 1160 filiae
668 1087 748 1146 Sion.
792 1089 875 1146 Haec
893 1101 939 1146 est
956 1093 1067 1168 glorio-

30 1176 150 1230 sissima
164 1170 274 1228 Civitas
288 1170 359 1243 Dei,
384 1169 457 1228 baec
471 1191 561 1228 unum
574 1172 670 1228 Deum
683 1174 767 1229 novit
781 1183 810 1228 et
822 1175 906 1228 colit:
919 1172 994 1229 banc
1007 1176 1068 1230 An-

30 1259 93 1336 geli
112 1257 211 1312 sancti
228 1257 495 1325 annuntiaverunt,
519 1257 635 1330 quinos
649 1254 762 1312 adeius
777 1258 947 1312 sacietatem
960 1258 1067 1312 invita-

29 1349 160 1410 verunt,
174 1341 314 1413 civesque
327 1357 394 1394 suos
408 1340 440 1394 iu
453 1340 504 1394 illa
515 1355 580 1394 esse
593 1340 764 1411 voluerunt3
784 1340 887 1416 quibua
901 1357 961 1395 non
974 1342 1070 1413 placet

29 1435 67 1481 ut
87 1441 140 1478 eos
159 1424 285 1478 colamus
302 1431 441 1497 tauquam
457 1431 574 1478 nostros
594 1421 680 1494 deos,
706 1423 758 1478 sed
775 1441 840 1479 curn
854 1423 896 1478 eis
911 1431 941 1478 et
953 1425 1069 1478 illorum

29 1518 61 1566 et
78 1515 215 1564 nostrum
230 1505 343 1577 Deum3
369 1524 424 1562 uec
445 1506 487 1561 eis
507 1505 721 1578 sacrificemus,
748 1506 800 1562 sed
814 1525 880 1563 cum
893 1508 963 1581 ipsis
978 1508 1068 1562 sacri-

28 1593 134 1650 ficium
148 1589 214 1647 Deo
231 1591 331 1645 simus.
374 1588 462 1646 Nullo
483 1591 580 1665 itaque
599 1588 766 1663 dubitante,
792 1593 842 1667 qni
854 1588 925 1646 lraec
938 1590 1069 1666 deposita

29 1677 165 1752 maligna
178 1673 376 1730 obstinatione
391 1673 573 1746 considerat,
599 1693 699 1730 omnes
714 1675 891 1731 immortales
905 1675 1000 1746 beati,
1020 1675 1070 1750 qui

30 1760 117 1819 nobis
127 1777 193 1815 non
206 1757 357 1828 invident,
383 1753 495 1834 (neque
509 1759 588 1814 enim
600 1760 628 1814 ai
640 1759 825 1830 inviderent,
853 1767 952 1814 essent
963 1749 1068 1840 beati,)

29 1843 83 1901 sed
95 1844 197 1918 potins
211 1859 265 1896 nos
279 1841 422 1918 diligunt,
447 1850 482 1896 ut
499 1850 529 1897 et
547 1859 601 1898 uos
616 1861 683 1898 cum
694 1843 766 1915 ipsis
779 1843 858 1898 beati
872 1843 977 1914 simus3
1003 1843 1068 1916 plus

29 1929 116 1986 uobis
130 1927 251 1995 lavent,
276 1926 341 1999 plus
354 1923 509 1994 adiuvant,
524 1925 639 2000 quando
653 1945 745 1982 ιιιιιιιιι
757 1925 853 1982 Deum
867 1927 1004 1982 cumillis
1018 1943 1068 1980 co-

28 2015 136 2082 limus,
165 2008 284 2066 Patrem
304 2017 333 2062 et
347 2007 454 2064 Filium
473 2017 502 2064 et
521 2007 664 2084 Spiritum
682 2018 832 2082 sanctum,
859 2027 946 2084 quam
970 2010 995 2063 si
1020 2026 1069 2063 eos

28 2099 181 2172 ipsosper
198 2090 343 2147 sacrificia
360 2093 529 2148 coleremus.

399 2241 522 2299 CAP.
563 2241 713 2300 XXVl.

27 2345 71 2398 De
80 2339 272 2396 inconstantia
284 2337 432 2408 Porphyrii
446 2339 519 2392 inter
529 2341 720 2412 confessionem
730 2340 787 2392 neri
796 2338 851 2392 Dea
860 2349 887 2392 et
897 2343 999 2392 cultum
1010 2342 1069 2393 dee·
1158 2333 1162 2345 '

406 2425 510 2461 menam
521 2409 697 2479 fluctuantis.

93 2519 207 2576 Nescio
227 2515 367 2592 quomodo
388 2511 548 2591 (quantum
561 2513 633 2570 mihi
650 2513 783 2590 videtur)
806 2532 859 2587 pro
882 2516 982 2569 amicis
1007 2517 1068 2570 suis

27 2605 166 2681 theurgis
180 2599 369 2658 crubescebat
385 2597 574 2674 Porphyrius.
609 2597 684 2654 Nam
697 2598 755 2651 ista
768 2605 916 2670 uteunque
929 2597 1068 2670 sapiebat,

27 2689 81 2744 sed
95 2695 202 2744 contra
213 2686 370 2740 multorum
383 2682 503 2739 deorum
517 2683 627 2737 cultum
641 2699 700 2736 non
715 2680 807 2750 libere
821 2679 1003 2736 defendebat.
1030 2679 1069 2736 Et

27 2773 155 2850 angelos
170 2770 277 2845 quippe
295 2768 367 2823 alios
383 2785 447 2822 esse
461 2765 553 2837 dixit,
581 2767 630 2841 qui
644 2764 779 2820 deorsum
792 2763 1001 2820 descendentes
1014 2763 1067 2820 bo-

27 2854 164 2912 minibus
176 2851 339 2930 thenrgicis
353 2851 452 2906 divina
469 2851 676 2925 pronuntient3
702 2849 774 2904 alios
789 2858 886 2905 autem
901 2849 993 2923 quiin
1007 2858 1067 2905 ter-

27 2941 73 2996 ris
88 2954 212 3012 eaquae
225 2934 321 2992 Patris
336 2943 419 3005 sunt,
446 2944 476 2990 et
493 2933 677 2990 altitudinem
698 2933 762 2988 eius
785 2932 1067 3009 profunditatemque

29 3022 194 3077 declarent.
238 3017 316 3076 Num
330 3019 424 3096 igitur
435 3015 488 3073 hos
502 3019 638 3096 angelos,
664 3035 790 3092 quorum
807 3017 1001 3073 ministerium
1024 3027 1069 3072 ιιι

31 3107 186 3162 declarare
204 3105 385 3160 voluntatem
397 3099 508 3174 Patris,
534 3100 710 3158 credendum
734 3111 778 3156 est
800 3103 875 3158 velle
898 3119 951 3157 nos
974 3100 1068 3172 subdi,

31 3192 93 3246 nisi
107 3190 136 3243 ei
152 3189 235 3243 cuins
249 3186 332 3242 nobis
346 3186 524 3240 annuntiant
536 3181 734 3240 voluntatem?
751 3181 835 3240 Vnde
848 3187 955 3258 optime
968 3185 1068 3240 admo-

33 3283 86 3329 net
110 3274 201 3328 etiarn
227 3272 290 3345 ipse
302 3267 488 3340 Platonicus,
513 3267 668 3324 imitandos
692 3285 742 3323 eos
765 3269 860 3341 potius
879 3285 965 3343 quam
984 3269 1070 3324 invo-

33 3354 155 3412 candos.
179 3353 249 3411 Non
262 3355 361 3429 itaque
375 3351 511 3408 debemus
524 3361 670 3422 metuere,
684 3371 722 3406 ne
735 3350 912 3405 immortales
927 3359 957 3405 et
970 3351 1070 3405 beatos

31 3443 87 3497 uni
100 3439 167 3496 Deo
180 3437 313 3494 subditos
327 3455 386 3493 non
400 3437 442 3491 eis
458 3435 649 3492 sacrificando
662 3431 851 3490 offendamus.
895 3431 979 3498 Quod
992 3433 1071 3487 enirn

33 3543 99 3580 non
118 3525 179 3578 nisi
195 3523 335 3577 univero
348 3519 412 3577 Deo
428 3519 527 3575 deberi
545 3521 657 3589 sciunt,
685 3519 734 3574 cni
757 3526 787 3572 et
806 3516 864 3589 ipsi
887 3513 1069 3569 adhaerendo

31 3607 114 3664 beati
127 3615 210 3678 sunt,
223 3606 326 3680 procul
339 3603 427 3661 dubio
440 3621 535 3676 neque
546 3619 598 3677 per
610 3603 699 3660 ullam
709 3597 925 3678 significantem
935 3595 1069 3674 figuram,

33 3710 133 3768 neque
146 3709 202 3766 per
214 3690 309 3764 ipsam
320 3707 383 3744 rem
396 3705 470 3763 quae
483 3685 672 3741 sacramentis
686 3681 885 3764 significatur,
912 3679 968 3736 sibi
986 3678 1069 3736 exbi-

33 3774 99 3831 beri
112 3775 230 3832 volunt.
262 3771 443 3829 Daemouum
456 3779 501 3825 est
512 3768 585 3825 haec
596 3765 970 3846 arrogantia-superborum
983 3774 1070 3840 atque

32 3861 229 3928 miserorum,
255 3856 388 3932 aquibus
402 3855 490 3932 longe
510 3852 624 3910 diversa
639 3859 685 3907 est
696 3853 789 3991 pigtap
804 3847 982 3906 subditorum
996 3847 1070 3922 Deo,
