2510 4404
225 237 286 296 352
453 231 550 289 DlVl
572 230 757 289 AVRELll
777 231 1031 290 AVGVSTlNl

594 383 616 442 C
638 384 662 440 Α
684 383 716 440 Ρ.
754 382 881 442 ΧΧΙΙ.

224 485 267 539 De
277 485 318 538 lsis
328 486 374 554 qui
379 493 494 552 putant,
515 499 546 534 ea
556 481 670 534 ommino
676 519 684 546 ,
703 499 770 550 qnae
782 481 853 535 inter
863 484 1083 551 eleemosynarum
1092 499 1162 550 opero
1171 499 1213 534 ιιιι·

388 555 544 616 mittuntur,
554 551 591 604 ad
599 551 777 605 damnationis
787 549 915 604 iodicium
925 568 977 604 non
986 551 1086 604 vocari.

288 644 423 718 Comperi
449 644 536 698 etiam
557 639 694 716 quosdam
709 651 826 716 putere,
853 659 901 696 eos
920 641 1114 698 tantummodo
1131 659 1212 697 amaros

224 731 305 786 illius
319 729 493 784 aeternitate
507 725 657 800 supplioii,
683 727 732 800 qui
749 744 801 800 pro
820 725 943 800 peoestis
957 725 1017 780 suis
1035 723 1127 780 faeere
1140 725 1213 802 dignu

226 815 425 887 eleemosynas
447 811 613 887 negligunt,
631 809 717 864 iuxta
735 807 809 865 illud
825 809 955 882 Apostoli
973 807 1082 865 laoobi:
1107 806 1214 866 ludicius

226 906 327 954 antem
337 897 401 952 sine
413 892 621 950 misericordia
634 891 690 962 illi,
709 895 761 968 qui
772 892 919 963 nonfeoit
930 893 1160 949 misericordium.
1180 889 1228 955 toi*

226 999 297 1056 ergo
310 978 423 1048 iecerit,
436 977 586 1051 inquiunt,
599 977 732 1050 quamvis
745 993 840 1032 mores
854 977 885 1030 in
896 976 998 1030 melius
1012 994 1074 1032 non
1086 975 1215 1040 mutaverit,

227 1062 278 1118 sed
291 1063 369 1118 inter
382 1063 458 1136 ipsas
472 1077 538 1116 suas
553 1061 751 1135 eleemosynas
763 1058 873 1115 nefario
884 1077 918 1114 eo
931 1059 1067 1133 nequiter
1078 1060 1178 1126 vixerit,
1188 1059 1216 1110 lu·

228 1147 335 1202 dioium
347 1146 392 1200 illi
405 1163 470 1201 oum
482 1143 681 1200 misericordia
699 1141 829 1199 futurum
843 1153 904 1214 est,
932 1157 965 1198 ut
979 1151 1033 1198 aut
1044 1144 1121 1200 nulle
1133 1141 1215 1197 damus·

227 1231 310 1286 tione
321 1231 475 1304 plectetur,
497 1236 548 1282 eut
559 1235 627 1302 post
639 1225 757 1301 aliquod
771 1235 881 1300 tempus
895 1227 956 1282 sive
968 1244 1102 1300 parvum,
1114 1227 1165 1282 sine
1174 1241 1215 1297 pn-

227 1315 337 1384 lixum,
357 1312 392 1368 eb
405 1313 457 1368 illa
469 1309 654 1367 damnatione
666 1310 812 1368 liberetur.
843 1307 911 1365 ldeo
925 1307 1055 1366 iudicem
1068 1311 1152 1384 ipsum
1161 1309 1215 1364 nito

228 1415 295 1455 rum
308 1406 394 1472 atque
407 1404 589 1453 mortuorum
602 1394 730 1451 noluisse
750 1394 918 1449 existimant
937 1393 1014 1449 eliud
1037 1407 1215 1450 commemorns

227 1499 260 1536 se
273 1498 337 1536 esse
351 1479 514 1550 dicturum,
539 1479 602 1535 sive
614 1476 725 1534 dextris
739 1477 841 1552 quibus
861 1486 907 1532 est
918 1477 1007 1534 vitem
1027 1476 1140 1534 ὀιιιιιιιι
1154 1483 1216 1528 aeter·

227 1583 305 1634 nem,
319 1565 382 1620 sive
394 1563 522 1620 sinistris
536 1579 607 1638 quos
622 1571 742 1618 aeterno
756 1562 896 1635 supplicio
911 1569 956 1616 est
969 1559 1163 1629 damnaturus,
1180 1555 1216 1612 nisi

228 1650 426 1723 eleemosynas
450 1647 512 1703 sive
531 1643 632 1716 tectas,
659 1647 721 1702 sive
747 1663 809 1700 non
834 1643 933 1700 laetas.
969 1643 1015 1702 Ad
1035 1643 1091 1702 hoo
1109 1642 1214 1718 pertinere

227 1731 310 1786 siunt
323 1737 353 1786 et
364 1731 396 1785 in
410 1730 543 1786 oratione
556 1726 713 1784 Dominioa
726 1725 925 1803 quotidianam
936 1731 1164 1803 postulationem:
1181 1721 1214 1780 lt·

226 1814 312 1870 mitte
329 1811 413 1869 nodis
431 1811 531 1868 debita
549 1821 667 1881 nostra,
690 1813 768 1868 siout
781 1821 811 1870 et
823 1828 875 1869 nos
892 1812 1070 1870 dimittimus
1083 1806 1216 1869 delitaribtt

226 1897 346 1953 nostris.
380 1895 518 1970 Quisquis
535 1894 615 1949 enim
626 1895 670 1950 illi
683 1896 734 1970 qui
747 1897 779 1951 in
793 1913 860 1951 eum
872 1897 1013 1969 peooavit,
1040 1895 1152 1952 dimittit
1161 1894 1216 1968 igno

227 1977 334 2036 scendo
347 1987 514 2054 peecatum,
538 1977 739 2053 proculdubio
754 1981 964 2054 eleemosynam
977 1977 1059 2037 feeit.
1093 1979 1170 2046 Quom
1178 1991 1217 2028 ren

227 2063 370 2120 Dominus
384 2064 427 2119 sio
439 2064 500 2138 ipse
513 2062 735 2133 commendavit,
751 2071 787 2119 ut
798 2061 919 2133 diceret,
944 2060 980 2120 Si
993 2066 1071 2120 enim
1083 2055 1216 2120 dimisnilt't

213 2187 219 2199 .
221 2157 352 2227 peecata
366 2146 542 2217 hominibus,
568 2146 700 2203 dimittet
711 2145 791 2204 vodis
804 2157 834 2204 et
847 2143 939 2204 Pater
951 2156 1054 2204 vester
1067 2152 1178 2224 peceato
1187 2157 1216 2195 n-

228 2240 314 2287 stro:
345 2233 375 2287 si
385 2240 486 2287 autem
498 2249 554 2287 non
568 2230 742 2287 dimiseritis
754 2227 930 2300 dominibus,
950 2249 1042 2308 neque
1056 2227 1142 2287 Pater
1151 2231 1217 2283 oetltt

228 2315 320 2390 quiin
334 2313 421 2370 coelis
435 2323 490 2383 est,
504 2314 635 2370 dimittet
646 2312 734 2370 vobis.
769 2311 850 2390 Ergo
864 2322 893 2368 et
907 2312 943 2369 ad
955 2311 1010 2369 hoe
1023 2331 1117 2392 genus
1130 2311 1218 2366 eleemo

227 2413 365 2471 synarunr
377 2398 505 2471 pertinet
517 2393 593 2472 quod
604 2397 646 2451 ait
654 2395 810 2471 Apostolus
824 2395 955 2468 lacobus,
970 2395 1112 2454 iudicium
1123 2395 1217 2451 suumn

227 2481 292 2536 sina
309 2480 512 2536 misericordia
531 2481 558 2535 ei
579 2480 630 2554 qui
648 2497 708 2536 non
727 2480 799 2536 feeit
820 2479 1058 2536 misericordiam.
1100 2479 1154 2537 Nee
1169 2472 1218 2530 diu't

227 2561 382 2636 Dominus,
396 2564 545 2639 inquiunt,
558 2565 724 2641 magnevol
736 2579 842 2638 parve3
868 2562 928 2634 sed,
949 2561 1093 2622 Dimittat
1104 2561 1171 2621 soto
1180 2553 1217 2613 Pl·

227 2657 274 2704 ιιι·
285 2657 521 2724 vesterpeoooto
532 2655 649 2716 oestro,
670 2648 699 2704 si
710 2657 740 2705 et
752 2664 803 2704 oos
817 2647 990 2705 dimiseritis
1002 2645 1161 2704 dominibus.
1192 2638 1217 2694 lt

225 2748 278 2806 per
289 2729 345 2788 hoo
357 2739 462 2806 putant
475 2732 562 2786 etiam
581 2731 691 2805 eisqui
708 2728 821 2805 perdite
838 2731 983 2801 vixerint,
1009 2729 1102 2787 donee
1119 2723 1217 2784 claudent

227 2812 304 2870 diem
315 2815 394 2870 vitae
406 2813 491 2870 huius
504 2823 676 2886 extremum,
689 2833 741 2888 per
753 2811 829 2870 hane
841 2815 1016 2885 orationem,
1043 2815 1216 2890 qualiscunque

227 2907 257 2952 et
270 2907 493 2972 quantacunque
506 2896 630 2966 fuerint,
654 2899 752 2954 omnia
765 2897 893 2973 quotidie
905 2907 1024 2971 peooata
1036 2896 1148 2965 dimitti,
1167 2893 1217 2946 εἰη(

225 2981 289 3052 ipsa
302 2978 429 3053 quotidie
441 2977 644 3054 frequentatur
656 2983 760 3052 oratio,
770 2987 773 2992 '
783 2982 809 3036 si
821 2979 878 3038 hoa
893 2980 1094 3038 tantummodo
1108 2972 1216 3037 eustodir‘

225 3062 427 3134 meminerint,
452 3070 486 3117 ut
497 3061 612 3136 quando
625 3061 660 3118 ab
674 3065 716 3120 eis
729 3065 845 3124 veniam
857 3074 973 3140 petunt,
999 3067 1051 3140 qui
1065 3083 1112 3122 eos
1128 3063 1215 3138 pttssil

224 3145 427 3220 qualicunque*
442 3147 603 3218 laeserunt,
631 3164 669 3202 ex
694 3148 781 3206 eorde
807 3148 961 3204 dimittent.
997 3149 1096 3215 Quum
1118 3145 1151 3202 ad
1167 3140 1215 3197 hill

224 3228 331 3299 omnia,
346 3226 409 3286 Deo
423 3227 560 3303 donante,
573 3229 761 3305 respondero,
775 3231 850 3290 liber
862 3233 919 3289 iste
933 3230 1109 3288 claudendus
1122 3237 1166 3285 est

573 3380 694 3439 CAP.
737 3379 899 3440 XXlll.

226 3477 328 3532 Contra
338 3479 487 3548 opinionem
497 3493 587 3530 eorum
597 3478 644 3546 qui
654 3479 758 3542 dieunt,
778 3495 826 3532 nee
841 3478 952 3542 diaboli,
971 3469 1213 3533 netiominsnnslo

504 3564 563 3600 rom
571 3558 703 3616 perpetua
713 3549 818 3620 fittoro
828 3547 968 3618 supplicia.

284 3653 326 3710 Ao
339 3657 465 3729 primum
477 3656 578 3729 quaeri
591 3665 706 3729 oportet
718 3665 806 3732 atque
819 3659 967 3735 cognosci,
981 3674 1034 3712 eur
1047 3654 1165 3714 Eeelesia
1174 3645 1210 3702 let·

223 3755 256 3793 re
270 3739 436 3811 nequiverit
448 3736 598 3795 hominum
611 3737 855 3814 disputationem,
883 3739 996 3798 diabolo
1010 3740 1096 3797 etiem
1107 3743 1163 3812 poti
1172 3745 1210 3786 Ν·

223 3822 317 3874 ximus
331 3829 360 3874 et
373 3818 607 3878 diuturnissimas
620 3841 740 3896 poenes,
761 3825 966 3901 purgationem
978 3825 1025 3880 vel
1037 3815 1209 3898 indulgentis·

221 3901 416 3975 pollicentem.
441 3901 542 3979 Neque
556 3906 635 3962 enim
648 3914 693 3963 tot
704 3909 798 3965 saneti
811 3917 841 3963 et
853 3909 943 3964 saeris
957 3907 1099 3964 veteribus
1111 3922 1141 3961 ae
1152 3893 1208 3956 norit
