2586 4396
260 159 320 218 DE
345 161 561 222 CIVITATE
586 166 665 226 DEl
689 169 767 228 hili.
792 173 862 233 l'll.
1033 186 1092 246 199

25 329 177 383 ‚‚sarum‚
208 310 323 386 quibus
337 311 446 386 aliquid
457 312 493 370 fit
513 315 544 372 in
565 315 707 375 mundo.“
749 320 815 380 Hoc
841 343 928 400 quom
954 349 1092 409 magnum

23 395 72 467 sit,
99 394 326 458 nobilissimus
340 393 460 473 Virgilii
473 415 576 454 versus
591 401 641 456 ille
660 409 799 462 testatur:

85 503 88 510 ·
106 475 214 534 Felix
228 477 284 552 qui
295 478 392 552 potuit
404 497 502 536 rerum
516 500 695 559 cognoscere
708 503 811 544 causas

21 558 81 618 Sed
94 579 157 618 eur
173 561 209 616 ei
223 561 419 635 praeponitur
432 560 535 634 lanus,
549 562 604 622 hoc
619 566 702 623 nobis
715 570 762 624 vir
774 572 824 626 ille
837 575 1023 632 acutissimus
1037 577 1087 636 do-

21 645 254 720 ctissimusque
267 643 454 719 respondeat.
481 647 649 717 „Quoniam
660 668 750 723 penes
763 651 880 725 lanum,
894 657 1005 732 inquit,
1019 671 1089 718 sunt

21 729 166 802 „pr-ima,
194 745 298 802 penes
312 725 413 784 lovem
427 747 547 786 summa.
590 730 697 790 Merito
712 753 783 813 ergo
797 755 852 792 rex
864 742 994 798 omnium
1007 741 1086 816 lupi-

21 821 90 882 „ter
117 809 273 868 habetur.
317 809 417 868 Prima
442 813 521 868 enirn
545 814 707 872 vincuntur
727 822 893 877 asummis:
923 825 990 897 quia
1016 826 1087 884 licet

22 896 117 967 prima
142 894 503 970 praecedanttempore‚
529 915 640 957 summa
653 911 791 974 superant
805 903 981 982 dignitate.“
1025 906 1085 966 Sed

23 986 102 1034 recte
114 975 184 1034 hoe
200 977 374 1050 diceretur,
402 980 428 1034 si
440 979 585 1036 factorum
601 983 695 1056 prima
709 983 948 1046 discernerentur
962 999 992 1046 et
1005 1008 1084 1048 ιιιιιι-

22 1079 79 1117 ma:
118 1063 213 1118 sient
241 1063 364 1118 initium
389 1060 461 1118 facti
488 1073 533 1120 cst
556 1064 720 1140 proficisci,
746 1087 889 1126 summum
914 1077 1083 1146 pervenire3

21 1144 145 1200 initium
158 1143 244 1200 faeti
258 1145 409 1220 incoeptio
422 1145 570 1218 discendi,
596 1167 739 1206 summum
753 1154 903 1226 perceptio
917 1153 1083 1214 doctrinae:

21 1245 53 1282 ac
66 1229 112 1284 sie
127 1228 165 1286 in
181 1227 328 1284 omnibus
341 1229 436 1302 prima
447 1239 517 1286 sunt
529 1232 630 1300 initia,
655 1235 819 1308 summique
831 1243 901 1292 sunt
913 1235 996 1293 fines.
1024 1238 1084 1294 Sed

21 1310 79 1366 iam
103 1309 167 1366 hoe
196 1311 363 1387 negotium
384 1312 462 1368 inter
475 1311 579 1368 lanum
592 1312 820 1390 Terminumque
843 1316 1007 1374 discussum
1028 1331 1082 1376 est.

21 1390 136 1449 Garnae
151 1401 267 1448 antem
283 1409 358 1466 quae
372 1393 477 1452 dantur
490 1395 569 1465 lori,
597 1393 753 1454 efficientia
777 1408 863 1469 sunt,
888 1417 948 1456 non
963 1398 1081 1460 effecta:

22 1493 117 1550 neque
137 1477 209 1532 ullo
234 1474 326 1532 modo
348 1475 415 1534 lieri
433 1487 546 1552 potest,
572 1488 605 1534 ut
617 1481 665 1536 rel
679 1489 810 1555 tempore
822 1485 1052 1557 praeveniantur
1064 1505 1083 1542 a

22 1557 106 1614 laetis
131 1559 284 1616 initiisve
307 1557 461 1618 factorum.
505 1559 627 1637 Semper
642 1564 720 1620 enim
732 1565 814 1638 prior
828 1574 875 1622 est
887 1585 935 1622 res
949 1585 1023 1643 quoe
1036 1567 1080 1625 la·
1120 1607 1122 1612 ,

24 1644 77 1714 cit,
105 1661 207 1718 quam
235 1643 290 1698 illa
316 1661 390 1718 quac
414 1643 456 1700 fit.
501 1645 683 1720 Quapropter
707 1649 733 1704 si
755 1647 792 1704 ad
808 1647 912 1706 lanum
929 1653 1081 1724 pertinent

23 1727 106 1782 initia
121 1725 302 1798 factorum,
330 1745 391 1784 non
404 1727 469 1784 ideo
481 1730 581 1803 priora
594 1739 665 1786 sunt
675 1729 867 1806 efficientibus
880 1735 993 1806 causis,
1008 1753 1079 1810 quas

24 1807 81 1866 lori
95 1810 258 1866 tribuunt.
305 1808 391 1868 Sicut
404 1812 483 1868 enim
496 1810 570 1868 nihil
582 1813 630 1885 fit,
657 1815 699 1870 ita
712 1813 786 1872 nihil
800 1813 957 1874 inchoatur
970 1818 1078 1890 attint,

23 1893 94 1966 quod
108 1912 180 1952 non
196 1892 318 1950 taciem
331 1912 418 1950 causa
429 1898 632 1968 praecesserit.
677 1895 765 1956 Hunc
780 1916 853 1956 sane
867 1898 969 1973 deum,
987 1919 1079 1976 penes

26 1994 106 2050 quom
119 1985 204 2034 sunt
231 1995 337 2034 omnes
351 1995 458 2034 causae
470 1977 615 2036 factarum
629 1982 760 2038 omnium
773 1991 945 2040 naturarum
957 1992 1077 2040 natura-

24 2061 153 2138 liumque
168 2078 294 2131 rerum,
320 2058 458 2117 silerem
470 2063 570 2135 populi
583 2064 746 2136 appellant,
774 2073 805 2120 et
820 2066 912 2120 tantis
927 2074 1078 2120 contume-

24 2144 66 2200 liis
79 2154 215 2219 tamque
229 2144 366 2200 scelestis
380 2145 631 2203 criminationibus
647 2146 765 2218 colunt,
782 2147 906 2202 tetriore
920 2148 1077 2224 sacrilegio

24 2244 83 2283 sese
97 2226 326 2302 obstringunt,
347 2229 473 2301 quamsi
485 2246 605 2302 prorsus
619 2230 732 2286 nullum
742 2237 882 2304 putarent
895 2229 990 2286 deum.
1015 2229 1076 2286 Vn-

24 2308 56 2364 dc
68 2311 170 2366 satius
189 2317 276 2364 essct
289 2309 332 2365 eis
346 2311 435 2366 elium
448 2312 575 2386 aliquem
587 2311 666 2370 loris
680 2313 800 2370 nomine
812 2331 1000 2390 nuncupare,
1031 2313 1076 2369 di-

23 2411 113 2468 gnum
125 2390 275 2465 turpibus
291 2399 321 2448 et
333 2389 489 2471 flagitiosis
500 2391 671 2466 honoribus,
686 2397 836 2472 supposito
846 2413 923 2452 vano
935 2395 1075 2473 figmento

24 2475 97 2548 quod
117 2476 229 2551 potius
242 2473 478 2550 blasphemarent
503 2471 597 2552 (sicut
615 2477 743 2534 Saturno
769 2478 878 2542 dicitur
906 2480 1074 2551 suppositus

23 2559 112 2632 lapis,
142 2575 239 2634 quem
264 2575 319 2632 pro
341 2557 402 2616 filio
426 2555 604 2634 devoraret‚)
631 2577 719 2633 quam
730 2560 821 2614 istum
833 2559 922 2614 deum
936 2557 1033 2614 dicere
1047 2570 1077 2614 et

22 2651 184 2700 tonantem
206 2648 238 2696 et
257 2639 488 2714 adulterantem,
513 2649 650 2696 ettotam
662 2639 802 2696 mundum
814 2648 968 2717 regentem
982 2650 1012 2696 et
1023 2659 1076 2716 per

22 2734 64 2780 tot
89 2737 206 2801 stupra
231 2721 426 2796 diffluentem,
466 2733 496 2780 ct
526 2732 662 2780 naturam
687 2724 817 2780 omnium
841 2723 1075 2800 naturaliumque

22 2825 126 2866 rorum
154 2825 267 2866 causes
294 2825 421 2866 summas
446 2807 604 2866 habentem
629 2816 659 2862 et
684 2825 753 2864 suas
780 2824 883 2864 causas
896 2805 989 2863 bonas
1014 2826 1076 2864 non

21 2889 196 2950 habentem.
911 2931 914 2936 -

84 2971 214 3032 Deinde
241 2991 369 3048 quaero,
403 2992 488 3050 quern
510 2977 570 3030 iam
596 2975 693 3030 locum
718 2975 796 3030 inter
822 2973 892 3030 deos
917 2972 986 3030 huie
1011 2972 1075 3031 lovi

23 3058 173 3130 tribuant,
203 3059 231 3114 si
257 3055 347 3114 lanus
374 3066 420 3112 est
442 3057 578 3114 mundus.
622 3055 703 3114 Deos
729 3057 807 3114 euim
832 3075 918 3114 veros
946 3057 1074 3112 animam

24 3141 130 3199 mundi
142 3159 182 3197 ac
195 3148 295 3215 partes
310 3142 373 3197 eius
386 3141 443 3196 iste
453 3139 602 3198 definivit:
616 3157 650 3196 ao
659 3159 714 3215 per
726 3137 781 3196 hoc
793 3138 932 3216 quiequid
944 3137 1000 3196 hoc
1013 3157 1074 3196 non

25 3234 82 3298 cst,
112 3243 180 3282 non
207 3232 255 3280 est
276 3225 377 3298 utique
392 3223 637 3280 secundumistos
650 3241 739 3280 verus
754 3222 834 3280 deus.
878 3221 958 3280 Num
982 3223 1074 3302 igitur

26 3307 63 3364 ita
86 3307 205 3364 dicturi
230 3316 304 3363 sunt
322 3303 422 3363 lovem
446 3307 574 3366 animam
597 3305 715 3376 mundi,
742 3313 776 3362 ut
789 3303 878 3372 lanus
902 3306 941 3360 sit
967 3323 1073 3378 corpus

27 3391 104 3462 eius,
128 3391 162 3448 id
177 3399 241 3460 est,
266 3389 325 3446 isto
338 3388 462 3448 visibilis
476 3384 621 3446 mundusl
659 3387 725 3446 Hoc
748 3387 776 3442 si
798 3386 917 3458 dieunt,
943 3404 1003 3444 non
1018 3386 1074 3439 erit

26 3471 279 3546 quemadmodum
298 3471 402 3528 lanum
427 3469 513 3528 deum
538 3471 654 3543 dicant3
681 3469 818 3545 quoniam
842 3467 944 3524 mundi
969 3483 1073 3538 corpus

28 3572 86 3612 non
103 3565 153 3612 est
166 3554 241 3612 deus
254 3556 304 3612 vel
317 3553 480 3610 secundum
493 3555 589 3628 ipsos,
615 3552 668 3614 sed
681 3552 780 3607 anima
793 3549 895 3606 mundi
918 3566 952 3604 ao
974 3555 1073 3620 portes

27 3638 98 3695 cius.
139 3637 228 3696 Vnde
240 3636 321 3696 idem
334 3637 516 3712 apertissime
529 3635 615 3708 dicit,
630 3635 718 3692 deum
733 3650 765 3688 se
777 3631 916 3688 arbitrari
930 3647 995 3686 esse
1006 3631 1074 3716 lani·

27 3737 102 3778 mam
114 3721 238 3794 mnndi,
258 3729 290 3777 et
302 3718 381 3776 hunc
393 3721 491 3795 ipsum
503 3719 642 3776 muudum
657 3735 722 3774 csse
736 3714 836 3771 deum:
864 3711 914 3767 sed
930 3714 1009 3770 sieut
1020 3712 1073 3770 ho·

28 3805 137 3862 minem
162 3806 346 3882 sapientem,
373 3821 437 3859 curn
460 3803 501 3860 sit
523 3820 560 3858 ex
584 3804 681 3860 animo
709 3809 738 3855 et
759 3815 896 3874 corpore,
924 3806 1022 3854 tamen
1038 3815 1074 3853 cx
