2592 4396
252 197 313 250 400
478 187 574 248 DlVl
599 183 782 244 AVREbll
806 183 1057 250 AVGVSTlNl

252 347 399 419 tantisque
417 349 610 416 compactum,
630 337 766 395 hebetare
778 344 863 414 a'tque
876 337 991 396 tardare
1004 358 1065 398 nou
1076 353 1180 417 posset.
1202 345 1264 406 Cum

251 433 344 508 igitur
363 426 574 506 suspicionibus
593 425 653 480 suis
671 423 728 492 ista
745 423 929 497 permittant,
956 442 1009 494 cur
1026 427 1128 483 nolunt
1147 429 1264 502 credere,

253 514 352 570 diviua
369 512 521 568 voluntate
539 517 626 584 atque
642 508 771 582 potentia
789 507 962 564 immortalia
980 526 1102 584 corpora
1113 511 1177 568 fieri
1186 523 1276 588 posse'

250 605 384 666 terrena,
408 595 440 650 in
453 593 554 668 quibus
569 593 682 648 animae
695 592 775 648 nulla
787 588 822 644 ab
837 591 878 646 eis
891 599 984 648 morte
996 603 1161 668 separatae,
1184 601 1266 654 nullis

250 699 352 736 eorum
375 677 512 734 oneribus
536 684 728 754 aggravatae,
755 675 929 748 sempiterne
953 694 986 732 ac
1009 677 1135 736 feliciter
1157 681 1266 754 vivant,

251 763 328 839 quod
347 763 415 818 deos
435 778 503 816 suos
522 777 606 834 posse
621 768 758 816 asserunt
771 759 803 814 in
823 761 970 833 corporeis
983 757 1097 838 igneis,
1123 762 1266 840 lovemque

251 851 344 922 ipsum
364 863 464 924 regem
483 863 583 900 eorum
602 845 634 900 iu
653 844 785 900 omuibus
805 845 951 916 corporeis
972 843 1149 912 eleureutisl¹
1163 847 1266 905 Namsi

249 932 381 1000 animae,
406 937 438 984 ut
451 927 535 984 beata
548 929 600 999 sit,
622 945 725 1000 corpus
740 935 785 982 est
797 946 882 984 omne
896 927 1082 1006 fugiendum,
1108 930 1222 1010 fugiant
1234 933 1265 988 dii

249 1033 352 1070 eorum
366 1012 401 1068 de
415 1012 508 1091 globis
521 1012 662 1084 siderum,
689 1011 785 1090 fugiat
796 1009 904 1087 Iupiter
918 1011 953 1068 de
966 1015 1045 1070 coelo
1064 1022 1093 1069 at
1110 1024 1202 1072 terra:
1225 1028 1265 1074 aut

249 1099 276 1153 si
297 1116 357 1154 non
379 1105 517 1170 possunt,
544 1097 644 1152 miseri
662 1095 835 1152 iudicentur.
879 1093 938 1154 Sed
951 1106 1087 1154 neutrum
1099 1100 1151 1156 isti
1162 1103 1266 1172 volunt,

249 1181 300 1256 qui
313 1199 406 1256 neque
418 1199 435 1236 a
449 1180 615 1256 corporibus
630 1181 842 1255 separationem
861 1173 968 1236 audent
984 1179 1053 1238 dare
1070 1181 1125 1238 diis
1137 1185 1212 1256 suis,
1237 1204 1268 1243 ne

250 1267 316 1320 illos
333 1266 470 1320 mortales
490 1266 586 1321 colere
605 1264 774 1336 videantur3
799 1283 854 1322 uec
870 1263 1059 1344 beatitudinis
1073 1268 1267 1341 privationem,

149 1415 150 1421 ἵ
218 1358 220 1363 ’
250 1367 287 1406 ne
310 1347 442 1405 infelices
467 1367 516 1405 eos
541 1367 605 1405 esse
627 1347 783 1406 fateantur.
826 1347 894 1404 Non
920 1367 990 1428 ergo
1009 1349 1046 1406 acl
1068 1349 1267 1410 beatitudiuem

249 1432 481 1508 consequendam
494 1435 591 1490 omnia
604 1432 743 1510 fugienda
760 1441 829 1489 sunt
842 1448 977 1508 corpora3
1005 1431 1055 1490 sed
1068 1436 1265 1509 corruptibilia,

249 1519 387 1588 molesta,
413 1517 533 1594 gravia,
559 1517 745 1588 moribunda3
772 1535 833 1573 uon
847 1518 943 1592 qualia
955 1516 1025 1573 fecit
1035 1519 1136 1592 primis
1148 1517 1265 1578 hornini-

249 1601 301 1657 bus
314 1601 428 1657 bonitas
442 1599 515 1672 Dei,
542 1599 593 1656 sed
607 1601 702 1675 qualia
716 1619 780 1656 csse
794 1601 930 1676 compulit
941 1603 1170 1677 poenapeccati.

603 1767 724 1825 CAP.
767 1765 924 1826 XVIll.

250 1862 291 1917 De
306 1864 422 1917 terrenis
437 1864 605 1934 corporibus,
624 1881 691 1934 quae
703 1863 856 1934 pbilosopbi
870 1863 1048 1933 affirmantia
1059 1867 1212 1921 coelestibus
1221 1884 1264 1921 ιιιι

282 1951 333 1988 aon
339 1951 434 2004 Ριιιις
452 1935 516 2004 quia
527 1937 598 2005 quod
607 1944 743 1989 terrenum
754 1945 809 2000 ert,
828 1935 951 1988 naturali
961 1937 1078 2006 pondere
1087 1947 1196 1991 vocetur
1205 1941 1238 1990 cst

712 2015 821 2058 terram.

312 2110 372 2170 Sed
384 2103 505 2171 necesse
520 2125 574 2186 est,
588 2115 734 2190 inquiunt,
747 2122 780 2168 ut
792 2122 910 2170 terrena
921 2131 1042 2187 corpora
1055 2117 1190 2172 naturale
1202 2135 1265 2192 pon·

249 2196 302 2252 dus
315 2200 363 2253 vel
375 2200 407 2254 in
421 2208 500 2255 terro
513 2207 628 2268 teneat,
655 2200 701 2254 vel
716 2207 802 2274 cogat
820 2195 866 2252 ad.
880 2205 1001 2255 terram:
1028 2207 1058 2254 et
1069 2198 1136 2268 ideo
1149 2202 1182 2257 in
1196 2204 1266 2258 coelo

250 2297 314 2334 esse
326 2299 386 2336 non
399 2283 520 2354 possint.
555 2279 646 2336 Primi
658 2279 775 2354 quidem
787 2281 832 2336 illi
844 2279 975 2338 homiues
988 2282 1020 2337 in
1032 2291 1113 2338 terra
1126 2295 1212 2341 erant
1223 2304 1266 2341 nc-

203 2395 205 2398 ·
248 2379 365 2418 morosa
386 2373 474 2438 atque
497 2365 661 2434 fructuosa,
688 2381 762 2438 quae
774 2360 910 2436 paradisi
927 2383 1033 2422 nomeu
1055 2366 1200 2426 obtinuit:
1226 2367 1267 2424 sel

248 2445 317 2520 quia
336 2455 366 2502 et
382 2447 419 2503 ad
435 2445 492 2504 hoc
507 2446 739 2523 respondendum
757 2455 815 2518 est,
842 2449 890 2504 vel
906 2457 1023 2523 propter
1041 2447 1151 2508 Christi
1172 2470 1267 2525 corpus

248 2547 314 2586 cum
327 2548 383 2606 quo
398 2531 548 2592 adscendit
565 2533 597 2588 iu
611 2533 738 2603 coelum,
764 2533 812 2587 vel
823 2541 942 2606 propter
955 2542 1121 2590 sanctorum
1134 2538 1268 2610 qualisin

246 2613 466 2672 resurrectione
484 2615 583 2672 futura
602 2625 685 2687 sunt,
711 2617 882 2672 intueantur
894 2617 979 2692 paulo
993 2618 1135 2674 attentius
1148 2620 1270 2694 pondera

246 2699 310 2772 ipsa
323 2708 449 2756 terrena.
492 2698 526 2757 Si
539 2701 616 2756 enim
630 2717 677 2755 ars
690 2697 815 2756 humana
829 2698 931 2772 efficit,
949 2709 982 2756 ut
995 2717 1032 2756 ex
1044 2703 1188 2775 metallis,
1202 2722 1276 2780 quac

245 2783 278 2837 in
292 2784 374 2858 aquis
386 2785 480 2857 posita
493 2785 632 2840 continuo
647 2782 889 2862 submerguntur,
915 2783 1085 2860 quibusdam
1097 2786 1193 2844 modis
1207 2805 1276 2845 vasa*

208 2936 210 2941 Ι
245 2863 388 2920 fabricata
403 2866 491 2921 etiam
504 2875 606 2921 natare
618 2867 748 2940 possint,
775 2877 881 2944 quanto
900 2866 1066 2924 credibilius
1087 2870 1276 2928 etefficaciurt

246 2949 379 3003 occultus
393 2949 497 3022 aliquis
511 2948 614 3004 modus
629 2951 807 3022 operationis
821 2951 899 3022 Dei,
930 2952 1011 3008 cuius
1026 2945 1276 3029 omnipotentissi·l

245 3048 293 3086 ma
305 3031 455 3086 voluntate
467 3029 550 3088 Plato
564 3031 649 3103 dicit,
668 3051 722 3089 noc
736 3044 800 3091 orta
812 3037 949 3106 interire,
973 3054 1027 3092 uec
1040 3039 1176 3116 colligata
1188 3057 1276 3113 posse

246 3113 381 3186 dissolvi,
408 3132 476 3170 auru
499 3117 590 3172 multo
615 3117 775 3174 mirabilius
801 3120 973 3194 incorporea
997 3123 1162 3195 corporeis,
1189 3125 1276 3197 quan}

246 3215 436 3274 quaecuuque
451 3217 590 3275 corporea
603 3201 823 3278 quibuscunque
834 3203 1002 3277 corporibus
1016 3207 1201 3278 copulentur,
1211 3201 1276 3280 pot-l

246 3290 292 3338 est
302 3283 427 3339 molibus
445 3294 593 3358 praestare
611 3287 752 3358 terrenis,
778 3296 811 3342 ut
826 3289 905 3342 nullo
918 3288 951 3343 iu
965 3288 1023 3343 ima
1035 3287 1168 3362 pondere
1182 3289 1276 3364 (lepti-³

244 3375 378 3438 mantur3
405 3369 534 3446 ipsisque
547 3371 652 3427 animis
665 3369 997 3444 perfectissimebeatis,
1023 3381 1057 3428 ut
1070 3375 1207 3448 quamvis
1220 3383 1276 3429 ter-i

244 3468 331 3522 rena,
358 3459 456 3508 tamen
474 3454 704 3530 incorruptibilia
721 3456 779 3510 iam
796 3473 917 3529 corpora
929 3455 979 3511 ubi
990 3457 1094 3513 volunt
1106 3468 1239 3533 ponant,
1259 3455 1276 3528 'l

246 3553 303 3609 quo
319 3536 423 3592 volunt
435 3547 539 3614 agant,
563 3539 621 3594 ritu
634 3547 772 3612 motuque
785 3535 943 3594 facillimol
968 3539 1014 3596 Au
1027 3559 1098 3597 vero
1114 3543 1144 3598 si
1156 3541 1214 3599 boc
1228 3533 1276 3610 saa-l

246 3621 307 3695 geli
320 3617 444 3692 faciant,
454 3629 492 3676 'ut
504 3622 649 3696 quaelibet
662 3622 798 3678 animalia
810 3625 963 3680 terrestria
975 3624 1091 3698 rapiant
1103 3626 1188 3683 unde
1201 3625 1274 3690 libet,

247 3703 487 3779 constituantque
501 3705 552 3761 ubi
570 3705 655 3775 libet,
681 3713 732 3760 aut
752 3725 801 3762 eos
819 3707 883 3762 sine
901 3707 1000 3764 labore
1021 3726 1081 3762 nou
1099 3728 1209 3784 posse,
1233 3725 1265 3762 au

247 3801 340 3840 onera
361 3788 471 3842 sentire
496 3786 670 3854 credendum
694 3785 756 3844 ertl
783 3789 841 3847 Cur
860 3809 931 3870 ergo
952 3801 1118 3849 sanctorum
1131 3793 1265 3868 perlecto

247 3874 276 3922 et
303 3866 402 3924 beatos
425 3869 524 3928 divino
544 3873 806 3948 muneresp'iritus
828 3876 892 3931 sine
915 3877 974 3932 ulla
997 3874 1175 3935 difficultate
1200 3895 1237 3953 po
