2586 4396
225 210 282 268 DE
305 209 522 271 ClVl‘l'hl'E
544 212 622 272 DEI
649 214 729 272 ΗΒ.
751 215 823 273 XV.
1010 225 1048 280 bl

28 386 96 438 rae,
109 384 145 422 ne
158 365 223 439 ipsa
236 365 435 439 propinquitas
451 383 482 419 se
494 368 632 440 paulatim
643 371 833 446 propaginum
847 371 994 429 ordinibus
1007 373 1051 432 dl·

26 455 137 508 rimens
150 449 269 526 longius
283 447 376 504 abiret
386 457 415 502 et
427 450 627 524 propinquitas
641 469 704 506 esse
718 451 888 525 desisteret,
902 471 965 510 earn
977 475 1051 514 non-

27 535 93 591 dum
106 535 196 610 longe
209 533 333 605 positam
345 549 446 587 rursus
460 533 638 590 matrimonii
648 535 765 591 vinculo
776 538 924 615 colligare,
938 547 968 593 et
981 537 1052 612 quo'-

27 619 91 676 dam
103 616 190 673 modo
208 633 347 672 revocare
362 615 531 693 fugientem.
545 615 627 673 Vnde
640 619 698 673 iam
710 620 795 693 pleno
807 618 971 678 hominibus
985 621 1053 678 orbe

27 713 186 771 terrarum,
211 717 272 756 non
286 698 400 775 quidem
413 717 529 756 sorores
543 717 580 756 ex
592 710 674 775 patre
686 704 734 758 vel
746 712 855 775 matre,
878 705 924 760 vel
939 722 978 759 ex
991 723 1051 762 am·

26 786 120 842 bobus
133 785 191 840 suis
204 782 373 859 parentibus
386 792 487 855 natas,
508 784 558 840 sed
571 796 667 842 tamen
680 785 815 842 amabant
830 785 865 843 da
877 805 930 844 suo
943 807 1052 866 genere

27 870 135 926 ducere
146 885 262 924 uxores.
277 865 384 922 Verum
396 867 458 942 quis
469 867 591 940 dubitet,
604 867 753 926 honestius
764 867 819 927 hoc
827 879 956 945 tempore
965 873 1053 928 etiam

28 951 269 1009 consobrinorum
289 948 554 1031 [consobrinarum]
573 951 718 1028 prohibita
731 971 795 1010 esse
810 951 966 1033 coniugial
993 974 1053 1012 non

27 1038 119 1093 solum
132 1034 293 1098 secundum
306 1052 340 1090 ca
353 1052 425 1109 quac
439 1033 665 1111 disputavimus,
691 1047 809 1112 propter
821 1039 1053 1113 multiplicandas

28 1119 198 1190 affinitates,
223 1137 262 1174 ne
286 1116 389 1174 habeat
409 1116 478 1175 duas
497 1119 727 1176 necessitudines
750 1138 809 1176 uns
827 1139 968 1196 persona,
988 1141 1054 1179 cum

28 1205 101 1260 duae
114 1204 230 1278 possint
242 1219 290 1258 cas
304 1201 421 1273 habere,
435 1212 465 1258 ct
478 1221 614 1260 numerus
627 1204 850 1279 propinquitatis
864 1207 979 1283 angeri;
1003 1205 1054 1262 sed

30 1290 116 1344 ctiam
128 1288 195 1362 quia
207 1287 306 1342 nescio
320 1285 460 1360 quomodo
473 1287 552 1342 inest
563 1285 706 1343 hnmanae
715 1287 909 1344 verecundiae
919 1288 1054 1363 quiddam

31 1371 163 1426 naturale
179 1379 265 1446 atque
284 1367 444 1440 laudabile,
468 1380 501 1426 ut
514 1371 561 1426 cui
574 1369 659 1426 debct
672 1387 761 1426 causa
771 1372 993 1446 propinquitatis
1006 1389 1053 1427 re·

29 1452 188 1510 verendum
201 1450 422 1532 [verecundum]
435 1451 586 1524 honorem,
599 1454 634 1510 ab
645 1472 679 1510 ca
688 1455 847 1526 contineat,
861 1455 990 1530 quamvis
1001 1474 1053 1532 ge-

30 1539 217 1608 neratricem,
245 1546 343 1593 tamen
365 1535 528 1609 libidinem,
555 1537 590 1593 de
610 1556 666 1613 qua
684 1538 853 1594 crubescere
876 1539 1005 1594 videmus
1025 1547 1055 1594 ct

29 1624 119 1696 ipsam
131 1621 299 1694 pudicitiam
311 1621 502 1700 coniugalem.
568 1617 571 1624 '

92 1703 242 1778 Copulatio
258 1706 350 1782 igitur
367 1706 456 1761 maris
469 1714 499 1761 ct
512 1705 655 1778 feminae,
679 1715 818 1782 quantum
836 1707 942 1763 attinet
954 1706 990 1762 ad
1003 1725 1054 1785 ge-

29 1807 83 1846 nus
95 1790 270 1859 mortalium,
284 1787 425 1864 quoddam
440 1791 626 1847 seminarium
642 1800 687 1846 est
699 1789 847 1870 Civitatis:
874 1790 925 1846 sed
937 1799 1055 1847 terrena

29 1873 136 1930 Civitas
149 1873 342 1952 generatione
355 1872 563 1945 tantummodo,
577 1876 710 1930 coelestis
721 1884 818 1930 autem
832 1874 918 1931 ctiam
930 1893 1053 1952 regene-

29 1959 140 2014 ratione
154 1975 227 2032 opus
239 1955 341 2028 habet,
355 1965 388 2011 ut
401 1973 508 2012 noxam
521 1959 719 2035 generationis
733 1957 845 2014 evadat.
886 1956 990 2013 Vtrum
1002 1975 1053 2014 au-

29 2051 84 2098 tem
98 2040 216 2116 aliquod
228 2039 328 2110 bresit,
341 2041 388 2096 vel
401 2041 426 2094 si
439 2039 505 2110 fuit,
519 2042 603 2115 quale
616 2040 706 2095 luerit
719 2043 868 2114 corporale
882 2050 968 2114 atque
982 2042 1054 2097 risi·

29 2126 85 2182 bile
102 2125 334 2203 regenerationis
354 2123 471 2201 signum
489 2133 557 2179 ante
576 2123 730 2192 diluvium,
756 2123 832 2178 sicut
848 2121 979 2179 Abrahae
997 2124 1054 2177 cir·

30 2210 156 2266 oumciso
174 2217 275 2284 postea
295 2215 340 2266 est
352 2207 503 2280 imperata,
517 2223 598 2262 sacra
611 2204 733 2262 historia
746 2214 833 2262 tacet.
868 2205 1055 2263 Sacrifioasse

30 2303 127 2348 tamen
140 2290 203 2349 Deo
218 2293 306 2347 etiarn
319 2292 385 2346 illos
399 2291 617 2365 antiquissimos
634 2288 766 2346 homines
784 2307 845 2346 non
863 2298 954 2346 tacet:
980 2289 1056 2364 quod

29 2387 57 2432 ct
75 2378 107 2434 in
126 2375 237 2432 duobus
254 2377 364 2450 primus
386 2372 524 2430 fratribus
547 2375 666 2444 claruit;
693 2382 723 2429 et
741 2372 805 2429 Nos
821 2383 887 2448 post
905 2373 1055 2445 diluvium,

31 2480 117 2536 quum
131 2459 168 2516 de
182 2477 251 2516 arca
264 2457 368 2514 fuisset
380 2475 532 2536 egressus,
558 2455 667 2512 hostias
680 2455 745 2513 Deo
763 2458 870 2533 legitur
883 2459 1055 2512 immolasse.

30 2543 73 2602 De
86 2563 142 2620 qus
157 2562 191 2599 re
204 2545 235 2598 iu
256 2540 496 2617 praecedentibus
514 2541 595 2596 libris
614 2541 670 2594 iarn
689 2538 831 2609 diximus,
854 2557 914 2594 non
928 2538 965 2593 ob
978 2537 1057 2592 aliud

31 2628 184 2684 daemones
197 2635 370 2705 arrogantes
384 2625 440 2680 sibi
452 2622 635 2681 divinitatem
648 2621 773 2695 deosque
793 2639 830 2688 se¹
844 2619 923 2677 credi
937 2622 1056 2694 cupien-

31 2722 74 2767 tes
89 2711 291 2786 sibiexpetere
311 2707 499 2778 sacrificium,
524 2715 553 2762 ct
565 2703 692 2784 gaudere
712 2703 875 2760 huiusmodi
889 2702 1057 2782 honoribus,

30 2796 88 2852 nisi
102 2796 169 2870 quia
180 2811 283 2852 verum
296 2790 469 2878 sacrificium
482 2809 552 2848 vero
566 2789 631 2846 Deo
644 2787 742 2846 deberi
756 2789 860 2845 sciunt.

400 2925 520 2986 CAP.
564 2923 695 2982 XVII.

59 3027 103 3080 De
115 3027 217 3080 duobus
228 3043 262 3079 ex
272 3041 325 3078 uno
332 3025 456 3095 genitore
463 3023 615 3093 procreatis
623 3023 749 3092 patribus
760 3032 840 3094 atque
848 3024 1023 3094 principibus.

88 3135 165 3194 Cum
179 3153 250 3212 ergo
265 3131 445 3188 essetAdam
466 3134 616 3206 utriusque
633 3133 751 3209 generis
771 3143 870 3206 pater,
894 3133 923 3188 id
946 3141 1006 3202 est,
1029 3141 1060 3188 et

29 3222 109 3276 euius
124 3221 217 3275 series
231 3217 269 3273 ad
281 3226 445 3285 terrenam,
470 3223 500 3269 et
513 3216 594 3271 ouius
609 3217 699 3270 series
713 3214 749 3270 od
762 3217 917 3272 coelestem
929 3217 1059 3289 pertinet

29 3303 199 3374 Civitatem3
215 3301 312 3357 occiso
323 3299 411 3367 Abel,
420 3307 507 3373 atque
519 3300 551 3353 in
565 3299 626 3354 cius
640 3297 846 3355 interfectione
859 3299 1058 3356 commendato

28 3387 154 3444 mirabili
168 3391 364 3454 sacramento,
377 3382 448 3438 facti
460 3391 530 3436 sunt
542 3380 598 3437 duo
608 3392 705 3456 patres
716 3381 898 3457 singulorum
908 3398 1058 3458 generum,

29 3469 104 3526 Cain
116 3481 145 3528 at
159 3466 249 3528 Seth:
276 3469 306 3522 in
325 3485 446 3542 quorum
465 3463 548 3535 filiis,
572 3483 642 3540 quos
662 3465 881 3521 commemorari
900 3462 1060 3536 oportebat,

27 3553 151 3612 duarum
164 3556 289 3609 istorum
302 3549 458 3607 civitatum
476 3550 507 3603 in
527 3566 635 3625 genere
654 3548 819 3604 mortalium
839 3545 1000 3602 evidentius
1013 3545 1060 3599 in·

28 3636 105 3694 dicia
120 3640 235 3695 clarore
248 3642 413 3709 coeperunt.
427 3631 500 3689 Cain
511 3633 614 3706 quippe
627 3631 730 3710 genuit
742 3627 854 3700 Enoch,
868 3630 900 3684 in
913 3628 993 3682 cuius
1008 3643 1060 3682 no-

28 3723 110 3778 minc
124 3717 259 3780 condidit
272 3720 431 3788 civitatem,
445 3725 591 3772 terrenam
605 3716 733 3784 scilicet,
757 3729 817 3768 non
829 3712 1064 3790 peregrinantem

27 3805 60 3860 in
73 3804 132 3862 hoc
146 3803 269 3874 mundo,
282 3800 377 3858 sedin
391 3800 455 3856 eius
467 3800 619 3872 temporuli
631 3815 702 3873 pace
712 3815 747 3854 ao
756 3796 899 3852 felicitate
912 3795 1064 3871 quiescen-

31 3898 103 3946 tem.
118 3889 195 3948 Cain
206 3896 304 3944 autem
313 3887 521 3960 intorpretatur
530 3883 688 3956 possessio:
703 3880 781 3939 unde
794 3879 903 3938 dictum
917 3887 960 3936 est
973 3895 1065 3956 quan·
