2586 4396
267 191 332 250 DE
356 189 570 250 crvlrll'u
593 193 675 252 DEI
695 196 777 255 [ΑΒ.
799 199 871 258 Vll.
1041 209 1100 268 1⁹7

40 347 160 416 tolinm3
188 345 232 402 eb
256 361 373 399 summo
397 352 494 399 cutem
517 345 642 402 circuitu
655 348 731 404 cccli
744 348 781 404 ed
795 351 936 410 circulum
948 355 1098 414 luncecc·

39 428 158 485 tbmeae
175 429 302 484 animer
317 436 475 483 erecestre
496 445 530 482 ec
556 429 671 498 stellet,
698 447 748 486 eor
775 434 917 491 coelertce
942 435 1012 494 deoc
1038 459 1098 500 non

36 513 121 569 nodo
137 511 287 588 intelligi
302 526 382 581 cere,
408 509 561 567 sedetiam
580 510 688 569 videri:
714 514 793 570 inter
806 516 894 573 lunce
906 537 977 575 vero
990 539 1098 598 gyrum

36 606 62 651 ct
74 595 268 652 nimborum
282 612 317 650 cc
330 602 484 650 ventorum
497 595 651 654 cacumine
675 600 777 654 cireen
804 617 870 655 erte
895 603 1021 674 enimet,
1047 603 1096 660 ced

34 698 80 736 cco
109 680 248 748 animo,
278 695 341 734 non
361 678 454 733 oculie
467 677 576 750 videri3
604 681 749 736 etvoccri
761 677 881 754 berou,
905 693 935 740 et
947 686 1041 758 lutee,
1068 697 1098 744 et

33 765 157 841 genios.
203 759 295 817 Haec
309 768 355 816 ert
377 760 701 820 videlicetbreviterin
714 765 773 820 itte
787 767 1005 840 praelocutione
1027 787 1096 843 pro-

31 849 130 921 ponite
159 843 328 922 theologie
354 845 511 917 normalis,
538 863 613 921 quoe
627 864 688 904 non
708 845 778 906 buic
792 857 921 922 tuntum,
943 851 996 907 ced
1020 855 1096 910 rnul-

32 931 67 984 tir
79 926 289 1004 philosophie
300 929 427 1001 placuit:
442 927 547 1004 deque
559 938 631 988 tunc
642 929 815 1009 diligentius
826 931 1029 992 disserendum
1039 945 1095 1010 eet,

34 1031 94 1070 cum
112 1012 157 1068 dc
173 1012 285 1083 civili,
312 1019 453 1085 quantum
474 1011 511 1068 ed
533 1012 603 1070 deos
628 1015 755 1073 selectos
781 1018 905 1088 attinet,
932 1019 1095 1093 opitulante

31 1095 92 1154 Deo
107 1115 213 1166 vero,
243 1094 324 1171 quod
341 1103 434 1152 rertct
446 1096 614 1170 implevero.

447 1297 469 1358 C
490 1300 516 1358 A
537 1299 569 1356 Ρ.
614 1299 702 1357 Vll.

44 1413 86 1467 Au
96 1411 285 1466 rationabile
288 1411 394 1484 suerit,
405 1411 502 1466 Iouem
512 1423 540 1466 et
554 1411 711 1501 iserminum
720 1412 750 1468 ic
761 1416 812 1467 due
822 1415 933 1468 numina
943 1415 1075 1482 reparari.

91 1520 196 1577 Ionuc
213 1519 328 1596 igitur,
355 1537 373 1574 o
385 1537 441 1595 quo
455 1519 562 1578 tumuit
574 1519 742 1592 exordium,
761 1537 871 1596 quaero
886 1523 1021 1597 quisnam
1035 1519 1092 1580 riti

29 1602 273 1680 despondetur,
288 1601 416 1660 blundus
430 1614 484 1660 cot.
526 1602 631 1660 Brevin
643 1603 717 1662 hoec
729 1606 816 1680 plene
830 1614 876 1663 eet
887 1615 975 1682 etque
989 1617 1092 1680 operte

29 1688 208 1763 responsio.
257 1684 320 1743 Cur
334 1704 406 1765 crgo
423 1686 460 1743 cd
474 1706 540 1746 eum
553 1686 695 1746 dicuntur
708 1706 807 1746 rerum
820 1689 906 1746 initio
930 1691 1091 1764 pertinere,

29 1770 105 1827 fines
121 1789 208 1828 vero
224 1769 263 1826 cd
277 1771 416 1840 alterum,
441 1789 528 1846 quem
541 1769 715 1828 Tenninum
728 1768 856 1830 vocanti
883 1771 959 1830 Nem
971 1783 1093 1848 propter

29 1856 118 1910 initio
134 1863 170 1910 ct
185 1854 270 1911 finee
283 1853 397 1910 duobut
409 1855 476 1910 ictis
486 1855 542 1912 diic
554 1854 628 1912 duor
639 1873 756 1913 menter
766 1853 921 1930 perbibent
931 1855 1091 1928 dedicator,

29 1947 154 2010 practer
176 1939 252 1994 illoc
266 1937 368 1994 decem
381 1937 485 2012 quibus
498 1957 589 2014 utque
602 1939 639 1996 ed
649 1938 841 1996 Decembrem
854 1948 941 2012 ceput
954 1949 1000 1996 est
1011 1937 1090 1998 Mor-

28 2023 105 2094 tiue;
136 2019 321 2078 Ianuarium
336 2018 425 2091 leno,
450 2020 643 2080 Februarium
656 2015 805 2080 Termino.
850 2021 921 2078 ideo
935 2021 1090 2080 Termine-

29 2106 66 2160 lic
90 2103 215 2162 eodem
238 2122 341 2160 monce
353 2102 514 2161 Februario
539 2105 681 2162 celebrari
707 2105 824 2176 dicunt,
850 2123 916 2160 cum
928 2105 1090 2164 fitoccrum

28 2188 271 2268 purgatorium,
294 2186 371 2262 quod
396 2197 505 2246 vocent
514 2188 538 2247 F
540 2189 679 2261 ebruum3
705 2187 784 2246 unde
795 2189 906 2244 mentis
920 2207 1028 2245 nomen
1041 2208 1090 2244 cc-

28 2275 120 2346 ecpit.
171 2270 330 2347 Numquid
353 2289 425 2350 ergo
447 2272 484 2328 cd
507 2271 663 2345 mundum,
691 2275 742 2349 qui
756 2271 843 2330 [cnut
857 2281 917 2344 ert,
944 2273 1090 2328 initiare-

27 2373 95 2412 rum
108 2356 293 2431 pertinent,
321 2364 351 2410 ct
362 2354 437 2411 finer
449 2373 509 2412 non
521 2357 687 2432 pertinent,
712 2365 748 2412 ut
759 2358 835 2412 clter
847 2357 906 2412 illio
917 2355 988 2412 deuo
1002 2375 1088 2430 pree-

28 2433 208 2496 ficereturt
248 2437 358 2495 Nonne
371 2439 469 2495 omnic
482 2457 557 2514 quoe
571 2441 603 2498 in
617 2438 675 2495 hcc
695 2438 804 2496 mundo
826 2438 893 2494 ficri
914 2439 1029 2508 dicunt,
1057 2441 1088 2496 in

27 2520 83 2579 boc
99 2524 206 2586 etiem
218 2521 329 2578 mundo
343 2523 496 2579 terminari
517 2517 669 2580 interituri
694 2523 775 2588 Quae
790 2530 835 2576 ert
848 2522 905 2578 istc
916 2523 1043 2591 venitus,
1056 2523 1089 2576 in

28 2625 126 2680 opere
141 2607 193 2666 ffli
208 2604 281 2660 dere
292 2613 466 2679 potestatem
480 2603 645 2674 dimidium,
671 2605 703 2658 in
729 2603 885 2658 simulacro
908 2602 1014 2658 facicm
1035 2602 1088 2658 du·

27 2685 136 2766 planti
164 2687 281 2746 Nonne
293 2689 383 2744 ictum
394 2688 554 2744 bifrontem
567 2686 658 2742 multo
673 2686 837 2762 elegantius
856 2685 1088 2758 interpretaren-

27 2785 98 2846 tur,
131 2774 160 2828 ri
173 2771 308 2828 eundem
321 2780 351 2827 ct
362 2769 466 2828 lenum
478 2779 509 2826 et
521 2768 695 2827 Terminum
707 2767 855 2840 dicerent3
881 2777 968 2842 etque
992 2768 1088 2824 initiis

26 2875 131 2914 unum
152 2855 283 2925 faciem,
310 2852 418 2930 finibus
432 2855 555 2911 alterurn
567 2848 690 2910 direnti
716 2852 861 2920 Quoniom
873 2853 925 2928 qui
939 2861 1089 2925 operetur,

28 2951 206 3014 utrumque
229 2936 317 2993 debet
338 2937 501 2994 intendere.
544 2935 580 2994 ln
594 2938 675 2994 omni
689 2937 768 2994 enim
780 2945 862 2992 motu
876 2936 1002 2994 ectionit
1017 2954 1088 2992 suec

28 3027 169 3100 quinon
182 3021 309 3095 respicit
320 3021 456 3092 initium,
484 3039 544 3078 uon
561 3021 702 3095 prospicit
714 3019 813 3076 finem.
856 3017 940 3076 Vnde
966 3038 1087 3076 necesse

29 3117 78 3163 est
108 3126 129 3162 c
154 3105 303 3160 memorie
328 3104 504 3177 respiciente
528 3104 710 3178 prospicient
737 3111 927 3162 connectatur
950 3103 1087 3160 intentio.

27 3190 113 3248 Nom
128 3189 183 3246 eui
198 3187 346 3244 exciderit
356 3185 433 3262 quod
446 3188 590 3262 coeperit,
614 3185 758 3262 quomodo
771 3185 857 3243 finiet
869 3205 930 3242 non
944 3187 1086 3243 inveniet.

28 3273 167 3341 Quodsi
181 3271 277 3326 vitum
289 3270 405 3326 bertum
416 3271 449 3325 in
461 3267 517 3326 boc
540 3267 647 3326 mundo
670 3268 804 3326 inchoari
823 3278 975 3343 putarent,
1003 3277 1088 3324 extre

28 3356 187 3413 mundum
212 3352 333 3428 perfici,
360 3361 390 3408 et
407 3352 474 3408 idco
488 3351 577 3424 leno,
604 3351 635 3409 id
649 3362 695 3408 ert
705 3350 813 3410 mundo
827 3353 920 3406 telum
933 3352 1088 3408 initiorum

28 3441 213 3496 tribuerent
237 3444 426 3510 potestatem
452 3435 584 3510 profecto
608 3436 636 3490 ei
661 3443 878 3510 praeponerent
897 3432 1087 3498 Temnum,

28 3540 166 3596 eumque
182 3537 201 3574 e
215 3517 273 3574 diis
287 3519 405 3574 relectio
418 3534 480 3573 non
493 3520 667 3573 alienarent.
712 3517 883 3589 Quanquam
896 3515 985 3568 etiem
1008 3529 1088 3566 nuuc

27 3625 105 3661 curn
119 3606 155 3659 in
169 3603 238 3658 ictis
261 3600 373 3656 duobur
384 3599 443 3656 diis
456 3601 543 3656 initio
554 3617 655 3656 rerum
666 3597 870 3671 temporalium
880 3595 1012 3668 finesque
1025 3602 1087 3647 trc-

27 3697 178 3758 ceantur,
205 3683 350 3742 Termino
364 3683 428 3740 dari
442 3681 543 3739 debuit
555 3685 620 3757 plut
633 3680 765 3739 bonoria.
808 3675 904 3734 Meior
929 3677 1009 3732 enim
1026 3676 1087 3731 lue-

25 3773 104 3828 titia
119 3777 183 3838 eet,
196 3786 264 3824 cum
276 3785 326 3822 rer
339 3783 472 3842 quaeque
484 3764 649 3840 perficitur:
669 3759 876 3822 sollicitudinis
891 3767 988 3816 cutem
1000 3761 1088 3834 plene

27 3863 110 3910 eunt
125 3861 249 3926 coepte,
279 3849 375 3906 donce
387 3848 586 3926 perducentur
599 3847 636 3904 cd
655 3847 762 3918 finem,
790 3862 876 3920 quem
903 3845 954 3920 qui
979 3841 1089 3918 aliquid
