2538 4392
153 208 207 268 DE
230 211 450 272 ClVl'l'ATE
473 213 553 272 DEI
575 213 655 270 ΗΒ.
678 213 798 275 XVlll
926 225 987 282 225

67 361 104 418 lat
114 359 279 435 Ecclesiam3
292 363 342 420 ubi
353 366 416 440 ipse
427 383 542 442 quoque
553 369 611 424 iam
621 360 719 438 fidem,
733 385 820 442 quam
828 389 981 449 peraeque·

68 485 77 516 ,
100 446 311 522 evangelizans,
338 449 437 523 qualia
449 449 585 521 faciebat,
605 459 650 505 est
662 468 777 524 pessus,
797 454 859 510 sire
871 473 923 529 per
936 455 986 514 Iu-

67 548 87 600 ι,
100 529 156 584 sive
167 548 214 602 per
226 531 299 586 alias
313 541 435 608 gentes,
458 550 632 607 quacunque
646 532 793 590 Christum
805 534 987 594 ferventissi-

67 609 242 668 lraedicabatf
269 612 329 670 Cur
349 633 422 691 ergo
440 617 482 670 eis
502 615 651 673 aNerone
669 615 786 673 videtur
804 619 987 692 ordiendum,

70 694 103 750 ad
114 694 231 752 Neronis
245 704 375 770 tempora
392 700 469 755 inter
481 701 677 756 atrocisssima
690 704 926 774 persecutiones,
953 704 988 758 de

67 797 73 832 a
87 780 164 834 ninsis
176 779 293 856 longum
307 789 352 836 est
364 791 469 838 cuneta
482 782 589 852 dicere,
602 781 735 838 Ecclesia
749 787 907 842 crescendo
919 805 987 861 per·

67 857 99 916 'el
117 860 193 927 Quod
206 865 231 918 si
244 881 261 918 a
274 864 391 940 regibus
405 865 497 921 factas
510 868 729 940 persecutiones
742 867 774 922 in
788 887 909 925 numero
923 871 987 924 exi-

67 953 159 1002 stesso
171 944 288 1016 debere;
314 965 368 1002 rex
382 947 439 1006 fuit
452 946 600 1019 Herodes,
624 950 673 1023 qui
687 951 776 1006 etiam
788 961 855 1025 post
866 951 988 1009 adsccn-

67 1029 156 1084 lomiui
167 1031 367 1106 gravissimam
379 1031 459 1088 fecit.
492 1031 608 1088 Deinde
622 1031 692 1106 quid
709 1035 887 1107 respondent
900 1037 988 1092 ctiam

67 1131 132 1180 ,ano,
144 1130 223 1186 quem
239 1131 299 1170 non
312 1124 469 1172 numerant
482 1117 513 1171 in
527 1111 645 1172 decemf
663 1116 708 1171 An
722 1117 784 1189 ipsc
798 1135 859 1174 non
873 1127 918 1174 est
930 1118 988 1174 Ec-

67 1205 272 1270 npersecutus,
300 1199 349 1272 qui
364 1197 547 1254 Christianos
565 1199 699 1254 liberales
720 1199 821 1254 literas
835 1201 941 1257 docere
954 1219 988 1257 ac

67 1299 75 1334 e
89 1275 194 1335 vetuitf
212 1277 273 1336 Sub
285 1299 343 1354 quo
357 1280 579 1338 Valentinianus
593 1283 697 1353 maior,
712 1283 761 1356 qui
773 1293 840 1356 post
851 1303 916 1340 eum
929 1294 989 1340 ter-

67 1371 188 1436 rperator
199 1361 266 1434 fuit,
279 1362 349 1420 lidei
360 1363 545 1422 Christianae
559 1365 711 1421 confessor
725 1367 854 1437 exstitit,
868 1367 988 1423 militia-

70 1448 160 1522 iuatus
173 1455 224 1502 ost.
238 1445 278 1502 Vt
291 1449 420 1504 omittam
434 1467 507 1524 quae
522 1448 598 1522 apud
610 1446 797 1504 Antiochiam
809 1449 907 1505 faeere
920 1467 989 1504 coe-

68 1530 125 1584 nisi
137 1531 220 1584 unius
233 1528 395 1586 fidelissimi
407 1541 436 1587 ct
450 1533 682 1589 constantissimi
695 1533 829 1605 iuvenis,
853 1534 903 1607 qui
915 1534 990 1588 mul-

67 1634 70 1666 :
84 1621 298 1686 torquerentur,
326 1613 532 1688 apprehensis,
558 1634 611 1689 per
623 1623 719 1670 totum
732 1614 808 1672 diem
820 1617 932 1690 primus
946 1623 991 1672 est

94 1697 169 1750 inter
188 1698 312 1772 ungulas
335 1699 543 1772 cruciatusque
560 1699 711 1772 psallentis
725 1698 890 1756 libertatem
903 1708 990 1773 atque

67 1787 133 1834 stem
145 1779 263 1834 miratus
276 1777 454 1852 horruisset,
482 1783 557 1838 etin
571 1782 695 1837 caeteris
710 1779 870 1839 deformius
885 1781 990 1837 erube-

67 1863 208 1918 :imuisset
243 1861 394 1920 Postremo
413 1874 516 1921 nostra
535 1865 676 1920 memoria
695 1862 802 1920 Valens
829 1863 990 1939 supradicti

67 1946 155 2000 iniani
175 1944 267 2002 frater
289 1947 433 2018 Asianus,
459 1966 560 2004 nonna
583 1965 692 2024 magna
714 1949 923 2020 persecutione
937 1966 989 2022 per

67 2031 88 2084 is
105 2038 202 2102 partes
221 2027 391 2085 catholicam
411 2031 540 2086 vastavit
551 2026 735 2086 Ecclesiamf
771 2031 865 2096 Quale
879 2041 924 2085 est
937 2048 990 2085 au-

67 2130 122 2168 non
136 2111 336 2182 considerare,
362 2111 524 2168 Ecclesiam
539 2131 593 2187 per
605 2120 699 2166 totum
712 2111 852 2168 mundum
867 2111 991 2169 fructifi-

82 2205 169 2270 otque
182 2204 363 2251 crescentem
375 2213 463 2270 posse
482 2196 514 2250 in
533 2194 679 2270 aliquibus
700 2195 839 2272 gentibus
852 2212 991 2269 persecu·

74 2279 136 2352 pati
149 2296 167 2333 a
181 2279 311 2356 regibus,
325 2288 355 2335 et
368 2277 485 2353 quando
499 2279 531 2335 in
544 2279 611 2334 aliis
620 2296 680 2334 non
695 2273 822 2352 patiturl
837 2276 903 2334 Nisi
916 2276 993 2334 forte

68 2363 249 2436 :persecutio
264 2362 471 2437 computanda,
498 2361 615 2438 quando
633 2379 687 2416 rex
702 2359 868 2418 Gothorum
881 2363 913 2418 in
926 2363 991 2435 ipsa

73 2454 247 2519 persecutus
262 2455 307 2500 est
319 2445 502 2502 Christianos
517 2445 690 2502 erudelitate
703 2443 848 2517 mirabili,
872 2463 937 2501 eom
950 2445 992 2499 ibi

68 2537 132 2585 sent
150 2530 211 2585 nisi
231 2527 383 2600 catholici,
405 2547 530 2604 quorum
549 2529 671 2602 plurimi
693 2529 835 2603 martyrio
859 2527 993 2583 coronati

68 2614 138 2668 sicut
151 2631 169 2668 a
182 2611 355 2688 quibusdam
367 2611 524 2685 fratribus,
544 2613 596 2688 qui
608 2621 680 2668 tune
693 2612 755 2666 illio
768 2611 851 2684 pueri
865 2608 992 2678 fuerant,

68 2706 93 2751 &a
105 2695 219 2752 vidisse
232 2697 441 2754 incunctanter
449 2694 693 2766 recordabantur,
708 2688 893 2749 audivimusf
917 2690 994 2758 Quid

68 2775 240 2834 1Pcrsidef
269 2778 376 2836 Nonne
388 2781 430 2835 ita
444 2780 476 2836 in
490 2778 674 2840 Christianos
689 2777 801 2834 ferbuit
812 2776 992 2851 persecutio,

68 2882 95 2918 tn
110 2863 171 2918 iam
185 2858 323 2938 quievit,)
337 2871 370 2918 ut
382 2863 531 2941 fugientes
544 2862 614 2919 inde
627 2861 763 2921 nonnulli
777 2877 871 2939 usque
884 2857 920 2920 ad
931 2856 991 2920 Ro-

69 2944 153 3020 opida
166 2941 376 3020 pervenerintf
390 2945 473 3003 Hace
482 2945 745 3023 atquebuiusmodi
754 2945 826 3004 mihi
837 2948 992 3026 cogitanti,

69 3039 142 3084 etur
163 3047 231 3084 esse
249 3029 432 3088 definiendus
451 3049 589 3088 numerus
610 3031 861 3106 persecutionum,
887 3029 992 3106 quibus

69 3113 78 3166 i
94 3121 217 3186 oportet
229 3111 402 3169 Ecclesiam.
438 3112 497 3172 Sed
510 3133 611 3170 rursus
625 3113 770 3170 affirmare
784 3115 897 3189 aliquas
911 3113 991 3170 futu-

69 3196 172 3272 gibus,
186 3204 304 3270 praeter
319 3197 399 3250 illam
413 3197 612 3267 novissimam,
639 3195 674 3250 dc
687 3215 744 3270 qua
757 3198 857 3252 nullus
870 3196 993 3272 ambigit

71 3297 149 3349 snus,
173 3297 237 3335 non
250 3279 374 3334 minoris
388 3286 435 3333 est
448 3279 630 3334 temeritatis.
665 3277 769 3351 ltaque
781 3276 837 3334 hoe
849 3280 881 3334 in
895 3278 991 3334 medic

69 3380 159 3432 mus,
188 3371 326 3418 neutram
346 3370 460 3434 partem
483 3361 663 3436 quaestionis
684 3358 770 3414 huius
795 3358 991 3428 adstruentes,

69 3454 237 3517 cruentes,
264 3443 315 3500 sed
335 3442 536 3500 tantummodo
554 3443 589 3500 ab
603 3441 765 3499 affirmandi
779 3441 927 3516 quodlibet
939 3439 991 3498 ho.-

69 3529 129 3584 laci
143 3528 367 3604 praesumtione
381 3535 563 3583 revocantes.

336 3677 458 3735 CAP.
501 3677 612 3735 Llll.

128 3774 178 3827 De
194 3773 479 3842 temporcaooa'ssimoe
490 3771 686 3842 persecutionis
702 3771 813 3822 occulto.

70 3887 83 3921 n
102 3883 183 3922 sane
200 3867 389 3922 novissimam
402 3864 651 3939 persecutionem,
677 3879 751 3936 quac
765 3859 800 3916 ab
816 3855 995 3934 Antichristo

682 3945 705 4001 P
