2602 4416
306 173 368 232 DE
394 173 610 232 ClVlTATE
635 175 713 234 DEl
742 179 822 238 LlB.
851 183 891 239 ll.
1085 192 1123 248 53

69 340 257 406 postremum
270 327 382 384 bellum
392 325 640 404 Carthaginiense
654 343 915 391 commemorasset
928 339 1036 416 egisse,
1050 357 1119 398 asu.

70 431 193 489 samque
207 410 303 468 huius
318 411 404 484 boni,
431 429 493 468 non
507 429 637 466 amorem
648 413 797 486 iustitiae,
821 416 873 472 sed
887 427 983 476 stante
997 421 1119 480 Carthe-

68 500 137 576 gine
163 504 285 552 metum
309 496 393 570 pacis
407 493 517 552 infidae
531 495 627 550 fuisse
639 495 780 570 dixisset3
806 499 887 558 unde
904 511 934 558 ιι
948 501 1056 562 Nasica
1069 508 1119 564 ille

67 581 102 637 ad
114 578 344 655 reprimendam
356 579 531 654 nequitiem,
546 579 767 656 servandosque
780 583 854 640 istos
868 603 966 643 mores
981 590 1118 660 optimos,

66 673 98 722 ut
108 672 198 720 metu
211 664 289 720 vitia
306 661 534 734 cohiberentur,
552 660 762 744 Carthaginem
776 667 896 725 uolebat
909 672 1019 727 everti:
1047 655 1118 730 conss

64 751 151 805 tinuc
166 747 303 804 subiecit
315 745 394 803 idem
407 743 588 818 Sallustius,
615 756 645 803 et
658 750 714 805 ait:
741 751 807 820 „At
827 749 991 824 discordia,
1006 761 1036 810 et
1048 772 1118 812 ara-

65 833 184 906 „ritia,
213 838 306 906 atque
331 831 471 902 ambitio,
498 839 528 888 et
541 837 659 888 caetera
672 831 812 889 secundis
826 835 914 892 rebus
934 839 1007 894 oriri
1033 849 1118 895 sueta
1142 861 1143 864 ¹

65 917 191 989 „mala,
217 923 290 990 post
303 911 495 992 Carthaginis
514 913 664 972 excidium
689 917 816 972 maxime
841 927 929 980 aucta
955 930 1034 978 ιιιιιι.
1078 921 1117 978 Vt

64 999 338 1076 „intelligeremus
367 998 457 1054 etiam
482 1007 570 1054 antee
583 1007 613 1055 et
631 1001 705 1056 oriri
719 1001 816 1058 solere
830 1011 861 1058 et
873 1006 986 1081 augeri.
1032 1003 1116 1062 Vnde

64 1083 281 1156 „subnectens
296 1099 351 1138 cur
364 1079 422 1137 hoc
441 1080 568 1155 dixerit,
594 1081 670 1139 Nam
690 1085 835 1157 iniuriae,
859 1087 972 1162 iuquit,
990 1088 1114 1146 validio-

64 1185 179 1240 „rum,
207 1173 239 1222 et
253 1165 290 1222 ob
307 1183 358 1222 eas
372 1163 515 1222 discessio
530 1166 623 1240 plebis
637 1185 654 1222 a
668 1165 822 1239 Patribus,
850 1171 984 1245 aliaeque
999 1171 1114 1230 dissen-

64 1251 195 1324 „siones
210 1248 293 1305 domi
306 1249 393 1306 tuere
406 1251 465 1306 iam
482 1249 551 1306 inde
565 1269 582 1305 a
595 1251 759 1325 principio,
779 1269 876 1325 neque
890 1255 1013 1327 amplius
1028 1273 1116 1328 quam

65 1334 216 1412 „regibus
232 1335 366 1405 exactis,
393 1331 463 1390 dum
487 1341 584 1392 metus
603 1351 620 1388 a
647 1332 814 1408 Tarquinio
835 1343 865 1389 et
889 1335 998 1391 bellum
1024 1355 1115 1414 grave

66 1436 167 1489 „cum
180 1415 308 1473 Etruria
320 1418 452 1490 positum
466 1425 525 1488 cst,
552 1434 648 1492 aequo
668 1425 698 1472 ct
710 1415 843 1472 modesto
857 1419 923 1474 iure
935 1421 1113 1496 agitatum.“

66 1499 160 1556 Vides
175 1499 423 1575 quemadmodum
436 1501 486 1557 illo
501 1502 590 1558 etiam
603 1501 687 1558 brevi
699 1509 846 1577 tempore,
872 1510 907 1558 ut
923 1503 1044 1580 regibus
1060 1521 1113 1558 ex-

67 1585 162 1656 actis,
189 1583 219 1640 id
232 1593 297 1657 ιιι,
325 1579 448 1656 eiectis,
464 1586 650 1660 aliquantum
662 1601 757 1660 aequo
772 1594 802 1641 et
814 1583 948 1642 modesto
961 1587 1027 1642 iure
1041 1606 1112 1665 age-

66 1677 167 1740 retur,
195 1677 310 1724 metum
323 1667 403 1724 dixit
415 1668 509 1724 fluisse
524 1685 661 1739 causam,
689 1669 831 1743 quoniam
849 1669 1036 1727 metuebatur
1049 1672 1111 1727 bel-

66 1753 143 1823 lum,
166 1750 248 1827 quod
260 1769 317 1807 rcx
330 1749 514 1827 Tarquinius
527 1769 621 1828 regno
635 1760 725 1826 atque
736 1749 814 1808 Vrbe
827 1755 948 1827 pulsus,
973 1752 1112 1810 Etruscis

67 1837 198 1892 sociatos
213 1843 320 1891 contra
332 1833 484 1891 Romanos
500 1836 630 1912 gerebat.
667 1833 795 1892 Attende
809 1837 910 1911 itaque
924 1836 994 1911 quid
1007 1835 1112 1894 deinde

66 1927 225 1975 contexat:
253 1959 274 1990 „
283 1917 384 1990 Dein,
398 1917 513 1994 iuquit,
527 1919 630 1974 servili
644 1919 767 1992 imperio
780 1917 884 1974 Patres
898 1921 1013 1992 plebem
1026 1938 1112 1976 exer-

66 2020 180 2075 „cere,
194 2000 231 2057 de
244 2003 307 2058 vita
321 2009 411 2076 atque
424 2009 510 2078 terga
522 2002 607 2079 regio
621 2019 704 2056 more
718 2003 890 2074 consulere,
904 2019 978 2079 agro
991 2003 1113 2076 pellere,

67 2095 124 2158 „et
138 2087 267 2142 caeteris
283 2085 456 2158 expertibus
470 2085 527 2141 soli
540 2087 572 2141 in
586 2085 708 2158 imperio
723 2102 822 2161 agere.
849 2085 964 2150 Quibus
981 2085 1112 2140 saevitiis

68 2180 126 2242 „ct
151 2170 284 2226 maxime
310 2169 435 2226 foenore
449 2185 589 2244 oppressa
601 2168 683 2243 plebs
698 2185 766 2223 cum
778 2165 905 2222 assiduis
919 2167 1004 2223 bellis
1018 2167 1112 2224 tribu-

68 2264 157 2326 „tum
172 2254 265 2308 simul
279 2261 309 2308 et
322 2253 458 2309 militiam
475 2253 631 2323 toleraret,
658 2259 771 2306 armata
783 2259 915 2308 montem
928 2248 1054 2308 Sacrum
1067 2261 1112 2306 at-

68 2355 155 2412 „que
168 2335 352 2394 Aventinum
378 2335 500 2392 insedit:
528 2344 651 2410 tumque
664 2334 800 2391 tribunos
826 2335 919 2410 plebis
940 2344 970 2392 et
983 2335 1042 2391 alia
1056 2335 1113 2390 sibi

67 2422 165 2493 „iura
178 2421 305 2494 paravit.
350 2417 577 2476 Discordiarum
590 2428 620 2474 et
633 2419 803 2474 certaminis
816 2420 958 2493 utrinque
971 2417 1040 2474 finis
1055 2417 1112 2473 init

67 2502 264 2575 „seeundum
289 2503 399 2560 bellum
412 2501 589 2560 Punicum.“
634 2499 739 2558 Cernis
762 2518 801 2555 ex
824 2518 882 2574 quo
909 2509 1055 2574 tempore,
1082 2499 1111 2552 id

67 2598 130 2661 est,
157 2605 248 2662 parvo
263 2587 423 2644 intervallo
440 2595 508 2662 post
520 2603 608 2662 reges
623 2592 761 2653 exactos,
789 2583 891 2655 quales
906 2580 1033 2636 Romani
1046 2579 1111 2634 fue-

66 2675 150 2745 rint,
178 2669 212 2728 de
232 2671 341 2746 quibus
361 2671 416 2725 ait:
443 2667 492 2726 lus
505 2669 676 2739 bonumque
690 2663 767 2736 apud
781 2680 832 2718 eos
846 2680 908 2718 non
920 2663 1037 2739 legibus
1051 2679 1112 2718 ma-

66 2757 120 2834 gis
135 2771 221 2830 quam
239 2763 348 2811 natura
364 2753 488 2810 valebat.

134 2837 226 2894 Porro
238 2839 266 2895 si
279 2839 331 2894 illa
344 2846 476 2910 tempora
488 2836 560 2892 talia
573 2832 781 2906 reperiuntur,
795 2831 902 2907 quibus
915 2826 1113 2904 pulcherrima

67 2933 160 2998 atque
174 2923 286 2996 optima
298 2921 393 2977 fuisse
406 2919 593 2994 praedicatur
606 2915 740 2972 Romana
760 2915 942 2990 respublica3
969 2913 1040 2988 quid
1055 2914 1114 2969 iam

68 3007 106 3062 de
120 3005 320 3079 consequenti
340 3011 437 3059 aetate
451 3001 608 3058 dicendum
632 3007 684 3054 aut
707 2996 899 3075 cogitandum
924 2997 1113 3068 arbitremur,

68 3109 138 3147 cum
164 3089 307 3162 paulatim
332 3095 461 3157 mutata,
488 3093 522 3141 ut
535 3080 668 3140 eiusdem
679 3079 816 3136 historici
841 3080 939 3137 verbis
966 3089 1049 3152 utar,
1077 3097 1114 3134 ex

67 3170 270 3248 pulcherrima
283 3178 373 3245 atque
388 3169 513 3242 optima,
531 3167 658 3242 pessima
671 3183 705 3220 ac
719 3161 953 3242 flagitiosissima
965 3163 1044 3220 facta
1058 3172 1114 3232 ιιι,

66 3265 135 3332 post
146 3251 338 3330 Carthaginis
352 3249 506 3322 videlicet,
521 3259 555 3306 ut
569 3248 821 3317 commemoravit,
837 3242 1004 3302 excidium?
1032 3247 1114 3312 Quae

67 3351 204 3412 tempora
223 3338 287 3410 ipse
301 3334 478 3406 Sallustius,
495 3330 739 3409 quemadmodum
753 3329 882 3386 breviter
895 3331 1007 3386 recolat
1020 3335 1050 3382 et
1063 3325 1114 3380 de·

68 3423 197 3492 scribat,
225 3421 258 3474 in
286 3421 350 3475 eius
377 3416 502 3490 historia
527 3403 588 3494 legi
612 3423 728 3488 potest,
756 3413 874 3486 quantis
891 3413 975 3467 malis
989 3425 1114 3478 morum,

68 3523 145 3580 quac
160 3501 303 3560 secundis
318 3501 407 3558 rebus
422 3507 620 3570 exortamus,
634 3515 730 3572 usque
744 3495 979 3552 adbellaeivilia
994 3491 1114 3545 demon·

69 3597 146 3644 stret
173 3604 241 3643 esse
267 3593 451 3660 perventum.
495 3581 570 3656 „Ex
584 3599 641 3656 quo
654 3589 803 3653 tempore,
830 3587 864 3634 ιιι
888 3577 945 3644 ait,
970 3573 1116 3628 maiorum

68 3689 197 3743 „mores
212 3685 274 3725 nou
289 3669 431 3744 paulatim
444 3675 478 3722 ut
490 3675 594 3736 antea,
621 3663 673 3720 sed
698 3662 841 3717 torrentis
866 3655 952 3712 modo
971 3657 1116 3730 praeeipi-

69 3757 170 3827 ,‚tati,
199 3750 275 3808 adeo
289 3753 431 3808 iuventus
445 3752 519 3806 luxu
534 3758 622 3822 atquc
636 3745 762 3802 avaritia
777 3749 933 3814 corrupta,
959 3748 993 3795 ut
1012 3740 1118 3794 merito

70 3838 218 3913 „dicetur
245 3837 363 3912 genitos
391 3851 456 3888 esse
501 3833 552 3909 qui
576 3847 672 3904 neque
685 3827 743 3902 ipsi
755 3823 863 3880 habere
878 3832 999 3896 possent
1013 3840 1060 3876 res
1074 3821 1118 3875 fa-
