2538 4392
209 243 267 300 no
388 241 393 264 =
437 228 535 290 nrvr
559 223 749 286 ινιιιιιι
775 191 1026 282 ιιιιινέιιιιι

208 411 277 450 men
290 390 447 462 aeoiperet,
462 392 496 440 ut
507 400 546 438 ne
557 381 622 456 quia
632 375 852 436 eaadtheuaeas
866 382 1007 432 voearet·
1019 371 1133 431 ltailia
1147 376 1242 433 eivitas

209 483 303 534 mater
320 491 355 528 ae
374 469 479 526 nutrix
498 465 664 526 libera'iium
681 461 900 530 doctrinarum,
926 465 956 512 et
973 465 1018 512 tot
1041 465 1243 535 tantorumque

208 552 462 634 philosophorum,
476 566 533 624 qua
546 545 620 604 nihil
632 545 734 603 hebuit
746 542 872 600 Graeeia
883 541 993 597 elarius
1007 549 1095 616 atque
1111 542 1243 612 nobilior,

206 636 429 698 ludificantibus
443 630 634 689 daemonibus
648 628 684 684 de
696 629 750 685 lite
763 627 884 682 deorum
897 641 1032 693 auorum,
1056 627 1158 681 maria·
1167 635 1196 682 et
1206 627 1242 682 sa-

207 725 322 792 minae,
350 728 381 777 et
393 717 429 774 de
441 715 566 773 victoria
585 730 638 786 per
653 713 776 768 deminae
791 709 918 766 feminae
931 705 1060 762 Athenas
1075 727 1187 766 nomen
1199 727 1242 766 aa·

209 808 300 883 oepit:
321 811 351 860 et
363 820 381 858 a
394 801 474 858 vieto
488 799 568 854 laeta
580 797 673 871 ipaaru
687 793 820 852 victricia
830 791 987 848 victoriam
998 791 1107 864 punire
1120 795 1242 868 eompui·

209 909 242 946 aa
262 897 321 957 eat,
347 886 412 959 plut
434 897 525 956 aquea
544 877 677 953 Neptuni
700 895 786 952 quarn
799 874 950 932 Minervae
972 888 1065 929 annua>
1078 873 1241 932 formidant

210 971 285 1030 Nam
299 971 330 1026 iu
344 965 513 1024 mulieribus
527 981 603 1038 quaa
614 963 658 1018 aio
675 961 797 1036 punitae
816 967 901 1030 aunt,
924 966 954 1013 et
966 955 1103 1014 Minerva
1115 977 1191 1033 quae
1204 961 1243 1014 vi-

210 1062 301 1123 cerat,
315 1052 395 1108 vieta
407 1058 463 1119 eat,
476 1065 532 1104 nee
541 1045 638 1107 adfuit
647 1041 897 1121 suffragata-itibus
910 1040 983 1112 ιιιίι,
997 1050 1030 1096 ut
1041 1037 1245 1120 suffragiorum

208 1135 348 1208 deinceps
360 1131 474 1206 perdite
492 1137 656 1205 potestate,
683 1137 713 1184 et
730 1125 865 1182 alienatio
884 1123 955 1180 filiia
966 1142 984 1179 a
996 1124 1166 1180 nominibus
1187 1143 1247 1182 raa·

211 1229 305 1288 trum,
325 1214 496 1274 Athenaeus
512 1211 727 1270 raitemnoeari
737 1211 861 1278 lieeret,
870 1216 900 1263 et
911 1207 975 1263 eiua
989 1205 1065 1262 deae
1078 1209 1188 1264 mereri
1201 1227 1246 1264 ro-

213 1301 362 1372 tabulum,
387 1316 474 1374 quam
486 1298 544 1354 viri
562 1295 610 1352 dei
621 1295 776 1354 victrieem
788 1290 921 1348 fecerant
932 1289 1054 1346 ferendo
1069 1288 1246 1369 suffragium.

213 1383 272 1460 [De
286 1402 342 1461 quo
358 1383 430 1438 tatia
443 1375 575 1456 apparet]
598 1380 680 1447 Quae
693 1387 725 1434 et
736 1383 847 1452 quauta
866 1372 937 1432 hino
954 1371 1012 1430 diei
1029 1384 1170 1449 portent,
1196 1375 1246 1432 nisi

203 1485 308 1526 ¹aerato
322 1465 358 1524 ad
371 1467 430 1524 aliu
441 1459 628 1540 properaret?

215 1755 218 1762 .
234 1747 236 1752 .
247 1713 321 1779 Quid
331 1710 420 1770 Varro
430 1711 526 1768 tradat
536 1713 567 1766 de
576 1709 775 1832 nomupemtipnf
786 1708 936 1780 Ardopapi,
953 1717 981 1762 et
987 1709 1024 1762 >de
1032 1708 1139 1764 ddooio
1150 1707 1219 1762 Dea-

604 1787 609 1797 ’
668 1795 700 1832 ca
738 1795 788 1832 nat.

242 1951 244 1957 k
284 1890 422 1947 Attamen
442 1887 560 1947 Meroua
583 1884 677 1944 Varro
699 1903 762 1943 nou
779 1887 845 1943 ruit
862 1883 1000 1942 iuiuioaie
1020 1883 1170 1944 advertar
1189 1885 1246 1942 deor

211 1973 299 2034 fidem
313 1971 452 2031 adhibere
464 1971 630 2050 figmentis,
655 1988 693 2027 ne
707 1969 743 2026 de
754 1970 916 2026 maiestatis
930 1985 1032 2025 eorum
1045 1968 1198 2047 dignitate
1211 1974 1247 2025 io-

211 2058 334 2137 dignun
347 2055 458 2132 aliquid
471 2055 590 2112 sentiat.
611 2051 652 2111 Et
664 2052 742 2128 ideo,
756 2071 812 2109 noe
824 2052 1010 2130 Areopagon,
1023 2052 1074 2108 ubi
1088 2069 1159 2110 eum
1168 2051 1247 2110 Athe·

212 2141 363 2200 nienaibua
376 2139 485 2198 Paulus
499 2137 653 2213 Apostolua
669 2136 838 2211 disputavit,
856 2153 894 2192 ex
906 2153 963 2211 puo
975 2136 1041 2192 loeo
1054 2135 1247 2215 Areopagitae

212 2225 349 2302 appellati
371 2233 443 2280 aunt
464 2223 589 2279 ourialeo
609 2220 690 2277 urbia
704 2219 852 2291 eiusdem,
878 2221 944 2277 vult
955 2218 1023 2276 iude
1036 2223 1192 2294 accepisse
1204 2239 1247 2276 no·

211 2327 289 2380 men,
303 2305 380 2382 quod
392 2305 484 2377 Mars,
497 2305 547 2380 qui
562 2297 762 2381 Graeoempg
775 2303 899 2375 dieitur,
922 2319 1013 2377 quum
1025 2300 1185 2361 homicidii
1197 2305 1246 2361 eri·

211 2392 292 2450 mine
303 2405 373 2445 reue
386 2388 489 2460 tieret,
514 2385 713 2448 iudicantibus
726 2385 878 2447 duodaeim
901 2385 957 2443 diia
974 2386 1006 2444 iu
1021 2404 1056 2442 eo
1075 2405 1176 2465 pago,
1203 2404 1247 2443 aex

211 2473 368 2532 senteutiia
382 2472 530 2530 absolutor
545 2479 605 2543 eot3
624 2471 693 2546 quie
709 2470 760 2528 ubi
779 2471 858 2545 paria
871 2470 985 2527 numeri
996 2472 1169 2528 tententiae
1183 2471 1248 2528 tiria-

209 2566 289 2631 aent,
301 2557 445 2633 praeponi
456 2555 602 2614 absolutio
616 2553 798 2611 motioni
811 2553 931 2610 solebat.
964 2550 1022 2610 Sed
1036 2561 1145 2610 eontra
1157 2555 1249 2622 iatam,

211 2659 287 2717 quae
299 2641 392 2698 multo
406 2647 451 2696 eat
464 2639 590 2712 ampliua
604 2636 768 2708 celebrata,
792 2637 970 2712 opinionem,
985 2637 1090 2708 aliam,
1105 2638 1250 2712 quandum

211 2725 248 2781 de
261 2724 451 2782 obscurarum
464 2721 572 2778 notitia
584 2721 738 2779 literarum
751 2735 870 2776 eausam
881 2720 1009 2776 nominia
1021 2717 1113 2776 huius
1128 2731 1251 2779 conatur

211 2807 375 2876 adstruere,
389 2823 427 2862 ue
439 2805 615 2882 Areopagon
627 2800 821 2860 Athenienses
835 2801 871 2858 de
885 2804 1002 2860 nomine
1012 2801 1119 2860 Martia
1133 2813 1166 2860 et
1175 2805 1250 2883 pagi,

210 2892 297 2966 quati
309 2888 414 2946 Martio
427 2905 535 2966 pagum
548 2889 716 2944 nominatae
730 2884 902 2958 credentum
913 2888 948 2944 in
960 2887 1101 2944 iniuriam
1114 2887 1251 2945 videlieet

210 2974 377 3042 numinum,
390 2989 408 3026 a
421 2971 523 3046 quibua
535 2971 634 3048 litigia
645 2971 693 3026 vel
706 2969 816 3028 iudicia
828 2971 979 3026 existimat
989 2970 1102 3027 aliena:
1122 2989 1185 3030 non
1198 2973 1250 3028 mi-

211 3073 274 3112 uus.
282 3053 354 3125 hoe,
368 3053 449 3130 quod
459 3054 495 3112 de
507 3051 603 3112 Marte
615 3051 740 3124 dieitur,
750 3053 864 3110 ,falam
877 3071 942 3112 eoae
955 3071 1148 3128 uuereraaa,
1167 3073 1250 3132 quatu

210 3137 283 3196 iilud
296 3137 373 3214 quod
386 3137 422 3194 de
434 3138 529 3196 tribua
544 3135 665 3206 deabus,
683 3134 798 3195 lunone
811 3138 934 3208 ooilioet,
948 3147 979 3194 et
990 3136 1140 3209 Minerva,
1155 3149 1187 3195 et
1200 3137 1250 3192 i‘e·

210 3231 292 3296 uere,
316 3239 389 3298 quae
402 3240 455 3296 pro
467 3221 544 3278 malo
557 3237 646 3276 aureo
659 3218 864 3295 adipiaoeado,
888 3220 964 3297 apud
975 3219 1102 3277 iudicem
1115 3221 1249 3278 Paridem

209 3305 246 3362 de
258 3303 483 3381 pulohritudinia
498 3305 676 3360 extollentia
689 3312 819 3362 oenone
831 3313 1004 3375 narrantur3
1030 3313 1060 3360 et
1075 3304 1114 3361 ad
1133 3307 1250 3381 placau-

209 3389 262 3446 dea
274 3389 353 3446 ludia
367 3387 455 3459 deon,
470 3388 522 3464 qui
532 3386 718 3448 delectentur
732 3405 785 3445 teu
797 3390 894 3461 verit,
908 3407 960 3445 reu
974 3387 1057 3444 falaia
1070 3389 1141 3445 ittia
1155 3389 1251 3446 erini-

210 3472 296 3529 nibua
310 3472 389 3542 auia,
403 3471 483 3529 iuter
495 3469 656 3529 theatrico·
669 3473 788 3547 piantur
802 3481 970 3543 eentaanrr,
988 3478 1078 3545 atque
1092 3473 1250 3529 enitantur.

209 3554 293 3612 Haeo
306 3553 404 3612 Varro.
413 3571 474 3612 non
488 3554 597 3626 eredit,
611 3572 649 3611 ue
662 3555 782 3612 deorum
795 3561 929 3627 naturae,
941 3573 994 3611 aeu
1006 3554 1141 3612 moritur
1154 3554 1251 3613 eredat

209 3635 1089 3778 attint‘⁸¹³⁰tot⁰tid”¹⁰·²ta:t⁶d¹·i⁰¹³?⁸t
1097 3639 1250 3778 diffiido

456 3739 528 3778 voca
579 3739 597 3778 o
688 3739 741 3778 ena
986 3738 1036 3776 ιιιιι
1145 3739 1184 3778 ne

207 3803 291 3858 litem
305 3777 367 3857 auia
380 3803 474 3858 literia
489 3805 611 3872 interit,
625 3802 663 3858 de
674 3761 757 3862 ouiur’t
772 3805 894 3861 nomine
902 3740 1002 3879 pondus
1013 3803 1065 3860 iiia
1076 3803 1188 3862 civitat
1200 3819 1249 3858 ιο·

207 3891 340 3954 oaaetur,
358 3893 392 3939 ut
404 3903 472 3942 eum
483 3886 689 3964 prodigiorum
701 3888 901 3946 attentatione
914 3884 1148 3960 oonteudereat,
1175 3889 1250 3944 inter
