2586 4396
213 204 270 259 tto
438 196 540 256 DIVI
567 193 755 255 AVRELll
780 191 1039 250 AvnvsT1N1

210 372 271 410 non
283 351 423 409 habeant:
441 359 472 408 et
483 369 536 426 per
550 367 584 406 ca
596 349 673 405 bona
685 363 799 402 ntorum
811 346 948 402 nituntur
961 344 998 400 ad
1011 343 1134 422 gloriam
1148 354 1179 401 ιι
1193 347 1257 403 im·

209 439 319 514 perium
342 437 391 491 vel
409 435 652 501 dominationem,
678 428 713 484 de
734 429 838 504 quibus
857 430 899 485 ait
921 427 1091 499 Sallustius,
1116 425 1177 484 Sed
1199 431 1259 486 ille

208 539 279 577 vera
291 520 340 576 via
359 519 474 575 nititur.
501 516 640 590 Quisquis
659 522 756 568 autem
773 513 839 568 sine
859 511 1016 588 cupiditate
1035 511 1165 588 gloriae,
1193 530 1259 587 qna

210 612 331 660 veretur
344 601 431 658 homo
443 602 518 657 benc
530 595 728 654 iudicantibus
742 594 908 670 displicere,
926 595 1074 651 dominari
1088 604 1177 669 atque
1193 597 1257 651 im-

209 705 313 762 perare
328 684 485 754 desiderat,
500 683 590 738 etiam
603 699 655 756 per
669 681 853 753 apertissima
866 680 978 736 scelera
992 679 1107 754 quaerit
1117 679 1258 752 plerum-

210 789 266 846 que
279 770 413 825 obtinere
426 765 503 842 quod
517 766 623 842 diligit.
646 763 774 820 Proinde
787 763 837 837 qui
850 756 976 840 gloriam
990 761 1184 836 concupiscit,
1199 773 1259 818 aut

209 870 280 909 vera
292 853 341 908 ria
352 851 466 922 nititur,
480 858 531 906 aut
541 856 624 905 certe
638 848 711 904 dolis
725 855 812 922 atquc
826 846 949 902 fallaciis
964 844 1128 916 contendit,
1143 847 1257 902 volens

210 935 305 990 bontas
319 933 429 1005 videri,
457 932 535 1008 quod
553 950 615 988 non
636 939 689 988 est.
716 929 758 986 Et
775 928 841 985 idco
860 930 986 986 virtutes
1005 927 1126 986 habenti
1139 947 1257 1006 magna

210 1017 303 1074 virtut
318 1026 364 1072 est
376 1025 564 1074 contemnere
578 1017 718 1094 gloriam3
737 1013 806 1089 quia
819 1021 986 1069 contemtus
998 1013 1062 1068 eius
1076 1013 1108 1069 in
1123 1031 1256 1086 eonspe-

210 1109 260 1156 ctu
270 1099 329 1156 Dei
339 1109 395 1172 ιιι,
409 1099 517 1156 iudicio
531 1108 628 1156 autem
640 1116 702 1155 non
714 1097 844 1171 aperitur
857 1095 995 1153 humano.
1009 1095 1154 1170 Quicquid
1168 1097 1256 1151 enim

142 1237 145 1244 ,
209 1183 315 1238 fecerit
327 1183 364 1238 ed
377 1185 476 1238 oculos
489 1181 651 1253 hominum,
671 1199 729 1257 quo
743 1181 857 1256 gloriae
872 1187 1036 1236 contemtor
1050 1187 1199 1253 appareat,
1213 1179 1257 1234 ad

209 1267 350 1322 maiorem
362 1266 493 1337 laudem,
511 1264 567 1322 hoc
581 1274 636 1336 ιιι,
653 1262 689 1320 ad
702 1264 842 1320 maiorem
856 1264 981 1341 gloriam
993 1262 1092 1318 facere
1105 1263 1131 1317 si
1145 1261 1255 1317 creda-

208 1357 272 1420 tur,
300 1367 361 1406 non
375 1358 420 1406 est
432 1349 510 1406 unde
524 1368 557 1404 sc
570 1349 784 1422 suspicantium
798 1348 933 1404 senssibu
949 1348 1035 1403 aliter
1055 1363 1135 1416 esse,
1161 1363 1256 1420 quam

208 1433 413 1506 suspicantur,
440 1432 584 1489 ostendat.
611 1430 671 1488 Sed
688 1431 739 1506 qui
758 1431 919 1488 coutemnit
931 1428 1042 1486 iudicia
1055 1427 1254 1500 laudantium,

208 1517 371 1571 contemnit
383 1517 473 1572 etiam
486 1516 698 1590 auspicantium
710 1515 921 1586 temeritatem:
948 1530 1075 1586 quorum
1087 1520 1202 1583 tamen,
1224 1515 1255 1568 si

207 1614 278 1653 vere
292 1598 462 1666 bonusest,
476 1616 539 1654 non
553 1597 716 1653 contemnit
729 1598 869 1668 salutem3
895 1597 1036 1671 quoniam
1048 1603 1148 1651 tantae
1161 1595 1254 1650 iusti-

208 1681 267 1736 tiae
282 1689 327 1750 ιιι
340 1682 390 1757 qui
402 1680 438 1736 de
450 1679 562 1754 Spiritu
575 1679 634 1748 Dei
646 1679 771 1736 virtutes
784 1676 882 1750 habet,
903 1689 936 1736 ut
949 1681 1037 1736 etiam
1049 1679 1129 1752 ipsos
1143 1677 1256 1755 diligat

208 1763 361 1836 inimicos3
380 1772 410 1818 et
422 1765 464 1819 ita
475 1763 590 1842 diligat,
604 1772 636 1820 ut
647 1780 714 1819 suos
725 1780 825 1820 osores
839 1765 887 1820 vcl
901 1761 1082 1842 detractores
1095 1763 1168 1818 velit
1182 1781 1254 1818 cor-

207 1854 306 1902 rectos
319 1844 427 1902 habere
442 1856 610 1919 consortcs;
624 1865 686 1904 non
699 1847 731 1902 in
745 1855 864 1902 terrena
876 1847 982 1921 patria,
997 1845 1049 1902 sed
1062 1862 1203 1920 superne:
1216 1847 1255 1903 in

208 1928 408 1986 laudatoribus
419 1939 518 1987 antem
531 1933 605 2003 suis,
616 1931 747 2006 quamvis
757 1929 950 2004 parvipendat
958 1928 1110 2006 quodcum
1115 1927 1254 2000 laudant,

209 2030 268 2068 non
276 2021 374 2070 temen
378 2014 575 2089 parvipendit,
589 2013 666 2089 quod
676 2021 863 2084 eumamant3
878 2014 1062 2070 nec'eosvult
1073 2012 1175 2068 fallere
1184 2013 1253 2068 lau-

208 2094 324 2168 dantes,
343 2116 380 2153 ne
395 2097 522 2172 decipiat
536 2098 709 2175 diligentes:
736 2097 860 2172 ideoque
873 2099 965 2152 instat
978 2095 1126 2167 ardenter,
1149 2104 1183 2150 ut
1194 2113 1253 2170 po-

208 2179 266 2233 tius
281 2181 332 2234 ille
343 2179 491 2250 laudetur,
517 2199 535 2236 a
549 2199 608 2254 quo
624 2179 711 2238 habet
722 2178 809 2235 homo
823 2180 961 2255 quicquid
975 2181 1007 2236 in
1021 2199 1055 2236 eo
1068 2181 1132 2234 iurc
1145 2177 1253 2235 lauda-

208 2269 265 2315 tur.
292 2263 350 2326 Qui
363 2271 460 2319 antem
474 2272 640 2320 contemtor
651 2264 775 2340 gloriae,
789 2262 998 2320 dominationis
1012 2261 1183 2332 astaudus,
1196 2260 1253 2317 be-

209 2344 280 2398 stias
295 2353 425 2418 superat,
440 2347 502 2401 sive
517 2346 698 2402 crudelitatis
712 2347 806 2417 vitiis,
830 2347 893 2403 sive
906 2347 1051 2403 luxuriae.
1079 2343 1165 2400 Tales
1180 2347 1253 2420 qui-

208 2425 275 2480 dam
288 2424 414 2484 Romani
428 2429 557 2485 fuerunt.
571 2429 639 2485 Non
653 2430 732 2485 enim
744 2447 814 2486 cura
829 2431 1059 2486 existimationis
1073 2429 1180 2484 amissa
1195 2427 1252 2485 do-

208 2510 380 2567 minationis
393 2511 554 2586 eupiditate
568 2521 744 2570 caruerunt:
768 2515 874 2570 multos
888 2515 961 2570 tales
975 2513 1078 2586 fuisse,
1091 2510 1190 2587 prodit
1201 2510 1252 2568 hi-

208 2595 309 2650 storia.
336 2593 396 2650 Sed
409 2594 496 2653 huius
508 2597 577 2654 vitii
595 2595 807 2668 summitatem,
836 2607 866 2652 et
882 2599 967 2671 quasi
987 2615 1084 2654 arcem
1102 2595 1254 2672 quendam

208 2675 287 2732 Nero
303 2676 411 2734 Caesar
423 2683 534 2753 primus
550 2681 695 2751 obtinuit3
721 2681 806 2736 cuius
820 2680 876 2735 luit
887 2689 971 2737 tanta
983 2681 1133 2751 luxuries,
1151 2687 1185 2734 ut
1199 2682 1251 2736 ni-

206 2757 249 2814 hil
262 2760 298 2816 ab
313 2779 347 2816 co
360 2771 514 2835 putaretur
527 2763 614 2817 virile
627 2760 831 2834 metuendum3
849 2771 930 2818 tanta
943 2762 1112 2834 crudelitas,
1127 2771 1160 2818 ut
1173 2761 1254 2820 nihil

207 2844 295 2897 molle
307 2841 415 2898 habere
429 2843 611 2914 crederetur,
626 2845 653 2899 si
666 2845 840 2900 nesciretur.
854 2844 952 2902 Etiam
965 2846 1070 2902 talibus
1081 2855 1179 2902 tamen
1194 2844 1252 2902 do-

207 2923 340 2979 minandi
351 2933 481 2998 potestas
495 2944 556 2980 non
570 2925 656 2982 detur
670 2928 730 2982 nisi
744 2931 850 2985 summi
862 2928 920 2984 Dei
932 2929 1127 3004 providentia,
1152 2946 1252 3004 quan-

207 3006 243 3062 do
257 3025 305 3062 res
320 3005 462 3064 humanas
477 3008 586 3066 iudicat
598 3011 705 3066 talibus
724 3010 849 3068 dominis
868 3011 983 3091 dignas.
1008 3013 1117 3090 Aperta
1135 3013 1170 3068 dc
1191 3010 1252 3070 hae

206 3107 239 3144 re
265 3107 326 3146 vox
352 3088 452 3148 divina
476 3101 531 3164 est,
558 3095 697 3170 loquente
710 3093 768 3150 Dei
782 3098 940 3169 sapientia:
967 3093 1026 3153 Per
1039 3111 1182 3172 moroges
1196 3115 1251 3153 re-

205 3183 313 3248 gnant,
334 3185 364 3231 ct
379 3177 505 3250 tyranni
516 3193 577 3253 per·
596 3197 640 3234 me
659 3188 761 3235 tenent
774 3189 896 3235 terrem.
924 3177 984 3235 Sed
996 3198 1035 3234 ne
1050 3179 1170 3254 tyranni
1185 3198 1252 3237 nou

205 3257 326 3329 pessimi
339 3267 427 3335 atque
439 3261 564 3335 improbi
576 3280 674 3340 reges,
689 3261 740 3316 sed
750 3270 850 3318 vetere
860 3263 981 3318 nourine
991 3262 1082 3319 fortes
1096 3261 1167 3317 dicti
1181 3265 1252 3318 exi-

206 3341 373 3414 stimentur,
387 3343 466 3399 unde
480 3345 522 3400 ait
534 3343 691 3422 Virgilius:

289 3422 361 3481 Pers
376 3425 448 3482 mihi
460 3428 541 3500 pacis
556 3430 613 3482 erit
625 3427 759 3482 dextram
772 3429 909 3506 tetigisse
922 3431 1059 3505 tyranni:
1216 3485 1221 3492 .

205 3508 387 3581 apertissime
402 3511 459 3566 alio
474 3512 538 3567 loco
553 3509 589 3565 de
602 3509 667 3566 Deo
683 3509 866 3584 dictumest,
884 3510 944 3581 Qut
956 3511 1181 3589 regncrefect't
1193 3511 1251 3571 ho-

204 3593 309 3647 minem
323 3591 508 3669 hypocritam
515 3603 645 3670 propter
652 3596 890 3669 perversitatem
896 3597 1014 3673 populi.
1040 3594 1252 3671 Quamobrem,

205 3676 349 3747 quamvis,
363 3683 396 3730 ut
407 3676 500 3749 potui,
515 3676 586 3730 satis
602 3676 790 3747 exposuerim
804 3695 862 3753 qua
873 3695 963 3734 cauea
972 3677 1055 3735 Deus
1069 3695 1145 3734 unus
1157 3697 1252 3736 verus

205 3765 234 3810 ct
247 3759 342 3812 iustus
357 3755 507 3813 Romanos
522 3757 681 3814 secundum
694 3758 839 3831 quandam
851 3760 976 3818 formam
990 3771 1127 3818 terrenae
1140 3762 1252 3820 cirita-

203 3840 242 3894 tis
256 3837 348 3894 bonos
360 3838 506 3894 adiuverit
519 3839 555 3896 ad
568 3841 644 3896 tanti
656 3841 770 3914 imperii
781 3844 907 3920 gloriam
916 3843 1165 3921 consequendam:
1179 3856 1251 3922 pot-
