2592 4396
262 207 321 264 DE
346 207 558 268 ClVl'l'A'l'E
581 209 660 270 DEl
679 213 758 272 LlB.
780 216 859 276 Xll.
1017 227 1077 282 373

42 359 226 431 humanum,
240 378 286 415 nro
299 359 391 416 fateor
404 361 554 438 ignorare:
577 381 637 422 non
650 373 748 423 tamen
762 365 859 425 dubito
872 371 946 430 nihil
959 377 1076 434 omnino

44 453 206 501 creaturae
232 442 363 500 Creatori
389 463 452 500 csse
478 456 670 504 coaeternum.
713 448 796 506 Dicit
818 455 906 511 etiarn
924 457 1077 532 Apostolus

42 539 182 602 tempora
194 536 326 599 aeterna,
340 545 393 583 nee
407 547 442 584 ea
454 528 563 601 flatura,
577 530 638 603 sed,
652 532 728 608 quod
740 537 834 613 magis
850 548 894 594 est
905 541 1078 613 mirandum,

39 612 218 688 praeterita.
261 609 311 668 Sic
324 612 469 668 enimait:
494 609 531 669 In
544 630 624 691 spem
636 617 718 674 citae
728 627 885 692 aeternae,
911 642 997 701 quam
1002 643 1078 703 pre-

39 698 128 752 misit
140 713 201 752 non
219 695 345 753 mendac
357 693 440 754 Deus
460 707 530 754 ante
551 707 683 776 tempora
705 712 846 778 aetam,-
869 707 1079 778 manifestavit

40 790 145 836 autent
160 777 341 857 temporibua
355 781 418 836 auis
435 777 556 837 Verbum
569 798 660 838 cuum.
702 782 780 842 Ecce
801 785 877 844 dixit
900 799 980 846 retro
999 792 1077 868 quod

40 862 157 918 liserint
181 872 313 936 tempora
334 871 468 934 aeterna,
495 881 567 939 quae
588 872 685 924 tamen
707 887 767 925 non
788 870 899 930 fuerint
911 872 976 931 Deo
991 893 1076 932 coae-

39 957 139 1002 terna.
163 945 328 1021 Siquidem
339 947 389 1002 ille
402 955 471 1003 ante
483 955 613 1023 tempore
625 959 746 1009 aeterna
759 971 818 1011 non
830 958 924 1014 solum
937 967 1011 1031 erat,
1025 978 1076 1016 ve-

38 1051 110 1086 rum
124 1031 217 1086 etiam
228 1031 362 1105 promisit
374 1031 464 1086 vitam
477 1040 640 1104 aeternam,
655 1051 741 1108 quam
752 1039 951 1098 manifestavit
963 1052 1075 1117 tempo-

38 1115 125 1170 ribus
148 1115 229 1186 suis,
255 1113 286 1170 id
308 1123 353 1172 cst
374 1117 528 1192 congruis,
555 1116 624 1191 quid
641 1119 720 1174 aliud
735 1137 819 1194 quam
831 1121 957 1180 Verbum
974 1123 1076 1183 snumi

37 1198 107 1254 Hoc
120 1207 169 1256 est
183 1199 262 1254 enim
275 1199 336 1255 vita
347 1207 475 1254 aeterna.
511 1199 661 1266 Quomodo
675 1211 772 1258 autem
782 1207 930 1277 promisit,
946 1227 1011 1264 curn
1022 1208 1075 1266 ho-

37 1281 173 1339 minibus
187 1283 290 1358 utique
303 1283 484 1357 promiserit,
498 1284 549 1357 qui
563 1283 692 1340 nondum
706 1296 790 1342 erant
802 1297 871 1343 ante
883 1298 1013 1365 tempora
1025 1309 1075 1346 ae·

36 1376 149 1437 terna,
175 1367 232 1422 nisi
245 1368 313 1441 quia
325 1368 357 1423 in
370 1367 461 1440 ipsius
475 1367 663 1438 aeternitate,
685 1377 771 1443 atque
783 1371 815 1426 in
828 1371 892 1446 ipso
905 1374 967 1428 eius
980 1373 1074 1431 Verbo

36 1449 143 1506 cidem
169 1459 334 1522 coaeterno,
362 1451 421 1506 iam
443 1447 692 1524 prodestinatione
714 1451 806 1510 fixum
830 1465 909 1528 erat,
935 1457 1010 1533 quod
1023 1476 1074 1514 suo

34 1545 177 1609 tempore
193 1532 322 1590 buturum
335 1529 417 1590 erati

414 1702 534 1762 cAP.
577 1701 705 1763 xvii.

37 1799 115 1864 Quid
123 1799 157 1852 de
167 1797 380 1852 incommutabili
390 1801 499 1854 consilio
509 1809 559 1854 aut
568 1804 705 1855 voluntate
713 1800 769 1855 Dei
776 1803 848 1873 fides
863 1820 929 1858 suna
940 1806 1074 1878 defendat,

35 1879 136 1923 contra
152 1869 378 1922 ratiocinationes
393 1887 495 1935 eorum,
515 1871 562 1940 qui
575 1889 656 1941 opera
666 1869 722 1924 Dei
736 1889 769 1925 ca
785 1875 948 1928 aeternitate
958 1878 1075 1945 repetita

139 1955 195 2008 per
205 1939 307 1991 cosdem
317 1954 418 2008 semper
427 1942 521 1993 volunt
530 1944 698 1994 saeculorum
706 1941 795 1994 redire
805 1943 970 1996 circumitae.

98 2043 183 2103 Illud
199 2063 314 2122 quoque
333 2064 393 2102 non
412 2045 527 2118 dubito,
548 2056 617 2103 ante
630 2064 716 2124 quam
727 2048 836 2120 primus
855 2047 940 2105 homo
960 2062 1074 2110 creatus

33 2139 133 2203 esset,
148 2147 300 2204 nunquam
314 2147 478 2204 quenquam
489 2128 636 2186 hominem
648 2129 754 2186 fuisse:
768 2149 823 2185 neo
833 2131 955 2188 eundem
969 2135 1075 2208 ipsum,

32 2215 144 2272 neseio
172 2212 279 2288 quibua
305 2211 518 2285 circumitibns,
544 2215 644 2270 nescio
670 2214 786 2290 quoties
811 2216 994 2287 revolutum,
1021 2236 1074 2274 nec

32 2301 137 2355 alium
149 2297 276 2372 aliquem
289 2303 395 2352 natura
413 2295 544 2353 similem.
587 2295 691 2374 Neque
704 2297 739 2353 ab
752 2296 805 2354 hac
818 2297 874 2354 fide
887 2319 933 2354 me
945 2297 1074 2373 philoso-

28 2381 165 2458 phorurll
178 2387 352 2456 argumenta
366 2379 528 2452 deterrent,
552 2399 674 2456 quorum
686 2383 887 2438 acutissimum
902 2383 975 2439 illud
989 2394 1073 2457 puta-

29 2478 92 2537 tur,
109 2461 192 2540 quod
205 2462 317 2534 dicunt,
331 2464 411 2520 nulla
423 2463 538 2520 infinita
550 2466 609 2520 ulla
623 2465 747 2520 seientia
756 2483 842 2538 posse
855 2464 1072 2538 comprehendi:

31 2569 65 2606 ac
79 2567 137 2624 per
149 2545 209 2602 hoc
223 2545 320 2619 Deus,
339 2547 492 2622 inquiunt,
515 2564 613 2602 rerum
630 2564 700 2620 quas
713 2545 805 2616 lacit,
832 2549 961 2602 omnium
974 2547 1072 2605 finita-

28 2653 100 2690 rum
115 2647 222 2688 omnes
235 2629 333 2686 finitas
347 2629 425 2706 apud
438 2648 470 2686 se
482 2630 612 2686 rationes
627 2627 722 2683 habet.
765 2627 886 2685 Bonitas
899 2637 996 2686 autem
1009 2633 1071 2689 eius

27 2733 193 2793 nunquam
206 2732 298 2771 vacua
310 2712 398 2770 luisse
412 2711 557 2769 credenda
570 2720 631 2785 est,
645 2730 684 2767 ne
697 2712 737 2768 sit
747 2713 914 2788 temporalis
929 2713 991 2769 eius
1005 2733 1073 2790 ope-

26 2803 134 2870 ratio,
158 2799 242 2854 cuius
255 2806 335 2854 retro
352 2796 409 2854 fuit
421 2807 542 2854 aeterne
556 2797 696 2868 cessatio,
721 2797 804 2871 quasi
815 2797 995 2872 poenituerit
1008 2818 1074 2857 eum

27 2883 149 2960 prioris
163 2882 228 2939 sine
241 2882 326 2939 initio
338 2883 515 2953 vacationis,
542 2899 575 2938 ao
586 2889 740 2957 propterea
754 2882 792 2936 sit
806 2883 902 2955 operis
915 2900 1073 2961 aggressus

28 2970 169 3025 initium.
213 2964 254 3022 Et
267 2965 331 3024 ideo
345 2984 466 3022 necesse
479 2975 538 3039 est,
558 2965 712 3042 inquiunt,
730 2964 830 3022 cadom
843 2985 957 3043 semper
969 2971 1072 3044 repeti,

30 3053 203 3128 eademque
216 3068 329 3124 semper
341 3049 498 3126 repetenda
510 3059 731 3122 transcurrer03
756 3051 803 3106 rel
815 3061 951 3108 manente
963 3053 1072 3110 mundo

29 3136 237 3205 mutabiliter,
264 3135 313 3209 qui
326 3135 396 3190 licet
408 3152 557 3210 nunquam
568 3152 629 3191 non
641 3133 731 3190 fuerit
743 3141 773 3189 et
785 3135 849 3191 sine
861 3137 948 3192 initio
962 3145 1072 3212 tempo-

28 3223 74 3278 ris
95 3231 203 3278 tamen
222 3215 315 3274 iactus
333 3227 391 3290 est3
415 3219 464 3274 rel
483 3219 545 3274 eius
565 3235 680 3294 quoque
697 3225 763 3274 ortu
782 3227 812 3273 et
831 3237 934 3275 occasu
960 3237 1074 3294 semper

28 3307 93 3362 illis
109 3301 315 3361 circumitibus
328 3303 467 3378 repetito,
493 3319 663 3378 semperque
675 3299 850 3376 repetendo:
874 3321 913 3358 ne
925 3303 1073 3374 videlieet,

26 3392 58 3447 si
74 3385 243 3464 aliquande
255 3386 381 3460 primurn
393 3384 451 3442 Dei
465 3404 553 3462 opera
565 3393 667 3460 coepta
680 3383 829 3456 dicantur,
854 3387 980 3459 priorem
993 3385 1074 3439 suain

25 3478 99 3531 sine
114 3472 209 3528 initio
223 3471 408 3526 vacationem
420 3479 558 3544 tanquam
570 3471 695 3525 inertem
708 3485 741 3523 ac
756 3465 939 3537 desidiosam,
967 3475 996 3521 et
1008 3465 1074 3520 ideo

26 3560 92 3615 sibi
116 3553 327 3628 displicentem
350 3552 500 3609 damnasse
524 3552 646 3629 quodam
667 3548 768 3622 modo,
794 3559 880 3626 atque
893 3549 929 3604 eb
942 3547 998 3604 hoc
1011 3566 1074 3603 mu·

24 3653 117 3698 tasse
132 3637 283 3694 credatur.
326 3635 360 3693 Si
375 3646 470 3692 autem
484 3655 596 3711 semper
608 3635 724 3713 quidem
736 3633 922 3710 temporalia,
949 3629 1001 3687 sed
1017 3632 1073 3687 alia

24 3735 129 3801 atque
144 3721 206 3778 alia
218 3717 386 3794 perhibetur
399 3729 552 3796 operatus,
576 3739 609 3777 ac
624 3722 650 3776 si
662 3717 818 3794 aliqnando
833 3717 920 3774 etiam
932 3714 969 3772 ad
981 3712 1073 3772 homi-

21 3829 104 3866 nem
119 3801 308 3876 faciendum,
323 3821 409 3879 quem
421 3821 569 3879 nunquam
582 3813 668 3860 antea
682 3803 802 3873 fecerat,
816 3801 999 3876 pervenisse:
1013 3817 1071 3856 non

23 3889 184 3962 scientia,
201 3904 257 3962 qua
269 3895 373 3964 putant
386 3905 446 3944 non
459 3906 543 3962 posse
557 3905 744 3964 quaecunque
757 3883 872 3944 infinita
886 3881 1071 3961 comprehen-
