2510 4404
210 232 267 284 tut
433 221 530 280 DlVl
551 217 736 280 AVRELll
756 217 1013 277 AVGVSTlNl

573 372 594 430 C
616 373 640 430 Α
662 371 694 428 Ρ.
731 368 859 428 XXll.

205 475 247 528 De
257 473 372 526 miseriis
382 489 415 526 ac
424 471 511 534 malis,
522 469 615 539 quibus
625 469 768 536 barranum
775 483 862 538 gemes
872 467 968 520 merito
977 467 1091 534 primae
1098 469 1224 536 prsessri

238 543 352 598 cationis
362 541 502 596 obnoxium
512 548 566 603 est,
586 548 613 592 et
623 557 640 592 a
650 538 743 608 quibus
753 555 828 590 nemo
838 536 891 590 nisi
896 553 949 605 per
962 534 1071 589 Cbrists'
1078 537 1203 607 grstia

643 608 783 660 liberatur.

265 719 341 778 Nam
358 719 435 794 quod
454 717 492 774 ad
510 717 634 790 primam
653 715 796 791 originem
813 716 958 789 pertinet,
989 733 1114 770 omnem
1132 725 1227 770 mora-

204 807 274 860 lium
285 804 456 880 progeniem
467 800 556 856 fuisse
569 798 745 868 damnatam,
758 795 829 854 haec
838 799 901 872 ipsa
911 800 982 869 vita,
995 800 1023 854 si
1035 799 1103 854 vita
1117 797 1229 854 dicenda

204 897 265 959 est,
284 896 329 942 tot
341 895 371 942 et
384 887 473 942 tantis
486 885 569 940 malis
583 885 669 959 plena
681 889 814 938 testatur.
852 881 927 948 Quid
939 883 1019 940 enim
1032 881 1118 938 aliud
1131 881 1229 938 indicat

204 970 347 1028 horrenda
360 968 501 1042 quaedam
513 965 697 1041 profunditas
711 966 906 1042 ignorantiae,
925 983 962 1021 cx
975 983 1032 1042 qua
1045 967 1150 1022 omnis
1163 983 1230 1022 error

204 1055 330 1123 exsistit,
344 1054 396 1126 qui
407 1069 508 1108 omnes
521 1050 596 1106 filios
609 1049 700 1114 Adam
713 1047 869 1106 tenebroso
883 1049 1006 1123 quodam
1019 1051 1094 1104 sinu
1108 1050 1229 1123 suscipit,

204 1147 237 1194 ut
248 1135 334 1192 homo
347 1135 382 1192 ab
394 1137 445 1191 illc
460 1135 579 1192 liberari
592 1135 656 1190 sine
669 1133 778 1203 labore,
806 1131 915 1203 dolore,
929 1133 1036 1189 timore
1049 1151 1117 1189 non
1130 1127 1228 1208 possiti

206 1219 281 1289 Quid
294 1238 374 1276 amor
387 1221 449 1294 ipse
462 1228 506 1275 tot
519 1235 616 1274 rerum
634 1233 775 1272 ranarum
787 1224 874 1291 atque
887 1217 1061 1286 noxiarum,
1092 1227 1124 1272 et
1138 1235 1176 1272 ex
1187 1214 1229 1270 boc

205 1303 353 1360 mordaces
368 1321 466 1374 curae,
480 1301 728 1378 perturbationes,
741 1317 903 1370 moerores,
918 1300 1115 1372 formidines,
1139 1303 1229 1356 insass

204 1388 321 1466 gaudia,
335 1386 505 1456 discordiae,
519 1387 597 1456 lites,
608 1385 694 1455 bella,
708 1381 843 1454 insidiae,
857 1383 1037 1456 iracundiae,
1051 1385 1229 1448 inimicitiae,

204 1473 331 1542 fallacia,
347 1469 487 1542 adulatio,
499 1470 590 1540 fraus,
603 1467 723 1538 furtum,
737 1468 850 1541 rapina,
861 1466 992 1542 perfidia,
1007 1469 1164 1542 superbia,
1178 1485 1228 1522 sm·
1251 1503 1252 1544 ι

202 1556 287 1627 bitio,
300 1553 473 1626 invidentia,
483 1552 649 1623 homicidia,
662 1549 828 1626 parricidia,
842 1549 1009 1621 crudelitas,
1029 1553 1170 1623 saevitia,
1187 1570 1229 1606 ne·
1251 1545 1252 1612 l

202 1640 306 1714 quitis,
319 1639 447 1709 luxuria,
460 1637 633 1712 petulantia,
652 1633 841 1710 impudentia,
854 1633 1047 1708 impudicitia,
1062 1635 1228 1692 fornicatio·
1251 1649 1252 1692 l

202 1739 266 1792 nes,
288 1720 444 1790 adulteria,
468 1722 597 1790 incesta,
621 1728 652 1774 et
665 1728 767 1774 contra
780 1725 912 1772 naturam
923 1719 1081 1792 utriusque
1095 1737 1184 1775 sexus
1195 1727 1228 1772 tot
1251 1717 1252 1732 ³

202 1813 302 1876 stupra
316 1812 402 1876 atque
415 1801 627 1873 immunditiae,
646 1819 718 1875 quas
731 1811 815 1875 turpe
829 1810 874 1856 cst
887 1802 976 1856 etiam
989 1799 1108 1874 dicere,
1121 1803 1226 1860 sacrile-

202 1887 262 1964 gis,
275 1883 421 1953 haereses,
433 1883 639 1958 blasphemiae,
652 1885 792 1958 periuria,
805 1885 1006 1958 oppressiones
1018 1885 1223 1948 innocentium,

203 1969 376 2038 calumniae,
391 1969 666 2038 circumventiones,
679 1968 954 2042 praevaricationes,
968 1967 1045 2024 falsa
1057 1969 1223 2035 testimonis,

202 2054 303 2128 iniqua
316 2051 437 2122 iudicia,
460 2053 628 2121 violentiae,
647 2051 812 2121 latrocinia,
834 2058 864 2106 et
875 2051 1012 2126 quicquid
1026 2053 1137 2110 talium
1148 2054 1225 2109 mslo-

203 2155 267 2194 rum
279 2137 311 2191 in
325 2145 453 2192 mentem
466 2153 528 2190 non
541 2137 638 2205 venit,
664 2143 694 2190 et
706 2143 803 2190 tamen
816 2133 851 2190 de
864 2135 926 2191 vita
937 2136 995 2191 ista
1007 2132 1167 2194 hominum
1178 2154 1227 2193 non

203 2216 330 2277 recediti
346 2218 454 2276 Verum
466 2217 538 2275 haec
550 2217 699 2274 hominum
715 2225 783 2272 sunt
795 2219 947 2288 rumorum,
960 2217 1001 2278 ab,
1010 2220 1064 2276 illa
1079 2230 1178 2277 tamen
1190 2239 1227 2274 er·

203 2305 278 2359 roris
292 2312 322 2359 et
334 2304 466 2376 perversi
478 2303 585 2358 amoris
598 2301 696 2358 radice
709 2301 873 2374 venientia,
900 2319 965 2356 cum
977 2319 1038 2376 qua
1050 2307 1149 2360 omnis
1160 2304 1227 2359 lilius
1251 2329 1252 2340 ι

204 2386 292 2441 Adam
307 2386 447 2442 nascitur.
480 2385 554 2441 Nam
566 2387 632 2460 quis
645 2387 764 2462 ignorat
777 2403 842 2440 cum
855 2394 963 2460 quanta
975 2386 1147 2463 ignorantis
1157 2387 1226 2442 reri-
1251 2439 1252 2450 ,

203 2470 280 2538 tatis,
306 2487 379 2544 quae
392 2469 452 2525 iam
465 2470 494 2525 in
509 2468 669 2525 infantibus
683 2465 839 2524 manifesta
851 2477 912 2540 est3
937 2477 966 2524 et
981 2487 1051 2526 cum
1064 2480 1168 2546 quanta
1179 2469 1224 2524 ab·

204 2551 344 2610 undantia
357 2571 450 2610 vanae
464 2553 640 2626 cupiditatis,
661 2553 778 2627 quaein
790 2552 888 2626 pueris
901 2553 1005 2628 incipit
1017 2571 1169 2628 apparere,
1179 2552 1223 2608 bo-
1251 2557 1252 2634 J

203 2656 249 2692 mo
262 2637 362 2692 veniat
375 2638 405 2691 iu
419 2634 494 2692 hanc
507 2637 612 2707 vitam,
631 2637 673 2691 ita
685 2644 719 2690 ut
732 2636 758 2690 si
771 2633 933 2712 dimittatur
944 2637 1047 2693 vivere
1061 2648 1099 2694 ut
1109 2640 1187 2708 velit,
1197 2647 1221 2690 et
1251 2651 1252 2656 ¹

203 2719 301 2776 iacere
314 2719 451 2795 quicquid
463 2721 550 2790 velit,
576 2720 608 2775 in
621 2717 692 2774 haec
705 2717 839 2775 facinora
852 2730 881 2774 et
892 2717 1007 2798 flagitia
1020 2739 1099 2796 quae
1112 2739 1222 2778 comme-

203 2805 325 2874 moravi,
340 2813 369 2858 et
382 2821 457 2878 quae
470 2821 693 2860 commemorare
707 2821 767 2859 non
779 2803 877 2878 potui,
899 2805 1068 2874 velcuncta
1081 2807 1133 2862 vel
1144 2806 1221 2861 mults

201 2883 371 2962 pervenisti
1251 2893 1252 2906 ¹

265 2967 324 3026 Sed
338 2968 437 3024 divina
450 2969 664 3046 gubernatione
678 2987 740 3026 non
753 2971 832 3026 omni
849 2969 934 3026 modo
948 2971 1105 3028 deserente
1118 2972 1219 3028 damus·

202 3063 264 3122 tos,
285 3061 315 3105 et
334 3049 398 3106 Deo
416 3069 477 3106 non
497 3052 667 3108 continente
684 3054 717 3108 in
734 3054 779 3108 ira
795 3071 847 3109 aua
865 3055 1071 3112 miserationes
1092 3073 1171 3126 suas,
1191 3055 1217 3106 in

202 3135 271 3208 ipsis
285 3133 419 3190 sensibus
431 3137 549 3212 generis
562 3132 682 3192 humani
693 3135 847 3212 prohibitio
857 3145 887 3192 et
895 3137 1020 3194 eruditio
1032 3150 1138 3196 eontra
1149 3141 1218 3204 istas,

203 3237 268 3274 cum
281 3217 384 3295 quibus
400 3219 563 3290 nascimur,
587 3219 722 3276 tenebras
736 3221 871 3298 vigilant,
886 3230 916 3277 et
928 3230 1031 3278 contra
1044 3220 1099 3278 bos
1112 3225 1220 3296 impetus

201 3312 397 3378 opponuntur,
421 3304 525 3376 plenae
548 3312 646 3360 tamen
670 3305 758 3360 etiam
779 3306 859 3378 ipsae
880 3305 1011 3361 laborum
1036 3315 1069 3362 et
1091 3306 1220 3362 dolorum

201 3385 277 3454 Quid
292 3387 371 3442 enim
385 3387 440 3443 sibi
451 3388 558 3443 volunt
570 3387 756 3444 multimodae
770 3387 952 3459 formidines,
978 3406 1053 3463 quae
1065 3386 1221 3446 cohibendis

201 3471 389 3545 parvulorum
401 3470 581 3527 vanitatibus
593 3467 786 3527 adhibenturl
810 3471 887 3538 Quid
899 3471 1073 3550 paedagogi,
1088 3472 1159 3548 qnid
1169 3489 1221 3526 ms-

201 3555 298 3630 gistri,
312 3553 382 3629 quid
394 3553 518 3625 ferulae,
533 3553 602 3628 quid
616 3555 696 3624 lora,
721 3554 793 3630 quid
806 3555 917 3634 virgae,
932 3554 1002 3630 quid
1015 3555 1170 3631 disciplina
1182 3555 1221 3609 ills
1251 3583 1252 3590 ι

200 3654 258 3710 qua
270 3635 422 3710 Scriptura
435 3646 538 3693 sancta
552 3635 634 3708 dicit,
658 3636 757 3694 dilecti
769 3638 824 3694 filii
836 3641 928 3694 latera
941 3656 1006 3694 esse
1019 3639 1180 3710 tundenda,
1192 3653 1220 3693 nc
1251 3629 1252 3682 l

199 3729 312 3773 crescat
324 3718 493 3790 indomitus,
508 3719 675 3796 domarique
689 3722 747 3778 iam
760 3721 849 3778 durus
863 3732 912 3778 aut
924 3723 976 3778 vix
987 3724 1093 3797 possit,
1108 3733 1161 3780 aut
1172 3721 1219 3777 icr-

200 3807 278 3854 tasse
291 3819 344 3855 nec
357 3797 466 3874 possiti
487 3800 562 3868 Quid
577 3805 674 3880 agitur
686 3802 731 3858 his
743 3806 845 3879 poenis
860 3807 1000 3877 omnibus,
1014 3808 1074 3862 nisi
1087 3808 1123 3863 ut
1135 3804 1219 3861 debel-

200 3883 275 3936 letur
289 3883 443 3956 imperitia,
459 3895 488 3940 et
501 3903 590 3959 prava
607 3888 749 3961 cupiditas
763 3889 955 3960 infraenetur,
971 3906 1034 3946 eum
1049 3889 1156 3966 quibus
1169 3904 1218 3943 ma·
