2590 4396
215 177 256 233 oo
432 123 752 230 n1vravnnnu'
785 165 1035 225 nvcvsruu

571 315 916 379 clr.xx1n,

274 401 318 475 Do
339 420 473 474 discordia
484 419 570 480 cicili,
589 432 668 484 qnosn
682 413 832 468 Groecbioe
842 415 985 468 seditiones
995 417 1191 471 excitaverunt.

279 527 402 586 Initium
413 536 511 584 antem
525 525 657 579 civilium
669 522 813 579 bellorum
826 521 901 592 suit,
924 522 1087 580 seditiones
1102 523 1253 581 Graccho·

216 633 283 672 rum
306 613 431 690 agrariis
455 607 571 684 legibus
596 607 750 661 excitatae.
794 605 938 661 Vol'cbant
952 607 1130 684 enimagros
1144 611 1254 682 populo
1281 601 1282 678 l

217 697 365 765 dividere,
392 710 465 767 qnos
479 689 617 746 nobilitas
631 707 783 764 perperam
801 687 976 764 possidebat.
1021 689 1081 746 Sed
1093 700 1153 746 tam
1164 701 1255 747 vetu—
1281 683 1282 750 l

218 791 294 838 stam
307 777 493 850 iniquitatem
518 772 627 829 audere
654 775 839 844 convellere,
866 773 1166 846 periculosissimum,
1193 775 1254 828 imo
1281 751 1282 820 i

216 881 304 931 vero,
327 869 361 914 ut
373 860 438 933 ipsa
450 875 498 912 res
514 855 630 928 decuit,
644 857 928 932 perniciossisimum
941 857 1007 913 fuit.
1052 859 1133 924 Quae
1147 857 1256 913 funera
1281 889 1282 894 κ

216 945 395 1014 factasunt,
410 961 477 997 cum
488 941 570 1015 prior
584 939 736 996 Gracchus
752 941 868 996 occisus
883 937 947 995 esti
974 958 1049 1014 quae
1063 943 1166 1010 etiarn,
1186 959 1255 995 cum

216 1029 292 1084 alius
306 1026 399 1082 frater
412 1025 476 1080 eius
491 1041 552 1079 nou
566 1026 657 1100 longo
671 1023 848 1097 interposito
862 1019 1013 1097 temporei
1057 1023 1160 1097 Neque
1175 1025 1257 1079 enim

215 1110 332 1188 legibus
347 1117 377 1164 ct
390 1107 495 1164 ordine
508 1115 702 1180 potestatum,
716 1106 768 1160 sed
781 1105 876 1160 turbis
887 1123 1093 1180 armorumque
1107 1105 1257 1162 conflicti-

215 1193 270 1250 bus
296 1193 410 1250 nobiles
437 1192 643 1269 ignobilesque
669 1190 860 1245 necabantur.
903 1187 976 1243 Post
990 1188 1118 1244 Gracchi
1131 1191 1258 1245 alterius

216 1275 472 1346 interfectionem,
498 1273 610 1331 Lucius
623 1272 759 1348 Opimius
773 1273 892 1340 consul,
907 1272 958 1344 qui
971 1270 1111 1327 adversus
1126 1290 1194 1327 eum
1208 1274 1258 1329 in-

216 1369 265 1415 tra
277 1359 385 1416 Vrbem
411 1375 492 1416 arma
516 1361 729 1426 commoverat,
755 1372 850 1428 eoque
869 1372 936 1409 cum
959 1355 1047 1410 sociis
1070 1372 1211 1429 oppresso
1228 1365 1262 1410 et

219 1444 368 1498 exstineto
378 1441 392 1514 ,¹
402 1445 553 1518 ingentem
567 1441 676 1495 civium
690 1447 820 1514 stragem
830 1435 957 1508 fecerat,
973 1456 1040 1492 cum
1052 1439 1260 1512 quaestionem

217 1524 339 1580 heberet
352 1526 411 1579 iam
424 1523 580 1579 iudiciaria
593 1523 788 1595 inquisitione
815 1529 948 1576 caeteros
974 1537 1171 1594 persequens,
1198 1521 1258 1579 tria

218 1608 311 1662 millia
323 1605 476 1662 hominum
491 1604 634 1660 occidisse
647 1602 825 1678 perhibetur.
869 1601 988 1678 Exque
1002 1604 1130 1684 intelligi
1148 1614 1258 1679 potest,

220 1699 360 1764 quantam
385 1686 605 1744 multitudinem
617 1687 757 1744 mortium
768 1684 876 1743 habere
888 1689 1021 1762 potuerit
1034 1688 1169 1746 turbidus
1184 1707 1258 1745 con-

219 1771 318 1828 flictus
332 1790 496 1842 armorum,
523 1769 641 1846 quando
654 1777 767 1826 tautam
779 1768 882 1826 habuit
900 1769 1078 1827 iudiciorum
1090 1774 1173 1828 velut
1185 1790 1258 1828 exa-

219 1857 330 1911 minata
356 1855 498 1933 cognitio.
541 1853 705 1910 Percussor
732 1851 860 1910 Gracchi
883 1854 975 1927 ipsius
1003 1863 1090 1929 eaput
1115 1863 1259 1930 quantum

220 1955 312 2018 grave
330 1951 408 2010 erat,
434 1946 519 1993 tanto
532 1939 599 1994 euri
612 1936 741 2011 pondere
756 1937 873 1992 consuli
885 1935 1027 1993 vendidit.
1070 1935 1153 1993 Haec
1178 1939 1259 1993 enim

219 2023 318 2096 pactio
339 2021 459 2078 caedem
477 2029 687 2096 praecesserat.
730 2018 764 2076 ln
778 2037 836 2094 qua
850 2019 938 2075 otiam
952 2021 1068 2078 occisus
1083 2030 1129 2077 est
1140 2039 1207 2078 eum
1219 2023 1257 2076 li-

219 2105 299 2160 beris
312 2105 430 2163 Marcus
441 2103 563 2161 Fulvius
585 2105 759 2159 consularis.

595 2235 717 2295 CAP.
760 2233 885 2292 XXV.

221 2327 338 2384 Decede
353 2329 519 2386 Concordiae
537 2348 571 2384 ee
580 2335 810 2452 senatusconpnlto
820 2332 850 2386 in
859 2334 915 2385 loeo
925 2333 1086 2388 seditionem
1097 2343 1125 2387 et
1134 2334 1257 2388 caedium

684 2418 732 2455 eon
750 2410 800 2454 ato.

286 2487 426 2569 Eleganti
439 2511 511 2550 sane
525 2493 784 2548 senatusconsulto
798 2511 833 2549 eo
846 2494 911 2567 ipso
931 2495 1013 2566 loco,
1039 2493 1091 2550 ubi
1114 2491 1257 2549 funereus

219 2575 364 2630 ormultus
377 2575 427 2631 ifle
442 2577 615 2633 commissus
630 2584 692 2648 est,
706 2576 757 2632 ubi
769 2583 815 2631 tot
828 2577 907 2633 cives
924 2575 1036 2633 ordinis
1051 2577 1193 2650 cuiusque
1207 2595 1257 2632 oe-

221 2656 375 2728 ciderunt,
401 2659 488 2715 aedes
503 2657 686 2716 Concordiae
700 2657 779 2714 faeta
794 2667 854 2730 est,
879 2669 914 2716 ut
927 2657 1128 2718 Gracchorum
1143 2677 1258 2733 poenae

187 2757 188 2762 ¹
220 2741 306 2796 testis
334 2743 575 2797 concionantium
601 2743 702 2798 oculos
728 2741 848 2814 feriret,
874 2745 1102 2818 memoriamque
1115 2760 1257 2817 compun-

221 2829 314 2899 geret.
351 2819 412 2878 Sed
423 2821 480 2879 hoe
494 2823 566 2898 quid
579 2823 661 2881 aliud
674 2823 747 2896 fuit,
762 2841 849 2898 quam
862 2826 962 2882 irrisio
976 2825 1112 2894 deorum,
1126 2825 1170 2880 illi
1184 2823 1258 2881 deae
1281 2863 1282 2866 =

221 2905 361 2976 templum
374 2915 567 2979 construere,
587 2908 703 2982 quaesi
717 2915 795 2962 esset
808 2907 840 2962 in
854 2909 988 2980 civitate,
1015 2927 1075 2966 non
1087 2909 1179 2963 tantis
1194 2907 1257 2966 dis-

221 2985 410 3044 sensionibus
424 2987 586 3046 dilacerata
599 2985 769 3048 corruereti
795 2987 862 3047 Nisi
880 2991 957 3048 forte
971 2993 1089 3048 sceleris
1102 2989 1190 3047 huius
1204 3009 1258 3048 rea

222 3066 403 3141 Concordia,
423 3073 493 3147 quia
506 3071 678 3130 deseruerat
689 3073 803 3128 animos
817 3075 942 3147 civium,
956 3076 1065 3132 meruit
1077 3076 1109 3131 in
1121 3075 1172 3130 illa
1184 3073 1257 3130 aede

221 3159 362 3226 tanquam
375 3154 406 3210 in
421 3173 539 3212 carcere
552 3157 674 3213 includi.
717 3153 777 3212 Cur
791 3157 886 3230 eninr,
911 3160 938 3215 si
960 3159 1048 3215 rebus
1070 3155 1164 3236 gestis
1185 3177 1256 3215 con-

221 3251 331 3312 gruere
347 3238 522 3311 voluerunt,
549 3258 609 3296 non
622 3240 664 3295 ibi
674 3239 773 3314 potius
789 3239 891 3297 aedem
903 3241 1078 3298 Discordiae
1092 3241 1256 3297 fabricave-

220 3313 314 3374 runti
356 3319 402 3377 An
416 3323 477 3378 ulla
490 3325 566 3379 ratio
580 3321 732 3395 redditur,
760 3341 814 3379 eur
825 3321 990 3380 Concordia
1003 3323 1057 3380 dea
1069 3326 1123 3395 sit,
1143 3333 1173 3379 et
1184 3323 1256 3381 Dis-

221 3399 324 3456 cordia
337 3401 392 3458 dca
405 3422 466 3460 non
479 3407 534 3477 sit,
561 3414 596 3462 ut
609 3405 771 3464 secundum
784 3403 930 3464 Labeonis
945 3407 1167 3464 distinctionem
1179 3405 1257 3465 bona

221 3485 261 3538 sit
274 3485 349 3554 ista,
376 3487 427 3542 illa
439 3505 511 3544 vero
523 3485 622 3544 malai
646 3488 709 3546 Nec
722 3491 785 3564 ipse
798 3489 879 3546 aliud
892 3499 1013 3547 secutus
1026 3489 1155 3562 videtum,
1170 3507 1258 3566 quem

221 3565 299 3641 quod
311 3565 441 3624 advertit
453 3567 565 3626 Romae
578 3573 666 3626 etiem
678 3571 702 3628 F
703 3572 766 3628 ebri
771 3609 780 3641 ,
807 3573 886 3630 sieut
898 3571 1010 3644 Saluti,
1029 3574 1170 3648 templum
1184 3593 1256 3632 con-

219 3649 364 3704 stitutum.
408 3649 574 3729 Eoigitur
598 3652 685 3709 modo
713 3673 774 3711 non
798 3663 914 3713 tentum
928 3655 1125 3729 Concordiae,
1153 3677 1260 3716 verum

220 3730 309 3786 etiam
321 3729 497 3788 Discordiae
511 3737 654 3791 constitui
667 3735 776 3793 debuit.
820 3735 990 3797 Periculose
1015 3743 1115 3816 itaque
1129 3739 1260 3801 Romani

221 3820 281 3868 tam
293 3815 369 3870 mala
383 3813 437 3870 dea
450 3818 525 3874 irata
537 3820 638 3875 vivere
651 3821 824 3890 voluerunt,
851 3841 906 3879 nec
920 3821 1083 3881 Troianum
1107 3826 1259 3884 excidium
