<?xml version="1.0" encoding="UTF-8"?>
<!DOCTYPE html PUBLIC "-//W3C//DTD XHTML 1.0 Transitional//EN"
    "http://www.w3.org/TR/xhtml1/DTD/xhtml1-transitional.dtd">
<html xmlns="http://www.w3.org/1999/xhtml" xml:lang="en" lang="en">
 <head>
  <title>
</title>
<meta http-equiv="Content-Type" content="text/html;charset=utf-8" />
  <meta name='ocr-system' content='tesseract 3.04.00' />
  <meta name='ocr-capabilities' content='ocr_page ocr_carea ocr_par ocr_line ocrx_word'/>
</head>
<body>
  <div class='ocr_page' id='page_1' title='image "./saureliiaugusti02augugoog_0135.png"; bbox 0 0 2590 4396; ppageno 0'>
   <div class='ocr_carea' id='block_1_1' title="bbox 217 197 1273 282">
    <p class='ocr_par' dir='ltr' id='par_1_1' title="bbox 217 197 1273 282">
     <span class='ocr_line' id='line_1_1' title="bbox 217 197 1273 282; baseline -0.021 -12"><span class='ocrx_word' id='word_1_1' title='bbox 217 215 271 270; x_wconf 81' lang='lat'><strong>128</strong></span> <span class='ocrx_word' id='word_1_2' title='bbox 439 199 744 264; x_wconf 78' lang='lat' dir='ltr'><strong>u1v1nv1tuu11</strong></span> <span class='ocrx_word' id='word_1_3' title='bbox 766 197 1023 256; x_wconf 73' lang='lat' dir='ltr'><strong>AVGVS&#39;l‘lNl</strong></span> <span class='ocrx_word' id='word_1_4' title='bbox 1272 236 1273 282; x_wconf 60' lang='lat' dir='ltr'><strong>p</strong></span> 
     </span>
    </p>
   </div>
   <div class='ocr_carea' id='block_1_2' title="bbox 132 333 1274 3559">
    <p class='ocr_par' dir='ltr' id='par_1_2' title="bbox 132 333 1274 3559">
     <span class='ocr_line' id='line_1_2' title="bbox 187 333 1274 428; baseline -0.016 -10"><span class='ocrx_word' id='word_1_5' title='bbox 187 333 189 346; x_wconf 35' lang='grc' dir='ltr'>Ι</span> <span class='ocrx_word' id='word_1_6' title='bbox 214 379 278 418; x_wconf 85' lang='grc' dir='ltr'>ιιιι</span> <span class='ocrx_word' id='word_1_7' title='bbox 289 375 445 415; x_wconf 85' lang='lat' dir='ltr'><strong>cessuram.</strong></span> <span class='ocrx_word' id='word_1_8' title='bbox 459 354 587 411; x_wconf 93' lang='lat' dir='ltr'><strong>Videant</strong></span> <span class='ocrx_word' id='word_1_9' title='bbox 594 369 665 428; x_wconf 81' lang='lat' dir='ltr'><strong>ergo</strong></span> <span class='ocrx_word' id='word_1_10' title='bbox 677 348 819 423; x_wconf 88' lang='lat' dir='ltr'><strong>quomodo</strong></span> <span class='ocrx_word' id='word_1_11' title='bbox 830 347 957 406; x_wconf 78' lang='lat' dir='ltr'><strong>habeant</strong></span> <span class='ocrx_word' id='word_1_12' title='bbox 968 350 1056 404; x_wconf 89' lang='lat' dir='ltr'><strong>istum</strong></span> <span class='ocrx_word' id='word_1_13' title='bbox 1067 346 1238 423; x_wconf 83' lang='lat' dir='ltr'><strong>regemdco-</strong></span> <span class='ocrx_word' id='word_1_14' title='bbox 1273 386 1274 414; x_wconf 69' lang='lat'><strong>,</strong></span> 
     </span>
     <span class='ocr_line' id='line_1_3' title="bbox 213 428 1239 508; baseline -0.017 -8"><span class='ocrx_word' id='word_1_15' title='bbox 213 463 278 500; x_wconf 88' lang='lat' dir='ltr'><strong>rum</strong></span> <span class='ocrx_word' id='word_1_16' title='bbox 292 459 411 497; x_wconf 88' lang='lat' dir='ltr'><strong>suorum</strong></span> <span class='ocrx_word' id='word_1_17' title='bbox 424 449 454 496; x_wconf 92' lang='lat' dir='ltr'><strong>et</strong></span> <span class='ocrx_word' id='word_1_18' title='bbox 466 438 596 494; x_wconf 88' lang='lat' dir='ltr'><strong>datorem</strong></span> <span class='ocrx_word' id='word_1_19' title='bbox 609 433 695 508; x_wconf 82' lang='lat' dir='ltr'><strong>regni</strong></span> <span class='ocrx_word' id='word_1_20' title='bbox 709 433 765 501; x_wconf 90' lang='lat' dir='ltr'><strong>sui,</strong></span> <span class='ocrx_word' id='word_1_21' title='bbox 792 441 825 487; x_wconf 92' lang='lat' dir='ltr'><strong>ut</strong></span> <span class='ocrx_word' id='word_1_22' title='bbox 838 450 906 488; x_wconf 89' lang='lat' dir='ltr'><strong>eum</strong></span> <span class='ocrx_word' id='word_1_23' title='bbox 918 432 1050 504; x_wconf 85' lang='lat' dir='ltr'><strong>auspicia</strong></span> <span class='ocrx_word' id='word_1_24' title='bbox 1059 431 1116 484; x_wconf 89' lang='lat' dir='ltr'><strong>ista</strong></span> <span class='ocrx_word' id='word_1_25' title='bbox 1128 447 1180 502; x_wconf 90' lang='lat' dir='ltr'><strong>pro</strong></span> <span class='ocrx_word' id='word_1_26' title='bbox 1190 428 1239 484; x_wconf 85' lang='lat' dir='ltr'><strong>ad-</strong></span> 
     </span>
     <span class='ocr_line' id='line_1_4' title="bbox 214 513 1240 597; baseline -0.016 -16"><span class='ocrx_word' id='word_1_27' title='bbox 214 526 347 581; x_wconf 82' lang='lat' dir='ltr'><strong>versario</strong></span> <span class='ocrx_word' id='word_1_28' title='bbox 361 517 516 597; x_wconf 83' lang='lat' dir='ltr'><strong>ponerent,</strong></span> <span class='ocrx_word' id='word_1_29' title='bbox 531 519 579 573; x_wconf 93' lang='lat' dir='ltr'><strong>cui</strong></span> <span class='ocrx_word' id='word_1_30' title='bbox 592 534 652 573; x_wconf 90' lang='lat' dir='ltr'><strong>uon</strong></span> <span class='ocrx_word' id='word_1_31' title='bbox 667 513 772 569; x_wconf 89' lang='lat' dir='ltr'><strong>cedere</strong></span> <span class='ocrx_word' id='word_1_32' title='bbox 784 513 936 586; x_wconf 88' lang='lat' dir='ltr'><strong>pulchrum</strong></span> <span class='ocrx_word' id='word_1_33' title='bbox 950 522 1037 570; x_wconf 89' lang='lat' dir='ltr'><strong>esset.</strong></span> <span class='ocrx_word' id='word_1_34' title='bbox 1073 513 1240 584; x_wconf 75' lang='lat' dir='ltr'>Quanquam</span> 
     </span>
     <span class='ocr_line' id='line_1_5' title="bbox 215 593 1241 672; baseline -0.019 -7"><span class='ocrx_word' id='word_1_35' title='bbox 215 608 288 664; x_wconf 87' lang='lat' dir='ltr'><strong>haec</strong></span> <span class='ocrx_word' id='word_1_36' title='bbox 302 608 329 663; x_wconf 90' lang='lat' dir='ltr'><strong>si</strong></span> <span class='ocrx_word' id='word_1_37' title='bbox 341 623 412 663; x_wconf 88' lang='lat' dir='ltr'><strong>vera</strong></span> <span class='ocrx_word' id='word_1_38' title='bbox 425 612 504 672; x_wconf 88' lang='lat' dir='ltr'><strong>sunt,</strong></span> <span class='ocrx_word' id='word_1_39' title='bbox 518 618 577 656; x_wconf 90' lang='lat' dir='ltr'><strong>non</strong></span> <span class='ocrx_word' id='word_1_40' title='bbox 590 597 698 653; x_wconf 91' lang='lat' dir='ltr'><strong>habent</strong></span> <span class='ocrx_word' id='word_1_41' title='bbox 712 597 830 652; x_wconf 92' lang='lat' dir='ltr'><strong>omnino</strong></span> <span class='ocrx_word' id='word_1_42' title='bbox 846 596 916 670; x_wconf 91' lang='lat' dir='ltr'><strong>quid</strong></span> <span class='ocrx_word' id='word_1_43' title='bbox 928 599 1059 652; x_wconf 79' lang='lat' dir='ltr'><strong>timeant.</strong></span> <span class='ocrx_word' id='word_1_44' title='bbox 1085 593 1152 650; x_wconf 91' lang='lat' dir='ltr'><strong>Non</strong></span> <span class='ocrx_word' id='word_1_45' title='bbox 1165 595 1241 648; x_wconf 84' lang='lat' dir='ltr'><strong>eninr</strong></span> 
     </span>
     <span class='ocr_line' id='line_1_6' title="bbox 215 676 1241 758; baseline -0.016 -12"><span class='ocrx_word' id='word_1_46' title='bbox 215 689 380 748; x_wconf 84' lang='lat' dir='ltr'><strong>confessuri</strong></span> <span class='ocrx_word' id='word_1_47' title='bbox 393 693 473 758; x_wconf 82' lang='lat' dir='ltr'><strong>sunt,</strong></span> <span class='ocrx_word' id='word_1_48' title='bbox 488 681 565 757; x_wconf 90' lang='lat' dir='ltr'><strong>quod</strong></span> <span class='ocrx_word' id='word_1_49' title='bbox 577 681 619 736; x_wconf 93' lang='lat' dir='ltr'><strong>dii</strong></span> <span class='ocrx_word' id='word_1_50' title='bbox 634 681 778 735; x_wconf 75' lang='lat' dir='ltr'><strong>cesserint</strong></span> <span class='ocrx_word' id='word_1_51' title='bbox 787 677 916 750; x_wconf 86' lang='lat' dir='ltr'><strong>Christo,</strong></span> <span class='ocrx_word' id='word_1_52' title='bbox 931 681 981 753; x_wconf 92' lang='lat' dir='ltr'><strong>qui</strong></span> <span class='ocrx_word' id='word_1_53' title='bbox 995 678 1059 734; x_wconf 89' lang='lat' dir='ltr'><strong>lovi</strong></span> <span class='ocrx_word' id='word_1_54' title='bbox 1073 676 1174 734; x_wconf 79' lang='lat' dir='ltr'><strong>cedere</strong></span> <span class='ocrx_word' id='word_1_55' title='bbox 1188 693 1241 731; x_wconf 91' lang='lat' dir='ltr'><strong>no-</strong></span> 
     </span>
     <span class='ocr_line' id='line_1_7' title="bbox 213 759 1243 839; baseline -0.018 -9"><span class='ocrx_word' id='word_1_56' title='bbox 213 776 340 829; x_wconf 90' lang='lat' dir='ltr'><strong>luerunt.</strong></span> <span class='ocrx_word' id='word_1_57' title='bbox 367 767 463 823; x_wconf 84' lang='lat' dir='ltr'><strong>Salvis</strong></span> <span class='ocrx_word' id='word_1_58' title='bbox 490 765 594 839; x_wconf 86' lang='lat' dir='ltr'><strong>quippe</strong></span> <span class='ocrx_word' id='word_1_59' title='bbox 620 764 735 836; x_wconf 87' lang='lat' dir='ltr'><strong>iruperii</strong></span> <span class='ocrx_word' id='word_1_60' title='bbox 751 761 859 818; x_wconf 90' lang='lat' dir='ltr'><strong>finibus</strong></span> <span class='ocrx_word' id='word_1_61' title='bbox 874 759 990 818; x_wconf 86' lang='lat' dir='ltr'><strong>Christo</strong></span> <span class='ocrx_word' id='word_1_62' title='bbox 1017 761 1121 816; x_wconf 80' lang='lat' dir='ltr'><strong>cedere</strong></span> <span class='ocrx_word' id='word_1_63' title='bbox 1143 767 1243 832; x_wconf 91' lang='lat' dir='ltr'><strong>potue-</strong></span> 
     </span>
     <span class='ocr_line' id='line_1_8' title="bbox 214 841 1244 922; baseline -0.017 -11"><span class='ocrx_word' id='word_1_64' title='bbox 214 863 302 922; x_wconf 88' lang='lat' dir='ltr'><strong>runt,</strong></span> <span class='ocrx_word' id='word_1_65' title='bbox 330 859 359 904; x_wconf 90' lang='lat' dir='ltr'><strong>et</strong></span> <span class='ocrx_word' id='word_1_66' title='bbox 377 848 414 904; x_wconf 90' lang='lat' dir='ltr'><strong>de</strong></span> <span class='ocrx_word' id='word_1_67' title='bbox 432 847 551 902; x_wconf 88' lang='lat' dir='ltr'><strong>sedibus</strong></span> <span class='ocrx_word' id='word_1_68' title='bbox 570 849 701 903; x_wconf 90' lang='lat' dir='ltr'><strong>locorum</strong></span> <span class='ocrx_word' id='word_1_69' title='bbox 715 855 745 900; x_wconf 89' lang='lat' dir='ltr'><strong>et</strong></span> <span class='ocrx_word' id='word_1_70' title='bbox 766 847 893 902; x_wconf 83' lang='lat' dir='ltr'><strong>maxime</strong></span> <span class='ocrx_word' id='word_1_71' title='bbox 906 845 942 900; x_wconf 92' lang='lat' dir='ltr'><strong>de</strong></span> <span class='ocrx_word' id='word_1_72' title='bbox 956 844 1043 900; x_wconf 83' lang='lat' dir='ltr'><strong>corde</strong></span> <span class='ocrx_word' id='word_1_73' title='bbox 1057 841 1244 900; x_wconf 89' lang='lat' dir='ltr'><strong>credentium.</strong></span> 
     </span>
     <span class='ocr_line' id='line_1_9' title="bbox 215 925 1246 1005; baseline -0.012 -16"><span class='ocrx_word' id='word_1_74' title='bbox 215 934 274 992; x_wconf 82' lang='lat' dir='ltr'><strong>Sed</strong></span> <span class='ocrx_word' id='word_1_75' title='bbox 286 939 442 1005; x_wconf 85' lang='lat' dir='ltr'><strong>antequam</strong></span> <span class='ocrx_word' id='word_1_76' title='bbox 453 928 587 986; x_wconf 88' lang='lat' dir='ltr'><strong>Christus</strong></span> <span class='ocrx_word' id='word_1_77' title='bbox 597 929 714 985; x_wconf 87' lang='lat' dir='ltr'><strong>veniret</strong></span> <span class='ocrx_word' id='word_1_78' title='bbox 727 929 759 983; x_wconf 91' lang='lat' dir='ltr'><strong>iu</strong></span> <span class='ocrx_word' id='word_1_79' title='bbox 773 945 873 998; x_wconf 91' lang='lat' dir='ltr'><strong>carne,</strong></span> <span class='ocrx_word' id='word_1_80' title='bbox 886 937 1042 1001; x_wconf 88' lang='lat' dir='ltr'><strong>antequam</strong></span> <span class='ocrx_word' id='word_1_81' title='bbox 1051 926 1179 999; x_wconf 86' lang='lat' dir='ltr'><strong>denique</strong></span> <span class='ocrx_word' id='word_1_82' title='bbox 1191 925 1246 978; x_wconf 91' lang='lat' dir='ltr'><strong>ista</strong></span> 
     </span>
     <span class='ocr_line' id='line_1_10' title="bbox 215 1009 1245 1088; baseline -0.01 -17"><span class='ocrx_word' id='word_1_83' title='bbox 215 1016 430 1083; x_wconf 76' lang='lat' dir='ltr'><strong>scriberentur,</strong></span> <span class='ocrx_word' id='word_1_84' title='bbox 450 1031 524 1088; x_wconf 89' lang='lat' dir='ltr'><strong>quoe</strong></span> <span class='ocrx_word' id='word_1_85' title='bbox 538 1011 573 1066; x_wconf 92' lang='lat' dir='ltr'><strong>de</strong></span> <span class='ocrx_word' id='word_1_86' title='bbox 587 1012 669 1067; x_wconf 88' lang='lat' dir='ltr'><strong>libris</strong></span> <span class='ocrx_word' id='word_1_87' title='bbox 684 1028 784 1065; x_wconf 88' lang='lat' dir='ltr'><strong>eorum</strong></span> <span class='ocrx_word' id='word_1_88' title='bbox 799 1010 989 1084; x_wconf 81' lang='lat' dir='ltr'><strong>proferbnus3</strong></span> <span class='ocrx_word' id='word_1_89' title='bbox 1013 1009 1065 1064; x_wconf 90' lang='lat' dir='ltr'><strong>scd</strong></span> <span class='ocrx_word' id='word_1_90' title='bbox 1079 1017 1182 1063; x_wconf 90' lang='lat' dir='ltr'><strong>tamen</strong></span> <span class='ocrx_word' id='word_1_91' title='bbox 1195 1023 1245 1078; x_wconf 83' lang='lat' dir='ltr'><strong>po-</strong></span> 
     </span>
     <span class='ocr_line' id='line_1_11' title="bbox 215 1090 1247 1170; baseline -0.01 -17"><span class='ocrx_word' id='word_1_92' title='bbox 215 1107 278 1153; x_wconf 86' lang='lat' dir='ltr'><strong>stea</strong></span> <span class='ocrx_word' id='word_1_93' title='bbox 291 1115 377 1170; x_wconf 90' lang='lat' dir='ltr'><strong>quam</strong></span> <span class='ocrx_word' id='word_1_94' title='bbox 390 1095 500 1150; x_wconf 85' lang='lat' dir='ltr'><strong>facturn</strong></span> <span class='ocrx_word' id='word_1_95' title='bbox 514 1104 559 1150; x_wconf 90' lang='lat' dir='ltr'><strong>est</strong></span> <span class='ocrx_word' id='word_1_96' title='bbox 573 1095 625 1150; x_wconf 90' lang='lat' dir='ltr'><strong>sub</strong></span> <span class='ocrx_word' id='word_1_97' title='bbox 639 1111 711 1169; x_wconf 82' lang='lat' dir='ltr'><strong>rege</strong></span> <span class='ocrx_word' id='word_1_98' title='bbox 724 1091 887 1166; x_wconf 88' lang='lat' dir='ltr'><strong>Tarquinio</strong></span> <span class='ocrx_word' id='word_1_99' title='bbox 901 1091 975 1148; x_wconf 94' lang='lat' dir='ltr'><strong>illud</strong></span> <span class='ocrx_word' id='word_1_100' title='bbox 987 1091 1168 1164; x_wconf 89' lang='lat' dir='ltr'><strong>auspicium,</strong></span> <span class='ocrx_word' id='word_1_101' title='bbox 1196 1090 1247 1144; x_wconf 90' lang='lat' dir='ltr'><strong>ali·</strong></span> 
     </span>
     <span class='ocr_line' id='line_1_12' title="bbox 216 1171 1248 1254; baseline -0.009 -20"><span class='ocrx_word' id='word_1_102' title='bbox 216 1179 331 1254; x_wconf 87' lang='lat' dir='ltr'><strong>quotics</strong></span> <span class='ocrx_word' id='word_1_103' title='bbox 346 1176 497 1234; x_wconf 87' lang='lat' dir='ltr'><strong>Romanus</strong></span> <span class='ocrx_word' id='word_1_104' title='bbox 512 1177 661 1232; x_wconf 84' lang='lat' dir='ltr'><strong>exercitus</strong></span> <span class='ocrx_word' id='word_1_105' title='bbox 675 1175 759 1230; x_wconf 79' lang='lat' dir='ltr'><strong>fusus</strong></span> <span class='ocrx_word' id='word_1_106' title='bbox 773 1183 829 1245; x_wconf 91' lang='lat' dir='ltr'><strong>est,</strong></span> <span class='ocrx_word' id='word_1_107' title='bbox 842 1174 897 1231; x_wconf 93' lang='lat' dir='ltr'><strong>hoc</strong></span> <span class='ocrx_word' id='word_1_108' title='bbox 910 1183 967 1245; x_wconf 90' lang='lat' dir='ltr'><strong>est,</strong></span> <span class='ocrx_word' id='word_1_109' title='bbox 980 1191 1083 1229; x_wconf 84' lang='lat' dir='ltr'><strong>versus</strong></span> <span class='ocrx_word' id='word_1_110' title='bbox 1094 1175 1127 1228; x_wconf 92' lang='lat' dir='ltr'><strong>iu</strong></span> <span class='ocrx_word' id='word_1_111' title='bbox 1137 1171 1248 1248; x_wconf 80' lang='lat' dir='ltr'><strong>fugam,</strong></span> 
     </span>
     <span class='ocr_line' id='line_1_13' title="bbox 215 1255 1250 1335; baseline -0.009 -18"><span class='ocrx_word' id='word_1_112' title='bbox 215 1261 380 1335; x_wconf 82' lang='lat' dir='ltr'><strong>falsumque</strong></span> <span class='ocrx_word' id='word_1_113' title='bbox 395 1259 525 1315; x_wconf 87' lang='lat' dir='ltr'><strong>ostendit</strong></span> <span class='ocrx_word' id='word_1_114' title='bbox 539 1258 711 1332; x_wconf 88' lang='lat' dir='ltr'><strong>auspicium,</strong></span> <span class='ocrx_word' id='word_1_115' title='bbox 740 1256 817 1332; x_wconf 89' lang='lat' dir='ltr'><strong>quod</strong></span> <span class='ocrx_word' id='word_1_116' title='bbox 830 1255 967 1312; x_wconf 84' lang='lat' dir='ltr'><strong>luventas</strong></span> <span class='ocrx_word' id='word_1_117' title='bbox 981 1257 1032 1310; x_wconf 91' lang='lat' dir='ltr'><strong>illa</strong></span> <span class='ocrx_word' id='word_1_118' title='bbox 1045 1274 1105 1310; x_wconf 92' lang='lat' dir='ltr'><strong>non</strong></span> <span class='ocrx_word' id='word_1_119' title='bbox 1120 1262 1250 1310; x_wconf 81' lang='lat' dir='ltr'><strong>cesserat</strong></span> 
     </span>
     <span class='ocr_line' id='line_1_14' title="bbox 215 1336 1250 1419; baseline -0.009 -19"><span class='ocrx_word' id='word_1_120' title='bbox 215 1343 296 1414; x_wconf 84' lang='lat' dir='ltr'><strong>lovi3</strong></span> <span class='ocrx_word' id='word_1_121' title='bbox 323 1352 353 1398; x_wconf 92' lang='grc' dir='ltr'><strong>ιι</strong></span> <span class='ocrx_word' id='word_1_122' title='bbox 365 1360 439 1419; x_wconf 80' lang='lat' dir='ltr'><strong>gens</strong></span> <span class='ocrx_word' id='word_1_123' title='bbox 453 1340 570 1412; x_wconf 87' lang='lat' dir='ltr'><strong>Martia,</strong></span> <span class='ocrx_word' id='word_1_124' title='bbox 585 1339 789 1414; x_wconf 86' lang='lat' dir='ltr'><strong>superantilurs</strong></span> <span class='ocrx_word' id='word_1_125' title='bbox 803 1347 891 1414; x_wconf 89' lang='lat' dir='ltr'><strong>atquc</strong></span> <span class='ocrx_word' id='word_1_126' title='bbox 903 1337 1130 1412; x_wconf 87' lang='lat' dir='ltr'><strong>irrumpentibus</strong></span> <span class='ocrx_word' id='word_1_127' title='bbox 1145 1336 1250 1404; x_wconf 88' lang='lat' dir='ltr'><strong>Gallis,</strong></span> 
     </span>
     <span class='ocr_line' id='line_1_15' title="bbox 215 1419 1250 1499; baseline -0.009 -15"><span class='ocrx_word' id='word_1_128' title='bbox 215 1429 248 1484; x_wconf 91' lang='lat' dir='ltr'><strong>in</strong></span> <span class='ocrx_word' id='word_1_129' title='bbox 261 1428 324 1499; x_wconf 88' lang='lat' dir='ltr'><strong>ipsa</strong></span> <span class='ocrx_word' id='word_1_130' title='bbox 336 1424 414 1480; x_wconf 93' lang='lat' dir='ltr'><strong>Vrbe</strong></span> <span class='ocrx_word' id='word_1_131' title='bbox 429 1425 556 1480; x_wconf 90' lang='lat' dir='ltr'><strong>contrita</strong></span> <span class='ocrx_word' id='word_1_132' title='bbox 570 1431 630 1494; x_wconf 82' lang='lat' dir='ltr'><strong>cst3</strong></span> <span class='ocrx_word' id='word_1_133' title='bbox 644 1430 674 1476; x_wconf 90' lang='grc' dir='ltr'><strong>ιι</strong></span> <span class='ocrx_word' id='word_1_134' title='bbox 686 1423 805 1478; x_wconf 86' lang='lat' dir='ltr'><strong>termini</strong></span> <span class='ocrx_word' id='word_1_135' title='bbox 818 1422 944 1494; x_wconf 89' lang='lat' dir='ltr'><strong>imperii,</strong></span> <span class='ocrx_word' id='word_1_136' title='bbox 958 1419 1162 1476; x_wconf 85' lang='lat' dir='ltr'><strong>deficientibus</strong></span> <span class='ocrx_word' id='word_1_137' title='bbox 1176 1420 1250 1475; x_wconf 89' lang='lat' dir='ltr'><strong>raul-</strong></span> 
     </span>
     <span class='ocr_line' id='line_1_16' title="bbox 215 1502 1251 1581; baseline -0.01 -16"><span class='ocrx_word' id='word_1_138' title='bbox 215 1511 255 1566; x_wconf 91' lang='lat' dir='ltr'><strong>tis</strong></span> <span class='ocrx_word' id='word_1_139' title='bbox 269 1507 305 1562; x_wconf 88' lang='lat' dir='ltr'><strong>ad</strong></span> <span class='ocrx_word' id='word_1_140' title='bbox 318 1506 513 1562; x_wconf 86' lang='lat' dir='ltr'><strong>Hannibalern</strong></span> <span class='ocrx_word' id='word_1_141' title='bbox 528 1504 713 1574; x_wconf 85' lang='lat' dir='ltr'><strong>civitatibus,</strong></span> <span class='ocrx_word' id='word_1_142' title='bbox 739 1506 771 1560; x_wconf 94' lang='lat' dir='ltr'><strong>in</strong></span> <span class='ocrx_word' id='word_1_143' title='bbox 789 1513 948 1581; x_wconf 81' lang='lat' dir='ltr'><strong>angustum</strong></span> <span class='ocrx_word' id='word_1_144' title='bbox 966 1503 1086 1559; x_wconf 81' lang='lat' dir='ltr'><strong>fueraut</strong></span> <span class='ocrx_word' id='word_1_145' title='bbox 1099 1502 1251 1558; x_wconf 86' lang='lat' dir='ltr'><strong>coarctati.</strong></span> 
     </span>
     <span class='ocr_line' id='line_1_17' title="bbox 216 1583 1251 1660; baseline -0.009 -13"><span class='ocrx_word' id='word_1_146' title='bbox 216 1591 260 1647; x_wconf 90' lang='lat' dir='ltr'><strong>lta</strong></span> <span class='ocrx_word' id='word_1_147' title='bbox 274 1596 413 1645; x_wconf 79' lang='lat' dir='ltr'><strong>evacuata</strong></span> <span class='ocrx_word' id='word_1_148' title='bbox 427 1596 472 1644; x_wconf 88' lang='grc' dir='ltr'><strong>ιιι</strong></span> <span class='ocrx_word' id='word_1_149' title='bbox 484 1585 669 1660; x_wconf 89' lang='lat' dir='ltr'><strong>pulchritudo</strong></span> <span class='ocrx_word' id='word_1_150' title='bbox 682 1587 900 1660; x_wconf 82' lang='lat' dir='ltr'><strong>auspiciorum,</strong></span> <span class='ocrx_word' id='word_1_151' title='bbox 920 1587 1062 1642; x_wconf 80' lang='lat' dir='ltr'><strong>remansit</strong></span> <span class='ocrx_word' id='word_1_152' title='bbox 1083 1593 1189 1641; x_wconf 86' lang='lat' dir='ltr'><strong>contra</strong></span> <span class='ocrx_word' id='word_1_153' title='bbox 1205 1583 1251 1639; x_wconf 93' lang='lat' dir='ltr'><strong>Io-</strong></span> 
     </span>
     <span class='ocr_line' id='line_1_18' title="bbox 166 1667 1255 1740; baseline -0.006 -12"><span class='ocrx_word' id='word_1_154' title='bbox 166 1702 170 1710; x_wconf 93' lang='lat'>·</span> <span class='ocrx_word' id='word_1_155' title='bbox 216 1691 283 1728; x_wconf 85' lang='lat' dir='ltr'><strong>rem</strong></span> <span class='ocrx_word' id='word_1_156' title='bbox 297 1671 497 1740; x_wconf 89' lang='lat' dir='ltr'><strong>contumacia,</strong></span> <span class='ocrx_word' id='word_1_157' title='bbox 525 1688 585 1725; x_wconf 92' lang='lat' dir='ltr'><strong>nou</strong></span> <span class='ocrx_word' id='word_1_158' title='bbox 605 1668 744 1738; x_wconf 87' lang='lat' dir='ltr'><strong>deorum,</strong></span> <span class='ocrx_word' id='word_1_159' title='bbox 771 1667 823 1723; x_wconf 91' lang='lat' dir='ltr'><strong>scd</strong></span> <span class='ocrx_word' id='word_1_160' title='bbox 844 1668 1073 1724; x_wconf 86' lang='lat' dir='ltr'><strong>daemoniorum.</strong></span> <span class='ocrx_word' id='word_1_161' title='bbox 1100 1667 1191 1723; x_wconf 84' lang='lat' dir='ltr'><strong>Aliud</strong></span> <span class='ocrx_word' id='word_1_162' title='bbox 1211 1676 1255 1721; x_wconf 88' lang='lat' dir='ltr'><strong>est</strong></span> 
     </span>
     <span class='ocr_line' id='line_1_19' title="bbox 217 1749 1255 1825; baseline -0.006 -15"><span class='ocrx_word' id='word_1_163' title='bbox 217 1756 296 1811; x_wconf 91' lang='lat' dir='ltr'><strong>enim</strong></span> <span class='ocrx_word' id='word_1_164' title='bbox 314 1771 374 1808; x_wconf 89' lang='lat' dir='ltr'><strong>non</strong></span> <span class='ocrx_word' id='word_1_165' title='bbox 399 1753 535 1821; x_wconf 87' lang='lat' dir='ltr'><strong>cessisse,</strong></span> <span class='ocrx_word' id='word_1_166' title='bbox 561 1749 641 1806; x_wconf 89' lang='lat' dir='ltr'><strong>aliud</strong></span> <span class='ocrx_word' id='word_1_167' title='bbox 653 1750 731 1806; x_wconf 91' lang='lat' dir='ltr'><strong>unde</strong></span> <span class='ocrx_word' id='word_1_168' title='bbox 745 1769 876 1806; x_wconf 87' lang='lat' dir='ltr'><strong>cesseras</strong></span> <span class='ocrx_word' id='word_1_169' title='bbox 889 1751 1011 1806; x_wconf 88' lang='lat' dir='ltr'><strong>redisse.</strong></span> <span class='ocrx_word' id='word_1_170' title='bbox 1038 1752 1216 1825; x_wconf 77' lang='lat' dir='ltr'><strong>Quanquam</strong></span> <span class='ocrx_word' id='word_1_171' title='bbox 1226 1758 1255 1804; x_wconf 92' lang='lat' dir='ltr'><strong>ct</strong></span> 
     </span>
     <span class='ocr_line' id='line_1_20' title="bbox 216 1832 1257 1912; baseline -0.005 -21"><span class='ocrx_word' id='word_1_172' title='bbox 216 1845 320 1912; x_wconf 88' lang='lat' dir='ltr'><strong>postea</strong></span> <span class='ocrx_word' id='word_1_173' title='bbox 333 1836 365 1889; x_wconf 88' lang='lat' dir='ltr'><strong>in</strong></span> <span class='ocrx_word' id='word_1_174' title='bbox 378 1833 578 1890; x_wconf 83' lang='lat' dir='ltr'><strong>Orientalibus</strong></span> <span class='ocrx_word' id='word_1_175' title='bbox 591 1834 722 1908; x_wconf 90' lang='lat' dir='ltr'><strong>partibus</strong></span> <span class='ocrx_word' id='word_1_176' title='bbox 736 1832 882 1890; x_wconf 89' lang='lat' dir='ltr'><strong>Hadriani</strong></span> <span class='ocrx_word' id='word_1_177' title='bbox 900 1834 1051 1894; x_wconf 84' lang='lat' dir='ltr'><strong>voluntate</strong></span> <span class='ocrx_word' id='word_1_178' title='bbox 1063 1835 1174 1891; x_wconf 86' lang='lat' dir='ltr'><strong>mutati</strong></span> <span class='ocrx_word' id='word_1_179' title='bbox 1188 1840 1257 1888; x_wconf 85' lang='lat' dir='ltr'><strong>sunt</strong></span> 
     </span>
     <span class='ocr_line' id='line_1_21' title="bbox 216 1915 1255 1992; baseline -0.006 -17"><span class='ocrx_word' id='word_1_180' title='bbox 216 1918 337 1976; x_wconf 89' lang='lat' dir='ltr'><strong>termini</strong></span> <span class='ocrx_word' id='word_1_181' title='bbox 354 1917 469 1991; x_wconf 90' lang='lat' dir='ltr'><strong>imperii</strong></span> <span class='ocrx_word' id='word_1_182' title='bbox 481 1915 616 1972; x_wconf 89' lang='lat' dir='ltr'><strong>Romani.</strong></span> <span class='ocrx_word' id='word_1_183' title='bbox 655 1916 702 1972; x_wconf 93' lang='lat' dir='ltr'><strong>llli</strong></span> <span class='ocrx_word' id='word_1_184' title='bbox 722 1935 846 1992; x_wconf 84' lang='lat' dir='ltr'><strong>namque</strong></span> <span class='ocrx_word' id='word_1_185' title='bbox 868 1925 928 1972; x_wconf 89' lang='lat' dir='ltr'><strong>tres</strong></span> <span class='ocrx_word' id='word_1_186' title='bbox 948 1918 1114 1991; x_wconf 85' lang='lat' dir='ltr'><strong>provincias</strong></span> <span class='ocrx_word' id='word_1_187' title='bbox 1140 1916 1255 1973; x_wconf 91' lang='lat' dir='ltr'><strong>nobiles</strong></span> 
     </span>
     <span class='ocr_line' id='line_1_22' title="bbox 217 1998 1255 2074; baseline -0.004 -16"><span class='ocrx_word' id='word_1_188' title='bbox 217 2001 395 2070; x_wconf 82' lang='lat' dir='ltr'><strong>Armeniam,</strong></span> <span class='ocrx_word' id='word_1_189' title='bbox 417 1998 666 2074; x_wconf 88' lang='lat' dir='ltr'><strong>Mesopotamiam,</strong></span> <span class='ocrx_word' id='word_1_190' title='bbox 688 1999 851 2074; x_wconf 84' lang='lat' dir='ltr'><strong>Assyriam,</strong></span> <span class='ocrx_word' id='word_1_191' title='bbox 865 1998 1023 2056; x_wconf 87' lang='lat' dir='ltr'><strong>Persarum</strong></span> <span class='ocrx_word' id='word_1_192' title='bbox 1036 2001 1188 2056; x_wconf 84' lang='lat' dir='ltr'><strong>concessit</strong></span> <span class='ocrx_word' id='word_1_193' title='bbox 1202 2000 1255 2054; x_wconf 90' lang='lat' dir='ltr'><strong>im·</strong></span> 
     </span>
     <span class='ocr_line' id='line_1_23' title="bbox 216 2081 1259 2157; baseline -0.003 -18"><span class='ocrx_word' id='word_1_194' title='bbox 216 2085 314 2157; x_wconf 91' lang='lat' dir='ltr'><strong>perio:</strong></span> <span class='ocrx_word' id='word_1_195' title='bbox 328 2092 362 2139; x_wconf 95' lang='lat' dir='ltr'><strong>ut</strong></span> <span class='ocrx_word' id='word_1_196' title='bbox 376 2082 446 2138; x_wconf 90' lang='lat' dir='ltr'><strong>deus</strong></span> <span class='ocrx_word' id='word_1_197' title='bbox 460 2084 510 2138; x_wconf 85' lang='lat' dir='ltr'><strong>ifle</strong></span> <span class='ocrx_word' id='word_1_198' title='bbox 524 2081 693 2152; x_wconf 88' lang='lat' dir='ltr'><strong>Terminus,</strong></span> <span class='ocrx_word' id='word_1_199' title='bbox 713 2084 763 2156; x_wconf 83' lang='lat' dir='ltr'><strong>qui</strong></span> <span class='ocrx_word' id='word_1_200' title='bbox 776 2081 924 2138; x_wconf 85' lang='lat' dir='ltr'><strong>Romanos</strong></span> <span class='ocrx_word' id='word_1_201' title='bbox 938 2084 1078 2138; x_wconf 90' lang='lat' dir='ltr'><strong>terminos</strong></span> <span class='ocrx_word' id='word_1_202' title='bbox 1093 2081 1259 2138; x_wconf 89' lang='lat' dir='ltr'><strong>secundum</strong></span> 
     </span>
     <span class='ocr_line' id='line_1_24' title="bbox 217 2162 1259 2239; baseline -0.003 -18"><span class='ocrx_word' id='word_1_203' title='bbox 217 2169 290 2221; x_wconf 88' lang='lat' dir='ltr'><strong>istos</strong></span> <span class='ocrx_word' id='word_1_204' title='bbox 304 2166 454 2236; x_wconf 88' lang='lat' dir='ltr'><strong>tuebatur,</strong></span> <span class='ocrx_word' id='word_1_205' title='bbox 481 2174 511 2220; x_wconf 89' lang='lat' dir='ltr'><strong>et</strong></span> <span class='ocrx_word' id='word_1_206' title='bbox 527 2183 579 2238; x_wconf 89' lang='lat' dir='ltr'><strong>per</strong></span> <span class='ocrx_word' id='word_1_207' title='bbox 599 2163 671 2219; x_wconf 93' lang='lat' dir='ltr'><strong>illud</strong></span> <span class='ocrx_word' id='word_1_208' title='bbox 689 2162 918 2239; x_wconf 89' lang='lat' dir='ltr'><strong>pulcherrimum</strong></span> <span class='ocrx_word' id='word_1_209' title='bbox 936 2167 1099 2238; x_wconf 87' lang='lat' dir='ltr'><strong>auspicium</strong></span> <span class='ocrx_word' id='word_1_210' title='bbox 1110 2165 1182 2220; x_wconf 93' lang='lat' dir='ltr'><strong>loco</strong></span> <span class='ocrx_word' id='word_1_211' title='bbox 1197 2183 1259 2220; x_wconf 91' lang='lat' dir='ltr'><strong>uon</strong></span> 
     </span>
     <span class='ocr_line' id='line_1_25' title="bbox 218 2245 1260 2326; baseline 0 -24"><span class='ocrx_word' id='word_1_212' title='bbox 218 2256 348 2304; x_wconf 88' lang='lat' dir='ltr'><strong>cesserat</strong></span> <span class='ocrx_word' id='word_1_213' title='bbox 360 2247 440 2317; x_wconf 83' lang='lat' dir='ltr'><strong>lori,</strong></span> <span class='ocrx_word' id='word_1_214' title='bbox 465 2249 529 2321; x_wconf 93' lang='lat' dir='ltr'><strong>plus</strong></span> <span class='ocrx_word' id='word_1_215' title='bbox 543 2245 843 2326; x_wconf 28' lang='lat' dir='ltr'><strong>Hadrianumlregem</strong></span> <span class='ocrx_word' id='word_1_216' title='bbox 860 2246 1026 2318; x_wconf 88' lang='lat' dir='ltr'><strong>bominum,</strong></span> <span class='ocrx_word' id='word_1_217' title='bbox 1053 2265 1142 2322; x_wconf 85' lang='lat' dir='ltr'><strong>quam</strong></span> <span class='ocrx_word' id='word_1_218' title='bbox 1155 2267 1260 2324; x_wconf 78' lang='lat' dir='ltr'><strong>regem</strong></span> 
     </span>
     <span class='ocr_line' id='line_1_26' title="bbox 219 2327 1260 2405; baseline -0.001 -20"><span class='ocrx_word' id='word_1_219' title='bbox 219 2331 339 2386; x_wconf 90' lang='lat' dir='ltr'><strong>deorum</strong></span> <span class='ocrx_word' id='word_1_220' title='bbox 351 2331 484 2384; x_wconf 87' lang='lat' dir='ltr'><strong>timuisse</strong></span> <span class='ocrx_word' id='word_1_221' title='bbox 497 2328 640 2384; x_wconf 82' lang='lat' dir='ltr'><strong>videatur.</strong></span> <span class='ocrx_word' id='word_1_222' title='bbox 678 2327 817 2404; x_wconf 88' lang='lat' dir='ltr'><strong>Receptis</strong></span> <span class='ocrx_word' id='word_1_223' title='bbox 837 2347 953 2405; x_wconf 90' lang='lat' dir='ltr'><strong>quoquc</strong></span> <span class='ocrx_word' id='word_1_224' title='bbox 970 2331 1028 2385; x_wconf 91' lang='lat' dir='ltr'><strong>alio</strong></span> <span class='ocrx_word' id='word_1_225' title='bbox 1043 2339 1177 2404; x_wconf 88' lang='lat' dir='ltr'><strong>tempore</strong></span> <span class='ocrx_word' id='word_1_226' title='bbox 1189 2349 1260 2402; x_wconf 94' lang='lat' dir='ltr'><strong>pro·</strong></span> 
     </span>
     <span class='ocr_line' id='line_1_27' title="bbox 217 2412 1262 2486; baseline 0 -18"><span class='ocrx_word' id='word_1_227' title='bbox 217 2414 324 2468; x_wconf 90' lang='lat' dir='ltr'><strong>vinciis</strong></span> <span class='ocrx_word' id='word_1_228' title='bbox 337 2412 515 2482; x_wconf 88' lang='lat' dir='ltr'><strong>memoratis,</strong></span> <span class='ocrx_word' id='word_1_229' title='bbox 529 2420 633 2467; x_wconf 88' lang='lat' dir='ltr'><strong>nostra</strong></span> <span class='ocrx_word' id='word_1_230' title='bbox 644 2431 719 2486; x_wconf 91' lang='lat' dir='ltr'><strong>pene</strong></span> <span class='ocrx_word' id='word_1_231' title='bbox 730 2413 869 2480; x_wconf 85' lang='lat' dir='ltr'><strong>mernoria</strong></span> <span class='ocrx_word' id='word_1_232' title='bbox 879 2421 1026 2468; x_wconf 89' lang='lat' dir='ltr'><strong>retrorsus</strong></span> <span class='ocrx_word' id='word_1_233' title='bbox 1036 2413 1184 2468; x_wconf 90' lang='lat' dir='ltr'><strong>terminus</strong></span> <span class='ocrx_word' id='word_1_234' title='bbox 1195 2431 1262 2468; x_wconf 87' lang='lat' dir='ltr'><strong>ecs·</strong></span> 
     </span>
     <span class='ocr_line' id='line_1_28' title="bbox 218 2492 1261 2570; baseline 0 -20"><span class='ocrx_word' id='word_1_235' title='bbox 218 2496 268 2566; x_wconf 89' lang='lat' dir='ltr'><strong>sit,</strong></span> <span class='ocrx_word' id='word_1_236' title='bbox 289 2493 405 2570; x_wconf 88' lang='lat' dir='ltr'><strong>quando</strong></span> <span class='ocrx_word' id='word_1_237' title='bbox 419 2492 549 2550; x_wconf 90' lang='lat' dir='ltr'><strong>Iulianus</strong></span> <span class='ocrx_word' id='word_1_238' title='bbox 563 2494 684 2550; x_wconf 89' lang='lat' dir='ltr'><strong>deorum</strong></span> <span class='ocrx_word' id='word_1_239' title='bbox 698 2495 812 2551; x_wconf 91' lang='lat' dir='ltr'><strong>illorum</strong></span> <span class='ocrx_word' id='word_1_240' title='bbox 827 2496 951 2550; x_wconf 87' lang='lat' dir='ltr'><strong>oraculis</strong></span> <span class='ocrx_word' id='word_1_241' title='bbox 966 2495 1092 2565; x_wconf 90' lang='lat' dir='ltr'><strong>deditus,</strong></span> <span class='ocrx_word' id='word_1_242' title='bbox 1113 2496 1261 2552; x_wconf 88' lang='lat' dir='ltr'><strong>immode-</strong></span> 
     </span>
     <span class='ocr_line' id='line_1_29' title="bbox 217 2576 1264 2654; baseline 0.002 -22"><span class='ocrx_word' id='word_1_243' title='bbox 217 2587 282 2634; x_wconf 86' lang='lat' dir='ltr'><strong>rato</strong></span> <span class='ocrx_word' id='word_1_244' title='bbox 296 2594 370 2632; x_wconf 88' lang='lat' dir='ltr'><strong>ausu</strong></span> <span class='ocrx_word' id='word_1_245' title='bbox 385 2595 475 2632; x_wconf 88' lang='lat' dir='ltr'><strong>naves</strong></span> <span class='ocrx_word' id='word_1_246' title='bbox 490 2579 577 2632; x_wconf 86' lang='lat' dir='ltr'><strong>iussit</strong></span> <span class='ocrx_word' id='word_1_247' title='bbox 587 2576 707 2632; x_wconf 92' lang='lat' dir='ltr'><strong>incendi</strong></span> <span class='ocrx_word' id='word_1_248' title='bbox 720 2578 825 2652; x_wconf 89' lang='lat' dir='ltr'><strong>quibus</strong></span> <span class='ocrx_word' id='word_1_249' title='bbox 837 2579 975 2634; x_wconf 87' lang='lat' dir='ltr'><strong>alimonia</strong></span> <span class='ocrx_word' id='word_1_250' title='bbox 985 2578 1174 2652; x_wconf 86' lang='lat' dir='ltr'><strong>portabatur:</strong></span> <span class='ocrx_word' id='word_1_251' title='bbox 1203 2597 1264 2654; x_wconf 85' lang='lat' dir='ltr'><strong>qua</strong></span> 
     </span>
     <span class='ocr_line' id='line_1_30' title="bbox 219 2658 1263 2736; baseline 0.003 -22"><span class='ocrx_word' id='word_1_252' title='bbox 219 2661 365 2715; x_wconf 84' lang='lat' dir='ltr'><strong>exercitus</strong></span> <span class='ocrx_word' id='word_1_253' title='bbox 380 2658 551 2730; x_wconf 88' lang='lat' dir='ltr'><strong>destitutus,</strong></span> <span class='ocrx_word' id='word_1_254' title='bbox 578 2676 647 2715; x_wconf 81' lang='lat' dir='ltr'><strong>mox</strong></span> <span class='ocrx_word' id='word_1_255' title='bbox 661 2661 749 2716; x_wconf 90' lang='lat' dir='ltr'><strong>etiarn</strong></span> <span class='ocrx_word' id='word_1_256' title='bbox 762 2662 826 2736; x_wconf 93' lang='lat' dir='ltr'><strong>ipso</strong></span> <span class='ocrx_word' id='word_1_257' title='bbox 845 2658 945 2715; x_wconf 90' lang='lat' dir='ltr'><strong>hostili</strong></span> <span class='ocrx_word' id='word_1_258' title='bbox 957 2662 1080 2717; x_wconf 88' lang='lat' dir='ltr'><strong>vulnere</strong></span> <span class='ocrx_word' id='word_1_259' title='bbox 1094 2663 1263 2733; x_wconf 84' lang='lat' dir='ltr'><strong>exstincto,</strong></span> 
     </span>
     <span class='ocr_line' id='line_1_31' title="bbox 217 2740 1263 2816; baseline 0.002 -18"><span class='ocrx_word' id='word_1_260' title='bbox 217 2745 375 2798; x_wconf 85' lang='lat' dir='ltr'><strong>intantum</strong></span> <span class='ocrx_word' id='word_1_261' title='bbox 389 2750 434 2794; x_wconf 89' lang='lat' dir='ltr'><strong>est</strong></span> <span class='ocrx_word' id='word_1_262' title='bbox 445 2740 582 2796; x_wconf 86' lang='lat' dir='ltr'><strong>redactus</strong></span> <span class='ocrx_word' id='word_1_263' title='bbox 597 2743 737 2816; x_wconf 86' lang='lat' dir='ltr'><strong>inopiam,</strong></span> <span class='ocrx_word' id='word_1_264' title='bbox 756 2752 788 2798; x_wconf 91' lang='lat' dir='ltr'><strong>ut</strong></span> <span class='ocrx_word' id='word_1_265' title='bbox 801 2743 869 2799; x_wconf 91' lang='lat' dir='ltr'><strong>inde</strong></span> <span class='ocrx_word' id='word_1_266' title='bbox 883 2745 980 2798; x_wconf 91' lang='lat' dir='ltr'><strong>nullus</strong></span> <span class='ocrx_word' id='word_1_267' title='bbox 995 2742 1145 2815; x_wconf 88' lang='lat' dir='ltr'><strong>evaderet,</strong></span> <span class='ocrx_word' id='word_1_268' title='bbox 1168 2743 1263 2800; x_wconf 88' lang='lat' dir='ltr'><strong>undi-</strong></span> 
     </span>
     <span class='ocr_line' id='line_1_32' title="bbox 218 2823 1263 2899; baseline 0.004 -19"><span class='ocrx_word' id='word_1_269' title='bbox 218 2842 273 2897; x_wconf 90' lang='lat' dir='ltr'><strong>quc</strong></span> <span class='ocrx_word' id='word_1_270' title='bbox 287 2823 420 2878; x_wconf 80' lang='lat' dir='ltr'><strong>liastibus</strong></span> <span class='ocrx_word' id='word_1_271' title='bbox 446 2823 665 2878; x_wconf 87' lang='lat' dir='ltr'><strong>incursantibus</strong></span> <span class='ocrx_word' id='word_1_272' title='bbox 687 2827 816 2888; x_wconf 70' lang='lat' dir='ltr'><strong>militem</strong></span> <span class='ocrx_word' id='word_1_273' title='bbox 833 2827 1016 2899; x_wconf 86' lang='lat' dir='ltr'><strong>imperatoris</strong></span> <span class='ocrx_word' id='word_1_274' title='bbox 1035 2835 1130 2881; x_wconf 81' lang='lat' dir='ltr'><strong>nrorte</strong></span> <span class='ocrx_word' id='word_1_275' title='bbox 1150 2828 1263 2892; x_wconf 84' lang='lat' dir='ltr'><strong>turba-</strong></span> 
     </span>
     <span class='ocr_line' id='line_1_33' title="bbox 216 2905 1264 2981; baseline 0.006 -21"><span class='ocrx_word' id='word_1_276' title='bbox 216 2915 295 2974; x_wconf 90' lang='lat' dir='ltr'><strong>tum,</strong></span> <span class='ocrx_word' id='word_1_277' title='bbox 322 2905 382 2958; x_wconf 86' lang='lat' dir='ltr'><strong>nisi</strong></span> <span class='ocrx_word' id='word_1_278' title='bbox 403 2905 508 2977; x_wconf 92' lang='lat' dir='ltr'><strong>placito</strong></span> <span class='ocrx_word' id='word_1_279' title='bbox 526 2907 605 2977; x_wconf 88' lang='lat' dir='ltr'><strong>pacis</strong></span> <span class='ocrx_word' id='word_1_280' title='bbox 622 2907 683 2962; x_wconf 92' lang='lat' dir='ltr'><strong>illic</strong></span> <span class='ocrx_word' id='word_1_281' title='bbox 697 2909 812 2981; x_wconf 88' lang='lat' dir='ltr'><strong>imperii</strong></span> <span class='ocrx_word' id='word_1_282' title='bbox 824 2906 898 2961; x_wconf 88' lang='lat' dir='ltr'><strong>fines</strong></span> <span class='ocrx_word' id='word_1_283' title='bbox 912 2911 1181 2981; x_wconf 86' lang='lat' dir='ltr'><strong>constituerentur,</strong></span> <span class='ocrx_word' id='word_1_284' title='bbox 1210 2911 1264 2966; x_wconf 91' lang='lat' dir='ltr'><strong>ubi</strong></span> 
     </span>
     <span class='ocr_line' id='line_1_34' title="bbox 216 2987 1266 3065; baseline 0.009 -25"><span class='ocrx_word' id='word_1_285' title='bbox 216 2987 359 3058; x_wconf 89' lang='lat' dir='ltr'><strong>hodieque</strong></span> <span class='ocrx_word' id='word_1_286' title='bbox 371 2987 546 3058; x_wconf 70' lang='lat' dir='ltr'><strong>persistunt,</strong></span> <span class='ocrx_word' id='word_1_287' title='bbox 573 3007 632 3043; x_wconf 93' lang='lat' dir='ltr'><strong>uon</strong></span> <span class='ocrx_word' id='word_1_288' title='bbox 653 2989 770 3064; x_wconf 86' lang='lat' dir='ltr'><strong>quidem</strong></span> <span class='ocrx_word' id='word_1_289' title='bbox 787 2997 869 3044; x_wconf 92' lang='lat' dir='ltr'><strong>tanto</strong></span> <span class='ocrx_word' id='word_1_290' title='bbox 891 2989 1083 3061; x_wconf 88' lang='lat' dir='ltr'><strong>detrimento,</strong></span> <span class='ocrx_word' id='word_1_291' title='bbox 1109 3003 1266 3065; x_wconf 86' lang='lat' dir='ltr'><strong>quantum</strong></span> 
     </span>
     <span class='ocr_line' id='line_1_35' title="bbox 219 3066 1264 3148; baseline 0.007 -25"><span class='ocrx_word' id='word_1_292' title='bbox 219 3076 406 3124; x_wconf 84' lang='lat' dir='ltr'><strong>concesserat</strong></span> <span class='ocrx_word' id='word_1_293' title='bbox 417 3066 602 3142; x_wconf 87' lang='lat' dir='ltr'><strong>Hadrianus,</strong></span> <span class='ocrx_word' id='word_1_294' title='bbox 630 3071 681 3126; x_wconf 90' lang='lat' dir='ltr'><strong>sed</strong></span> <span class='ocrx_word' id='word_1_295' title='bbox 701 3070 798 3125; x_wconf 88' lang='lat' dir='ltr'><strong>media</strong></span> <span class='ocrx_word' id='word_1_296' title='bbox 814 3080 912 3128; x_wconf 87' lang='lat' dir='ltr'><strong>tamen</strong></span> <span class='ocrx_word' id='word_1_297' title='bbox 928 3075 1140 3148; x_wconf 91' lang='lat' dir='ltr'><strong>compositione</strong></span> <span class='ocrx_word' id='word_1_298' title='bbox 1155 3075 1264 3132; x_wconf 83' lang='lat' dir='ltr'><strong>defixi.</strong></span> 
     </span>
     <span class='ocr_line' id='line_1_36' title="bbox 217 3149 1267 3231; baseline 0.01 -27"><span class='ocrx_word' id='word_1_299' title='bbox 217 3149 301 3205; x_wconf 80' lang='lat' dir='ltr'><strong>&#39;Vane</strong></span> <span class='ocrx_word' id='word_1_300' title='bbox 315 3151 406 3226; x_wconf 81' lang='lat' dir='ltr'><strong>igitur</strong></span> <span class='ocrx_word' id='word_1_301' title='bbox 419 3153 542 3227; x_wconf 82' lang='lat' dir='ltr'><strong>augurio</strong></span> <span class='ocrx_word' id='word_1_302' title='bbox 557 3151 628 3208; x_wconf 89' lang='lat' dir='ltr'><strong>deus</strong></span> <span class='ocrx_word' id='word_1_303' title='bbox 643 3152 798 3209; x_wconf 90' lang='lat' dir='ltr'><strong>Terminus</strong></span> <span class='ocrx_word' id='word_1_304' title='bbox 817 3173 877 3208; x_wconf 90' lang='lat' dir='ltr'><strong>non</strong></span> <span class='ocrx_word' id='word_1_305' title='bbox 892 3157 982 3211; x_wconf 91' lang='lat' dir='ltr'><strong>cessit</strong></span> <span class='ocrx_word' id='word_1_306' title='bbox 994 3155 1072 3227; x_wconf 85' lang='lat' dir='ltr'><strong>lovi,</strong></span> <span class='ocrx_word' id='word_1_307' title='bbox 1099 3158 1153 3231; x_wconf 90' lang='lat' dir='ltr'><strong>qui</strong></span> <span class='ocrx_word' id='word_1_308' title='bbox 1167 3160 1267 3215; x_wconf 86' lang='lat' dir='ltr'><strong>cessit</strong></span> 
     </span>
     <span class='ocr_line' id='line_1_37' title="bbox 218 3231 1269 3310; baseline 0.01 -22"><span class='ocrx_word' id='word_1_309' title='bbox 218 3231 363 3288; x_wconf 89' lang='lat' dir='ltr'><strong>Hadriani</strong></span> <span class='ocrx_word' id='word_1_310' title='bbox 376 3235 539 3305; x_wconf 81' lang='lat' dir='ltr'><strong>voluntati,</strong></span> <span class='ocrx_word' id='word_1_311' title='bbox 568 3236 658 3290; x_wconf 87' lang='lat' dir='ltr'><strong>cessit</strong></span> <span class='ocrx_word' id='word_1_312' title='bbox 671 3235 760 3289; x_wconf 89' lang='lat' dir='ltr'><strong>etiam</strong></span> <span class='ocrx_word' id='word_1_313' title='bbox 773 3232 880 3292; x_wconf 89' lang='lat' dir='ltr'><strong>luliaui</strong></span> <span class='ocrx_word' id='word_1_314' title='bbox 894 3240 1068 3310; x_wconf 88' lang='lat' dir='ltr'><strong>temeritati,</strong></span> <span class='ocrx_word' id='word_1_315' title='bbox 1094 3247 1124 3294; x_wconf 94' lang='grc' dir='ltr'><strong>ιι</strong></span> <span class='ocrx_word' id='word_1_316' title='bbox 1138 3237 1269 3298; x_wconf 87' lang='lat' dir='ltr'><strong>Ioviani</strong></span> 
     </span>
     <span class='ocr_line' id='line_1_38' title="bbox 132 3311 1267 3397; baseline 0.009 -27"><span class='ocrx_word' id='word_1_317' title='bbox 132 3311 137 3317; x_wconf 74' lang='grc'><strong>’</strong></span> <span class='ocrx_word' id='word_1_318' title='bbox 216 3315 396 3372; x_wconf 88' lang='lat' dir='ltr'><strong>necessitati.</strong></span> <span class='ocrx_word' id='word_1_319' title='bbox 417 3314 562 3372; x_wconf 90' lang='lat' dir='ltr'><strong>Viderunt</strong></span> <span class='ocrx_word' id='word_1_320' title='bbox 573 3315 644 3371; x_wconf 88' lang='lat' dir='ltr'><strong>haec</strong></span> <span class='ocrx_word' id='word_1_321' title='bbox 659 3318 904 3394; x_wconf 78' lang='lat' dir='ltr'><strong>intelligentiores</strong></span> <span class='ocrx_word' id='word_1_322' title='bbox 918 3322 1129 3397; x_wconf 81' lang='lat' dir='ltr'><strong>gravioresque</strong></span> <span class='ocrx_word' id='word_1_323' title='bbox 1144 3320 1267 3380; x_wconf 87' lang='lat' dir='ltr'><strong>Roma-</strong></span> 
     </span>
     <span class='ocr_line' id='line_1_39' title="bbox 215 3397 1268 3478; baseline 0.01 -25"><span class='ocrx_word' id='word_1_324' title='bbox 215 3399 262 3470; x_wconf 71' lang='lat' dir='ltr'><strong>ni,</strong></span> <span class='ocrx_word' id='word_1_325' title='bbox 278 3397 328 3453; x_wconf 88' lang='lat' dir='ltr'><strong>sed</strong></span> <span class='ocrx_word' id='word_1_326' title='bbox 341 3407 443 3454; x_wconf 89' lang='lat' dir='ltr'><strong>contra</strong></span> <span class='ocrx_word' id='word_1_327' title='bbox 457 3397 698 3454; x_wconf 89' lang='lat' dir='ltr'><strong>consuetudinem</strong></span> <span class='ocrx_word' id='word_1_328' title='bbox 712 3399 853 3472; x_wconf 88' lang='lat' dir='ltr'><strong>civitatis,</strong></span> <span class='ocrx_word' id='word_1_329' title='bbox 868 3419 941 3478; x_wconf 82' lang='lat' dir='ltr'><strong>quse</strong></span> <span class='ocrx_word' id='word_1_330' title='bbox 955 3402 1134 3460; x_wconf 86' lang='lat' dir='ltr'><strong>daemonicis</strong></span> <span class='ocrx_word' id='word_1_331' title='bbox 1149 3407 1268 3464; x_wconf 86' lang='lat' dir='ltr'><strong>ritibus</strong></span> 
     </span>
     <span class='ocr_line' id='line_1_40' title="bbox 215 3479 1269 3559; baseline 0.01 -24"><span class='ocrx_word' id='word_1_332' title='bbox 215 3479 312 3536; x_wconf 81' lang='lat' dir='ltr'><strong>fuerat</strong></span> <span class='ocrx_word' id='word_1_333' title='bbox 326 3479 470 3556; x_wconf 79' lang='lat' dir='ltr'><strong>obligato,</strong></span> <span class='ocrx_word' id='word_1_334' title='bbox 496 3479 761 3554; x_wconf 81' lang='lat' dir='ltr'><strong>parumralebaut:</strong></span> <span class='ocrx_word' id='word_1_335' title='bbox 789 3485 856 3559; x_wconf 88' lang='lat' dir='ltr'><strong>quia</strong></span> <span class='ocrx_word' id='word_1_336' title='bbox 870 3493 899 3540; x_wconf 91' lang='lat' dir='ltr'><strong>ct</strong></span> <span class='ocrx_word' id='word_1_337' title='bbox 912 3487 968 3558; x_wconf 88' lang='lat' dir='ltr'><strong>ipsi</strong></span> <span class='ocrx_word' id='word_1_338' title='bbox 983 3487 1098 3542; x_wconf 89' lang='lat' dir='ltr'><strong>etiamsi</strong></span> <span class='ocrx_word' id='word_1_339' title='bbox 1110 3486 1169 3543; x_wconf 89' lang='lat' dir='ltr'><strong>illa</strong></span> <span class='ocrx_word' id='word_1_340' title='bbox 1182 3508 1269 3546; x_wconf 86' lang='lat' dir='ltr'><strong>vana</strong></span> 
     </span>
    </p>
   </div>
   <div class='ocr_carea' id='block_1_3' title="bbox 121 3562 1270 3650">
    <p class='ocr_par' dir='ltr' id='par_1_3' title="bbox 121 3562 1270 3650">
     <span class='ocr_line' id='line_1_41' title="bbox 121 3562 1270 3650; baseline 0.01 -35"><span class='ocrx_word' id='word_1_341' title='bbox 121 3579 125 3587; x_wconf 91' lang='lat'><strong>·</strong></span> <span class='ocrx_word' id='word_1_342' title='bbox 216 3581 280 3616; x_wconf 83' lang='lat' dir='ltr'><strong>esse</strong></span> <span class='ocrx_word' id='word_1_343' title='bbox 293 3562 469 3631; x_wconf 86' lang='lat' dir='ltr'><strong>sentiebant,</strong></span> <span class='ocrx_word' id='word_1_344' title='bbox 495 3571 617 3617; x_wconf 90' lang='lat' dir='ltr'><strong>naturae</strong></span> <span class='ocrx_word' id='word_1_345' title='bbox 630 3569 728 3618; x_wconf 90' lang='lat' dir='ltr'><strong>tamen</strong></span> <span class='ocrx_word' id='word_1_346' title='bbox 742 3583 841 3620; x_wconf 87' lang='lat' dir='ltr'><strong>rerum</strong></span> <span class='ocrx_word' id='word_1_347' title='bbox 854 3566 906 3622; x_wconf 92' lang='lat' dir='ltr'><strong>sub</strong></span> <span class='ocrx_word' id='word_1_348' title='bbox 920 3569 1008 3623; x_wconf 92' lang='lat' dir='ltr'><strong>unius</strong></span> <span class='ocrx_word' id='word_1_349' title='bbox 1021 3571 1086 3624; x_wconf 86' lang='lat' dir='ltr'><strong>veri</strong></span> <span class='ocrx_word' id='word_1_350' title='bbox 1099 3567 1164 3625; x_wconf 90' lang='lat' dir='ltr'><strong>Dei</strong></span> <span class='ocrx_word' id='word_1_351' title='bbox 1178 3575 1270 3650; x_wconf 85' lang='lat' dir='ltr'><strong>regi-</strong></span> 
     </span>
    </p>
   </div>
   <div class='ocr_carea' id='block_1_4' title="bbox 214 3643 1272 3807">
    <p class='ocr_par' dir='ltr' id='par_1_4' title="bbox 214 3643 1272 3807">
     <span class='ocr_line' id='line_1_42' title="bbox 214 3643 1270 3724; baseline 0.012 -26"><span class='ocrx_word' id='word_1_352' title='bbox 214 3645 293 3699; x_wconf 90' lang='lat' dir='ltr'><strong>mine</strong></span> <span class='ocrx_word' id='word_1_353' title='bbox 306 3653 392 3718; x_wconf 88' lang='lat' dir='ltr'><strong>atque</strong></span> <span class='ocrx_word' id='word_1_354' title='bbox 405 3643 528 3716; x_wconf 90' lang='lat' dir='ltr'><strong>imperio</strong></span> <span class='ocrx_word' id='word_1_355' title='bbox 544 3644 731 3717; x_wconf 85' lang='lat' dir='ltr'><strong>constitutae,</strong></span> <span class='ocrx_word' id='word_1_356' title='bbox 750 3649 922 3724; x_wconf 82' lang='lat' dir='ltr'><strong>religiosum</strong></span> <span class='ocrx_word' id='word_1_357' title='bbox 936 3652 1044 3707; x_wconf 91' lang='lat' dir='ltr'><strong>cultum</strong></span> <span class='ocrx_word' id='word_1_358' title='bbox 1057 3652 1107 3724; x_wconf 90' lang='lat' dir='ltr'><strong>qui</strong></span> <span class='ocrx_word' id='word_1_359' title='bbox 1120 3649 1197 3709; x_wconf 89' lang='lat' dir='ltr'><strong>Deo</strong></span> <span class='ocrx_word' id='word_1_360' title='bbox 1213 3655 1270 3710; x_wconf 91' lang='lat' dir='ltr'><strong>de-</strong></span> 
     </span>
     <span class='ocr_line' id='line_1_43' title="bbox 214 3723 1272 3807; baseline 0.014 -28"><span class='ocrx_word' id='word_1_361' title='bbox 214 3725 308 3795; x_wconf 88' lang='lat' dir='ltr'><strong>betur,</strong></span> <span class='ocrx_word' id='word_1_362' title='bbox 324 3723 518 3780; x_wconf 88' lang='lat' dir='ltr'><strong>exhibendum</strong></span> <span class='ocrx_word' id='word_1_363' title='bbox 531 3726 683 3800; x_wconf 82' lang='lat' dir='ltr'><strong>putabant:</strong></span> <span class='ocrx_word' id='word_1_364' title='bbox 698 3732 872 3799; x_wconf 76' lang='lat' dir='ltr'><strong>servientes,</strong></span> <span class='ocrx_word' id='word_1_365' title='bbox 885 3739 918 3785; x_wconf 94' lang='grc' dir='ltr'><strong>ιιι</strong></span> <span class='ocrx_word' id='word_1_366' title='bbox 930 3733 972 3786; x_wconf 93' lang='lat' dir='ltr'><strong>ait</strong></span> <span class='ocrx_word' id='word_1_367' title='bbox 983 3732 1157 3807; x_wconf 74' lang='lat' dir='ltr'><strong>Apostolu8‚</strong></span> <span class='ocrx_word' id='word_1_368' title='bbox 1174 3756 1272 3796; x_wconf 83' lang='lat' dir='ltr'><strong>crea-</strong></span> 
     </span>
    </p>
   </div>
   <div class='ocr_carea' id='block_1_5' title="bbox 215 3801 1273 3886">
    <p class='ocr_par' dir='ltr' id='par_1_5' title="bbox 215 3801 1273 3886">
     <span class='ocr_line' id='line_1_44' title="bbox 215 3801 1273 3886; baseline 0.015 -24"><span class='ocrx_word' id='word_1_369' title='bbox 215 3801 415 3884; x_wconf 79' lang='lat' dir='ltr'><strong>turaepolius</strong></span> <span class='ocrx_word' id='word_1_370' title='bbox 430 3824 516 3881; x_wconf 83' lang='lat' dir='ltr'><strong>quam</strong></span> <span class='ocrx_word' id='word_1_371' title='bbox 533 3806 682 3880; x_wconf 80' lang='lat' dir='ltr'><strong>Creatori,</strong></span> <span class='ocrx_word' id='word_1_372' title='bbox 697 3812 748 3886; x_wconf 76' lang='lat' dir='ltr'><strong>pei</strong></span> <span class='ocrx_word' id='word_1_373' title='bbox 760 3822 805 3868; x_wconf 83' lang='lat' dir='ltr'><strong>est</strong></span> <span class='ocrx_word' id='word_1_374' title='bbox 818 3812 986 3872; x_wconf 79' lang='lat' dir='ltr'><strong>benedictus</strong></span> <span class='ocrx_word' id='word_1_375' title='bbox 1001 3816 1186 3874; x_wconf 77' lang='lat' dir='ltr'><strong>insaecula.</strong></span> <span class='ocrx_word' id='word_1_376' title='bbox 1201 3819 1273 3877; x_wconf 91' lang='lat' dir='ltr'><strong>Hu-</strong></span> 
     </span>
    </p>
   </div>
   <div class='ocr_carea' id='block_1_6' title="bbox 0 0 1307 4396">
    <p class='ocr_par' dir='ltr' id='par_1_6' title="bbox 0 0 1307 4396">
     <span class='ocr_line' id='line_1_45' title="bbox 0 0 1307 4396; baseline 0 0"><span class='ocrx_word' id='word_1_377' title='bbox 0 0 1307 4396; x_wconf 95' lang='lat' dir='ltr'><strong> </strong></span> 
     </span>
    </p>
   </div>
  </div>
 </body>
</html>
