2592 4396
255 203 313 262 DE
339 203 557 264 CIVITATE
579 206 659 264 DEI
686 207 767 268 LlB.
790 209 890 270 Xlll
1023 217 1085 274 413

40 364 76 421 do
91 359 244 418 induimus
259 359 416 434 imaginem
428 363 553 431 terreni,
580 361 735 420 induamus
749 372 778 422 et
790 363 947 439 imaginem
961 368 1024 423 eiua
1037 374 1090 446 pus*

40 447 74 504 de
88 443 170 501 coelo
186 453 241 500 eet.
278 441 324 498 De
338 441 439 516 quibus
453 444 587 500 omnibus
601 448 769 520 apostolicis
783 445 881 519 verbis
895 451 1028 522 superius
1042 452 1086 506 lo·

40 530 98 586 cuti
112 544 226 582 sumus.
270 523 382 600 Corpus
402 527 494 604 igitur
513 529 656 600 animale,
676 531 708 586 in
726 549 783 606 quo
802 529 928 604 primum
939 529 1087 590 bominem

38 612 131 670 Adam
144 610 257 666 lactum
270 627 335 665 esse
350 609 422 665 dicit
432 610 599 685 Apostolus,
613 614 656 669 sio
670 623 735 670 erat
747 613 872 684 factum,
892 632 952 671 non
965 623 999 671 ut
1010 617 1086 674 mori

40 696 161 754 omnino
176 712 237 750 nou
249 702 365 768 posset3
380 692 432 750 scd
444 703 478 750 ut
490 714 550 752 nou
562 707 739 770 moreretur,
753 698 812 754 nisi
824 693 912 756 bomo
924 707 1084 774 peccasset.

39 779 113 837 Nam
134 777 208 833 illud
228 776 308 853 quod
326 779 430 852 spiritu
448 779 618 836 vivificante
636 783 766 857 spiritale
785 781 843 838 erit
860 791 890 838 et
909 783 1085 854 immortale,

39 865 112 920 mori
127 862 249 917 omnino
263 880 324 918 non
337 864 454 936 poterit,
498 861 584 920 Sicut
602 866 700 922 anima
719 874 816 923 creata
835 875 881 922 est
899 867 1085 940 immortalis,

40 965 113 1023 quae
127 945 199 1000 licet
211 954 332 1020 peccato
345 954 460 1003 mortua
478 945 665 1022 perhibeatur
686 967 790 1005 carens
808 947 933 1024 quadam
944 950 1007 1007 vita
1020 966 1085 1020 sua,

39 1030 94 1087 hoc
108 1037 172 1100 est,
187 1027 246 1084 Dei
260 1027 391 1104 Spiritu,
413 1049 469 1105 quo
484 1032 573 1086 etiam
585 1034 734 1107 sapienter
748 1041 778 1088 et
789 1033 874 1088 baete
885 1034 988 1091 vivere
1000 1043 1086 1110 pote-

39 1124 98 1171 rat:
124 1121 226 1169 temen
240 1113 358 1188 propria
371 1111 511 1188 quadam,
531 1115 602 1171 lieet
614 1117 738 1187 misera,
761 1117 824 1172 vita
838 1133 890 1171 sua
903 1135 965 1174 non
978 1115 1089 1176 desiuit

39 1200 155 1268 vivere3
171 1197 240 1272 quia
252 1197 426 1252 immortalis
442 1207 487 1254 est
501 1207 608 1254 creata.
653 1197 738 1256 Sicut
752 1200 841 1254 etiam
854 1198 1018 1256 desertores
1033 1217 1088 1257 an·

40 1283 114 1361 geli,
142 1281 215 1336 licet
235 1279 394 1334 secundum
413 1279 530 1336 modum
551 1279 695 1355 quendam
717 1282 827 1337 mortui
846 1282 907 1337 sint
923 1280 1089 1356 peceaud03

41 1367 108 1441 quia
121 1363 237 1421 fontem
250 1364 330 1420 ritae
344 1362 548 1436 deseruerunt,
561 1365 612 1439 qui
622 1363 704 1422 Deus
718 1374 774 1436 est,
789 1382 876 1439 quem
887 1363 1027 1439 potando,
1040 1382 1089 1421 sa·

39 1451 156 1524 pienter
169 1446 313 1522 beateque
327 1455 466 1521 poteraut
484 1448 601 1504 virere:
627 1456 727 1507 tamen
746 1465 807 1504 non
827 1449 871 1504 sic
887 1448 964 1504 mori
982 1456 1089 1523 potue·

38 1541 120 1604 runt,
135 1539 171 1586 ut
185 1529 499 1612 omnino'dcsistercut
511 1533 613 1588 vivere
626 1540 712 1607 atque
725 1531 852 1604 sentire3
878 1532 1016 1607 quoniam
1030 1533 1087 1588 im-

38 1615 182 1672 mortales
202 1615 295 1670 creati
312 1623 394 1671 sunt:
424 1623 512 1690 atque
525 1616 568 1671 ita
581 1616 613 1671 in
627 1615 785 1672 secundam
798 1624 923 1671 mortem
935 1623 1004 1689 post
1014 1617 1087 1672 ulti·

38 1718 121 1756 mum
133 1697 405 1773 praecipitabuntur
418 1697 570 1770 iudicium,
584 1708 618 1754 ut
628 1717 683 1754 nec
695 1700 756 1756 illic
766 1699 828 1755 rita
842 1707 979 1755 careant:
993 1717 1086 1776 quan-

38 1782 75 1840 do
89 1780 208 1859 quidem
222 1782 312 1837 etiam
325 1799 425 1853 seusu,
438 1801 503 1838 cum
516 1783 549 1839 in
563 1783 712 1839 doloribus
720 1783 821 1840 'futuri
833 1791 914 1855 aunt,
928 1801 989 1840 non
1003 1801 1085 1840 care-

38 1867 122 1924 bunt.
142 1863 203 1923 Sed
216 1863 350 1920 homines
364 1863 400 1921 ad
414 1865 473 1922 Dei
486 1868 612 1944 gretiam
624 1868 809 1942 pertinentes
822 1869 902 1925 cives
917 1875 1085 1924 sanctorum

37 1950 224 2031 Angelorum¹
239 1949 272 2030 in
285 1948 369 2031 beata
382 1949 445 2032 rita
455 1951 653 2021 manentium,
667 1951 710 2006 ita
723 1951 902 2025 spiritalibus
916 1949 1086 2024 corporibus

38 2034 213 2103 induentur,
233 2039 267 2088 ut
282 2050 377 2108 neque
390 2043 514 2107 peccent
528 2034 664 2108 amplius,
678 2051 774 2107 neque
786 2035 965 2088 moriantur:
993 2050 1028 2088 ea
1040 2042 1071 2087 ta

38 2137 106 2174 men
120 2116 346 2172 immortalitate
358 2118 479 2186 restiti,
494 2135 585 2190 quae,
600 2117 679 2171 siout
691 2114 884 2192 Angelorum,
899 2132 954 2170 nec
966 2123 1085 2188 peccato

37 2203 133 2278 possit
145 2199 275 2270 auferri,
299 2208 406 2255 natura
419 2197 536 2275 quidem
548 2207 687 2255 manente
702 2199 812 2269 carnis,
833 2197 885 2254 sed
894 2197 975 2254 nulla
990 2198 1085 2253 omni-

37 2304 76 2342 uo
90 2285 207 2343 carnali
222 2282 469 2357 corruptibilitate
481 2283 529 2338 rel
542 2281 682 2338 tarditate
695 2290 876 2339 remanente.

107 2366 255 2444 Sequitur
273 2376 372 2422 autem
390 2368 523 2442 quaestio
541 2367 710 2423 necessario
727 2363 952 2441 pertractanda,
977 2373 1007 2420 et
1020 2363 1084 2420 Do-

39 2454 116 2510 mino
129 2451 198 2510 Deo
210 2450 346 2508 veritatis
367 2451 525 2508 adiurante
544 2449 694 2505 solvenda.
727 2448 762 2506 si
779 2448 870 2506 libido
887 2447 1084 2502 membrorum

38 2535 274 2594 inobedientium
286 2552 325 2590 ex
336 2543 458 2609 peceato
479 2531 697 2589 inobedientiae
714 2533 747 2587 in
763 2531 823 2585 illis
841 2529 943 2604 primia
957 2527 1083 2583 bomini-

38 2618 88 2677 bus
99 2639 169 2678 cum
179 2620 247 2674 illos
259 2617 359 2675 divina
370 2619 468 2696 gratia
481 2616 670 2686 deseruisset,
684 2622 788 2668 exorta
798 2621 857 2684 ast,
870 2609 948 2668 unde
959 2611 991 2666 in
1002 2628 1085 2667 suam

38 2704 203 2762 nuditatem
216 2703 317 2760 oculos
331 2709 520 2778 aperuerunt,
533 2697 635 2768 idest,
650 2715 715 2752 eam
726 2696 872 2754 curiosius
883 2692 1084 2764 adverterunt,

37 2796 66 2845 et
78 2788 150 2864 quia
163 2784 319 2861 impudens
333 2793 431 2842 motus
444 2783 608 2841 voluntatis
622 2780 743 2837 arbitrio
756 2778 927 2850 resistebat,
950 2775 1084 2853 pudende

35 2879 194 2928 texerunt:
222 2868 366 2946 quomodo
380 2877 481 2925 essent
498 2867 575 2924 filios
596 2865 800 2942 propagaturi,
826 2864 852 2919 si
866 2871 901 2918 ut
914 2861 1006 2918 creati
1019 2859 1083 2916 iue-

37 2963 120 3028 rant,
147 2955 213 3010 sine
232 2954 487 3028 praevaricatione
507 2951 692 3007 niensiseent.
736 2946 795 3007 Sed
814 2948 883 3024 quia
897 2945 1013 3002 etliber
1026 2945 1083 3002 ista

38 3036 219 3095 claudendus
235 3045 297 3108 est,
321 3045 471 3094 nectente
485 3035 617 3112 quaestio
630 3035 663 3090 in
676 3034 819 3090 sermonis
833 3031 985 3111 angustias
1000 3047 1082 3086 coar·

37 3121 151 3195 cienda,
165 3123 199 3178 in
212 3139 280 3178 eum
292 3122 343 3194 qui
353 3121 495 3195 sequitur,
507 3117 702 3178 commodiore
713 3116 909 3192 disputatione
921 3110 1080 3170 differatur.
