<?xml version="1.0" encoding="UTF-8"?>
<!DOCTYPE html PUBLIC "-//W3C//DTD XHTML 1.0 Transitional//EN"
    "http://www.w3.org/TR/xhtml1/DTD/xhtml1-transitional.dtd">
<html xmlns="http://www.w3.org/1999/xhtml" xml:lang="en" lang="en">
 <head>
  <title>
</title>
<meta http-equiv="Content-Type" content="text/html;charset=utf-8" />
  <meta name='ocr-system' content='tesseract 3.04.00' />
  <meta name='ocr-capabilities' content='ocr_page ocr_carea ocr_par ocr_line ocrx_word'/>
</head>
<body>
  <div class='ocr_page' id='page_1' title='image "./saureliiaugusti02augugoog_0609.png"; bbox 0 0 2538 4392; ppageno 0'>
   <div class='ocr_carea' id='block_1_1' title="bbox 216 199 1048 282">
    <p class='ocr_par' dir='ltr' id='par_1_1' title="bbox 216 199 1048 282">
     <span class='ocr_line' id='line_1_1' title="bbox 216 199 1048 282; baseline -0.012 -12"><span class='ocrx_word' id='word_1_1' title='bbox 216 212 286 282; x_wconf 80' lang='grc' dir='ltr'><strong>ιιι</strong></span> <span class='ocrx_word' id='word_1_2' title='bbox 401 269 415 276; x_wconf 59' lang='grc'><strong>,,</strong></span> <span class='ocrx_word' id='word_1_3' title='bbox 455 202 555 262; x_wconf 75' lang='lat' dir='ltr'><strong>nivi</strong></span> <span class='ocrx_word' id='word_1_4' title='bbox 580 200 769 262; x_wconf 67' lang='lat' dir='ltr'><strong>eunucu</strong></span> <span class='ocrx_word' id='word_1_5' title='bbox 794 199 1048 266; x_wconf 77' lang='lat' dir='ltr'><strong>avuvsrnu</strong></span> 
     </span>
    </p>
   </div>
   <div class='ocr_carea' id='block_1_2' title="bbox 225 350 1251 607">
    <p class='ocr_par' dir='ltr' id='par_1_2' title="bbox 225 350 1251 607">
     <span class='ocr_line' id='line_1_2' title="bbox 225 350 1251 427; baseline -0.002 -6"><span class='ocrx_word' id='word_1_6' title='bbox 225 358 447 421; x_wconf 70' lang='lat' dir='ltr'>Atheniensium</span> <span class='ocrx_word' id='word_1_7' title='bbox 460 365 544 415; x_wconf 81' lang='lat' dir='ltr'><strong>sexto</strong></span> <span class='ocrx_word' id='word_1_8' title='bbox 559 355 683 427; x_wconf 79' lang='lat' dir='ltr'>deebno,</span> <span class='ocrx_word' id='word_1_9' title='bbox 696 353 795 412; x_wconf 82' lang='lat' dir='ltr'><strong>ludios</strong></span> <span class='ocrx_word' id='word_1_10' title='bbox 808 363 905 412; x_wconf 88' lang='lat' dir='ltr'><strong>autem</strong></span> <span class='ocrx_word' id='word_1_11' title='bbox 917 350 1121 414; x_wconf 71' lang='lat' dir='ltr'>Hebraeorum</span> <span class='ocrx_word' id='word_1_12' title='bbox 1133 354 1207 418; x_wconf 84' lang='lat' dir='ltr'><strong>llcli</strong></span> <span class='ocrx_word' id='word_1_13' title='bbox 1218 379 1251 418; x_wconf 77' lang='lat' dir='ltr'><strong>aa</strong></span> 
     </span>
     <span class='ocr_line' id='line_1_3' title="bbox 226 435 1251 520; baseline -0.004 -18"><span class='ocrx_word' id='word_1_14' title='bbox 226 445 355 515; x_wconf 83' lang='lat' dir='ltr'><strong>cendato,</strong></span> <span class='ocrx_word' id='word_1_15' title='bbox 368 460 497 520; x_wconf 83' lang='lat' dir='ltr'><strong>regnum</strong></span> <span class='ocrx_word' id='word_1_16' title='bbox 509 437 717 517; x_wconf 81' lang='lat' dir='ltr'>Sicyoniorum</span> <span class='ocrx_word' id='word_1_17' title='bbox 726 446 913 496; x_wconf 73' lang='lat' dir='ltr'><strong>consumtum</strong></span> <span class='ocrx_word' id='word_1_18' title='bbox 926 445 986 505; x_wconf 88' lang='lat' dir='ltr'><strong>est,</strong></span> <span class='ocrx_word' id='word_1_19' title='bbox 1010 435 1087 515; x_wconf 86' lang='lat' dir='ltr'><strong>quod</strong></span> <span class='ocrx_word' id='word_1_20' title='bbox 1100 457 1158 515; x_wconf 88' lang='lat' dir='ltr'><strong>per</strong></span> <span class='ocrx_word' id='word_1_21' title='bbox 1172 460 1251 502; x_wconf 82' lang='lat' dir='ltr'><strong>annm</strong></span> 
     </span>
     <span class='ocr_line' id='line_1_4' title="bbox 225 520 1220 607; baseline -0.002 -21"><span class='ocrx_word' id='word_1_22' title='bbox 225 535 392 607; x_wconf 88' lang='lat' dir='ltr'><strong>nongentos</strong></span> <span class='ocrx_word' id='word_1_23' title='bbox 407 526 622 602; x_wconf 76' lang='lat' dir='ltr'><strong>quinquaginta</strong></span> <span class='ocrx_word' id='word_1_24' title='bbox 633 531 663 579; x_wconf 87' lang='lat' dir='ltr'><strong>et</strong></span> <span class='ocrx_word' id='word_1_25' title='bbox 676 541 781 582; x_wconf 85' lang='lat' dir='ltr'><strong>novem</strong></span> <span class='ocrx_word' id='word_1_26' title='bbox 794 520 921 581; x_wconf 87' lang='lat' dir='ltr'><strong>traditur</strong></span> <span class='ocrx_word' id='word_1_27' title='bbox 932 521 1028 580; x_wconf 75' lang='lat' dir='ltr'><strong>fuisse</strong></span> <span class='ocrx_word' id='word_1_28' title='bbox 1040 534 1220 596; x_wconf 81' lang='lat' dir='ltr'><strong>porrectum.</strong></span> 
     </span>
    </p>
   </div>
   <div class='ocr_carea' id='block_1_3' title="bbox 620 657 871 738">
    <p class='ocr_par' dir='ltr' id='par_1_3' title="bbox 620 657 871 738">
     <span class='ocr_line' id='line_1_5' title="bbox 620 657 871 738; baseline -0.016 -4"><span class='ocrx_word' id='word_1_29' title='bbox 620 657 749 734; x_wconf 65' lang='lat' dir='ltr'><strong>cnrq</strong></span> <span class='ocrx_word' id='word_1_30' title='bbox 783 671 871 738; x_wconf 84' lang='lat' dir='ltr'><strong>xx.</strong></span> 
     </span>
    </p>
   </div>
   <div class='ocr_carea' id='block_1_4' title="bbox 241 769 1234 846">
    <p class='ocr_par' dir='ltr' id='par_1_4' title="bbox 241 769 1234 846">
     <span class='ocr_line' id='line_1_6' title="bbox 241 769 1234 846; baseline 0 -16"><span class='ocrx_word' id='word_1_31' title='bbox 241 775 286 830; x_wconf 82' lang='lat' dir='ltr'>De</span> <span class='ocrx_word' id='word_1_32' title='bbox 296 773 458 830; x_wconf 79' lang='lat' dir='ltr'><strong>successione</strong></span> <span class='ocrx_word' id='word_1_33' title='bbox 469 772 571 828; x_wconf 81' lang='lat' dir='ltr'><strong>ordinis</strong></span> <span class='ocrx_word' id='word_1_34' title='bbox 582 773 657 843; x_wconf 78' lang='lat' dir='ltr'><strong>regii</strong></span> <span class='ocrx_word' id='word_1_35' title='bbox 668 773 743 842; x_wconf 84' lang='lat' dir='ltr'><strong>opud</strong></span> <span class='ocrx_word' id='word_1_36' title='bbox 750 771 894 828; x_wconf 72' lang='lat' dir='ltr'><strong>israelitae</strong></span> <span class='ocrx_word' id='word_1_37' title='bbox 900 779 965 840; x_wconf 81' lang='lat' dir='ltr'><strong>post</strong></span> <span class='ocrx_word' id='word_1_38' title='bbox 973 769 1101 826; x_wconf 69' lang='lat' dir='ltr'><strong>lodicum</strong></span> <span class='ocrx_word' id='word_1_39' title='bbox 1110 781 1234 846; x_wconf 76' lang='lat' dir='ltr'><strong>tempora.</strong></span> 
     </span>
    </p>
   </div>
   <div class='ocr_carea' id='block_1_5' title="bbox 225 861 1254 2524">
    <p class='ocr_par' dir='ltr' id='par_1_5' title="bbox 225 861 1254 2524">
     <span class='ocr_line' id='line_1_7' title="bbox 288 861 1251 940; baseline -0.002 -14"><span class='ocrx_word' id='word_1_40' title='bbox 288 865 359 926; x_wconf 84' lang='lat' dir='ltr'><strong>Mox</strong></span> <span class='ocrx_word' id='word_1_41' title='bbox 380 864 490 922; x_wconf 87' lang='lat' dir='ltr'><strong>eisdem</strong></span> <span class='ocrx_word' id='word_1_42' title='bbox 506 882 559 940; x_wconf 90' lang='lat' dir='ltr'><strong>per</strong></span> <span class='ocrx_word' id='word_1_43' title='bbox 578 865 643 920; x_wconf 88' lang='lat' dir='ltr'><strong>looa</strong></span> <span class='ocrx_word' id='word_1_44' title='bbox 656 871 815 920; x_wconf 87' lang='lat' dir='ltr'><strong>memorata</strong></span> <span class='ocrx_word' id='word_1_45' title='bbox 828 861 1041 940; x_wconf 79' lang='lat' dir='ltr'><strong>regnantibus,</strong></span> <span class='ocrx_word' id='word_1_46' title='bbox 1066 861 1251 924; x_wconf 71' lang='lat' dir='ltr'><strong>lsrailitarun</strong></span> 
     </span>
     <span class='ocr_line' id='line_1_8' title="bbox 225 943 1252 1029; baseline -0.005 -20"><span class='ocrx_word' id='word_1_47' title='bbox 225 969 360 1029; x_wconf 84' lang='lat' dir='ltr'><strong>regnum,</strong></span> <span class='ocrx_word' id='word_1_48' title='bbox 373 949 459 1006; x_wconf 83' lang='lat' dir='ltr'><strong>linito</strong></span> <span class='ocrx_word' id='word_1_49' title='bbox 471 956 601 1021; x_wconf 88' lang='lat' dir='ltr'><strong>tempore</strong></span> <span class='ocrx_word' id='word_1_50' title='bbox 607 945 750 1015; x_wconf 84' lang='lat' dir='ltr'><strong>Indicum,</strong></span> <span class='ocrx_word' id='word_1_51' title='bbox 765 961 784 1000; x_wconf 85' lang='lat' dir='ltr'><strong>a</strong></span> <span class='ocrx_word' id='word_1_52' title='bbox 792 943 883 1002; x_wconf 84' lang='lat' dir='ltr'><strong>Saule</strong></span> <span class='ocrx_word' id='word_1_53' title='bbox 894 965 966 1024; x_wconf 88' lang='lat' dir='ltr'>rege</span> <span class='ocrx_word' id='word_1_54' title='bbox 978 949 1086 1006; x_wconf 85' lang='lat' dir='ltr'><strong>sumsit</strong></span> <span class='ocrx_word' id='word_1_55' title='bbox 1096 949 1252 1006; x_wconf 75' lang='lat' dir='ltr'><strong>exordium:</strong></span> 
     </span>
     <span class='ocr_line' id='line_1_9' title="bbox 226 1026 1254 1111; baseline -0.004 -20"><span class='ocrx_word' id='word_1_56' title='bbox 226 1053 283 1111; x_wconf 84' lang='lat' dir='ltr'><strong>quo</strong></span> <span class='ocrx_word' id='word_1_57' title='bbox 301 1043 432 1108; x_wconf 87' lang='lat' dir='ltr'><strong>tempore</strong></span> <span class='ocrx_word' id='word_1_58' title='bbox 450 1031 509 1088; x_wconf 86' lang='lat' dir='ltr'><strong>fuit</strong></span> <span class='ocrx_word' id='word_1_59' title='bbox 521 1029 640 1088; x_wconf 79' lang='lat' dir='ltr'><strong>Samuel</strong></span> <span class='ocrx_word' id='word_1_60' title='bbox 657 1026 807 1104; x_wconf 88' lang='lat' dir='ltr'><strong>propheta.</strong></span> <span class='ocrx_word' id='word_1_61' title='bbox 843 1029 886 1088; x_wconf 78' lang='lat' dir='ltr'><strong>Ab</strong></span> <span class='ocrx_word' id='word_1_62' title='bbox 904 1031 954 1086; x_wconf 93' lang='lat' dir='ltr'><strong>illo</strong></span> <span class='ocrx_word' id='word_1_63' title='bbox 973 1031 1070 1108; x_wconf 84' lang='lat' dir='ltr'><strong>igitur</strong></span> <span class='ocrx_word' id='word_1_64' title='bbox 1087 1041 1209 1108; x_wconf 81' lang='lat' dir='ltr'><strong>tempore</strong></span> <span class='ocrx_word' id='word_1_65' title='bbox 1226 1031 1254 1087; x_wconf 87' lang='lat' dir='ltr'><strong>bi</strong></span> 
     </span>
     <span class='ocr_line' id='line_1_10' title="bbox 225 1113 1253 1196; baseline -0.004 -21"><span class='ocrx_word' id='word_1_66' title='bbox 225 1136 313 1196; x_wconf 86' lang='lat' dir='ltr'><strong>reges</strong></span> <span class='ocrx_word' id='word_1_67' title='bbox 326 1115 501 1174; x_wconf 84' lang='lat' dir='ltr'><strong>Latinorum</strong></span> <span class='ocrx_word' id='word_1_68' title='bbox 515 1133 579 1174; x_wconf 87' lang='lat' dir='ltr'>esse</span> <span class='ocrx_word' id='word_1_69' title='bbox 593 1121 765 1190; x_wconf 87' lang='lat' dir='ltr'><strong>coeperunt,</strong></span> <span class='ocrx_word' id='word_1_70' title='bbox 786 1129 859 1189; x_wconf 87' lang='lat' dir='ltr'><strong>quos</strong></span> <span class='ocrx_word' id='word_1_71' title='bbox 874 1115 1124 1192; x_wconf 72' lang='lat' dir='ltr'><strong>cognominabant</strong></span> <span class='ocrx_word' id='word_1_72' title='bbox 1134 1113 1253 1174; x_wconf 78' lang='lat' dir='ltr'><strong>Silvios:</strong></span> 
     </span>
     <span class='ocr_line' id='line_1_11' title="bbox 226 1195 1253 1276; baseline -0.004 -17"><span class='ocrx_word' id='word_1_73' title='bbox 226 1201 262 1260; x_wconf 92' lang='lat' dir='ltr'><strong>ab</strong></span> <span class='ocrx_word' id='word_1_74' title='bbox 277 1221 312 1258; x_wconf 85' lang='lat' dir='ltr'><strong>eo</strong></span> <span class='ocrx_word' id='word_1_75' title='bbox 329 1203 435 1276; x_wconf 91' lang='lat' dir='ltr'><strong>quippe</strong></span> <span class='ocrx_word' id='word_1_76' title='bbox 448 1201 499 1275; x_wconf 87' lang='lat' dir='ltr'><strong>qui</strong></span> <span class='ocrx_word' id='word_1_77' title='bbox 511 1199 590 1258; x_wconf 88' lang='lat' dir='ltr'><strong>filius</strong></span> <span class='ocrx_word' id='word_1_78' title='bbox 603 1199 721 1258; x_wconf 79' lang='lat' dir='ltr'>Aeneae</span> <span class='ocrx_word' id='word_1_79' title='bbox 731 1197 842 1272; x_wconf 88' lang='lat' dir='ltr'><strong>primus</strong></span> <span class='ocrx_word' id='word_1_80' title='bbox 856 1197 951 1254; x_wconf 85' lang='lat' dir='ltr'><strong>dictus</strong></span> <span class='ocrx_word' id='word_1_81' title='bbox 966 1207 1013 1254; x_wconf 87' lang='lat' dir='ltr'><strong>e&#39;st</strong></span> <span class='ocrx_word' id='word_1_82' title='bbox 1024 1195 1149 1270; x_wconf 80' lang='lat' dir='ltr'><strong>Silvius,</strong></span> <span class='ocrx_word' id='word_1_83' title='bbox 1167 1209 1253 1256; x_wconf 78' lang='lat' dir='ltr'>caete</span> 
     </span>
     <span class='ocr_line' id='line_1_12' title="bbox 225 1280 1253 1360; baseline -0.007 -16"><span class='ocrx_word' id='word_1_84' title='bbox 225 1286 267 1345; x_wconf 87' lang='lat' dir='ltr'><strong>ris</strong></span> <span class='ocrx_word' id='word_1_85' title='bbox 282 1285 444 1358; x_wconf 84' lang='lat' dir='ltr'><strong>subsecutis</strong></span> <span class='ocrx_word' id='word_1_86' title='bbox 460 1293 491 1340; x_wconf 89' lang='lat' dir='ltr'><strong>et</strong></span> <span class='ocrx_word' id='word_1_87' title='bbox 502 1285 620 1360; x_wconf 87' lang='lat' dir='ltr'><strong>propria</strong></span> <span class='ocrx_word' id='word_1_88' title='bbox 633 1283 752 1340; x_wconf 89' lang='lat' dir='ltr'><strong>nomina</strong></span> <span class='ocrx_word' id='word_1_89' title='bbox 765 1282 1007 1357; x_wconf 75' lang='lat' dir='ltr'><strong>imponebantur,</strong></span> <span class='ocrx_word' id='word_1_90' title='bbox 1026 1290 1058 1338; x_wconf 88' lang='lat' dir='ltr'><strong>et</strong></span> <span class='ocrx_word' id='word_1_91' title='bbox 1069 1280 1127 1340; x_wconf 87' lang='lat' dir='ltr'><strong>boo</strong></span> <span class='ocrx_word' id='word_1_92' title='bbox 1139 1301 1199 1340; x_wconf 93' lang='lat' dir='ltr'><strong>non</strong></span> <span class='ocrx_word' id='word_1_93' title='bbox 1213 1282 1253 1337; x_wconf 84' lang='lat' dir='ltr'><strong>de</strong></span> 
     </span>
     <span class='ocr_line' id='line_1_13' title="bbox 226 1363 1252 1448; baseline -0.007 -20"><span class='ocrx_word' id='word_1_94' title='bbox 226 1367 282 1428; x_wconf 83' lang='lat' dir='ltr'><strong>luit</strong></span> <span class='ocrx_word' id='word_1_95' title='bbox 300 1377 543 1448; x_wconf 64' lang='lat' dir='ltr'><strong>cognomentum</strong></span> <span class='ocrx_word' id='word_1_96' title='bbox 569 1369 646 1424; x_wconf 89' lang='lat' dir='ltr'><strong>siout</strong></span> <span class='ocrx_word' id='word_1_97' title='bbox 668 1368 757 1444; x_wconf 85' lang='lat' dir='ltr'><strong>louge</strong></span> <span class='ocrx_word' id='word_1_98' title='bbox 780 1374 882 1440; x_wconf 84' lang='lat' dir='ltr'><strong>postea</strong></span> <span class='ocrx_word' id='word_1_99' title='bbox 899 1363 1039 1423; x_wconf 83' lang='lat' dir='ltr'><strong>Caesares</strong></span> <span class='ocrx_word' id='word_1_100' title='bbox 1064 1367 1252 1444; x_wconf 86' lang='lat' dir='ltr'><strong>cognominati</strong></span> 
     </span>
     <span class='ocr_line' id='line_1_14' title="bbox 226 1447 1252 1528; baseline -0.004 -18"><span class='ocrx_word' id='word_1_101' title='bbox 226 1461 307 1525; x_wconf 88' lang='lat' dir='ltr'><strong>sunt,</strong></span> <span class='ocrx_word' id='word_1_102' title='bbox 321 1455 374 1528; x_wconf 86' lang='lat' dir='ltr'><strong>qui</strong></span> <span class='ocrx_word' id='word_1_103' title='bbox 385 1461 591 1512; x_wconf 84' lang='lat' dir='ltr'><strong>successerunt</strong></span> <span class='ocrx_word' id='word_1_104' title='bbox 602 1449 723 1510; x_wconf 83' lang='lat' dir='ltr'><strong>Caesari</strong></span> <span class='ocrx_word' id='word_1_105' title='bbox 734 1449 876 1527; x_wconf 78' lang='lat' dir='ltr'><strong>Augusto.</strong></span> <span class='ocrx_word' id='word_1_106' title='bbox 899 1447 1065 1524; x_wconf 82' lang='lat' dir='ltr'><strong>Reprobato</strong></span> <span class='ocrx_word' id='word_1_107' title='bbox 1078 1459 1179 1506; x_wconf 86' lang='lat' dir='ltr'><strong>autam</strong></span> <span class='ocrx_word' id='word_1_108' title='bbox 1191 1448 1252 1508; x_wconf 82' lang='lat' dir='ltr'><strong>Sao·</strong></span> 
     </span>
     <span class='ocr_line' id='line_1_15' title="bbox 226 1531 1252 1612; baseline -0.006 -18"><span class='ocrx_word' id='word_1_109' title='bbox 226 1539 266 1608; x_wconf 83' lang='lat' dir='ltr'><strong>lo,</strong></span> <span class='ocrx_word' id='word_1_110' title='bbox 281 1555 319 1595; x_wconf 86' lang='lat' dir='ltr'><strong>no</strong></span> <span class='ocrx_word' id='word_1_111' title='bbox 333 1538 487 1611; x_wconf 85' lang='lat' dir='ltr'><strong>quisquam</strong></span> <span class='ocrx_word' id='word_1_112' title='bbox 501 1553 540 1591; x_wconf 86' lang='lat' dir='ltr'>ex</span> <span class='ocrx_word' id='word_1_113' title='bbox 556 1537 618 1592; x_wconf 87' lang='lat' dir='ltr'><strong>eius</strong></span> <span class='ocrx_word' id='word_1_114' title='bbox 632 1535 723 1608; x_wconf 89' lang='lat' dir='ltr'><strong>stirpe</strong></span> <span class='ocrx_word' id='word_1_115' title='bbox 735 1541 891 1612; x_wconf 77' lang='lat' dir='ltr'>regnaret,</span> <span class='ocrx_word' id='word_1_116' title='bbox 913 1550 1003 1607; x_wconf 87' lang='lat' dir='ltr'>eoque</span> <span class='ocrx_word' id='word_1_117' title='bbox 1016 1531 1175 1605; x_wconf 72' lang='lat' dir='ltr'><strong>defuneto,</strong></span> <span class='ocrx_word' id='word_1_118' title='bbox 1206 1533 1252 1590; x_wconf 84' lang='lat' dir='ltr'><strong>lla·</strong></span> 
     </span>
     <span class='ocr_line' id='line_1_16' title="bbox 226 1614 1251 1695; baseline -0.004 -17"><span class='ocrx_word' id='word_1_119' title='bbox 226 1619 277 1678; x_wconf 82' lang='lat' dir='ltr'><strong>vid</strong></span> <span class='ocrx_word' id='word_1_120' title='bbox 290 1619 476 1678; x_wconf 84' lang='lat' dir='ltr'><strong>suecessitin</strong></span> <span class='ocrx_word' id='word_1_121' title='bbox 488 1637 613 1695; x_wconf 81' lang='lat' dir='ltr'><strong>regnum</strong></span> <span class='ocrx_word' id='word_1_122' title='bbox 625 1627 692 1692; x_wconf 86' lang='lat' dir='ltr'><strong>post</strong></span> <span class='ocrx_word' id='word_1_123' title='bbox 710 1635 804 1674; x_wconf 86' lang='lat' dir='ltr'><strong>annos</strong></span> <span class='ocrx_word' id='word_1_124' title='bbox 818 1635 836 1673; x_wconf 90' lang='lat' dir='ltr'><strong>a</strong></span> <span class='ocrx_word' id='word_1_125' title='bbox 850 1614 948 1674; x_wconf 84' lang='lat' dir='ltr'><strong>Saulis</strong></span> <span class='ocrx_word' id='word_1_126' title='bbox 961 1617 1083 1691; x_wconf 89' lang='lat' dir='ltr'><strong>imperio</strong></span> <span class='ocrx_word' id='word_1_127' title='bbox 1099 1633 1152 1674; x_wconf 80' lang='grc' dir='ltr'>ιιι..</span> <span class='ocrx_word' id='word_1_128' title='bbox 1184 1616 1251 1674; x_wconf 81' lang='lat' dir='ltr'><strong>Tuas</strong></span> 
     </span>
     <span class='ocr_line' id='line_1_17' title="bbox 226 1699 1251 1777; baseline -0.002 -19"><span class='ocrx_word' id='word_1_129' title='bbox 226 1701 427 1760; x_wconf 77' lang='lat' dir='ltr'><strong>Athenienses</strong></span> <span class='ocrx_word' id='word_1_130' title='bbox 440 1699 547 1756; x_wconf 85' lang='lat' dir='ltr'>habere</span> <span class='ocrx_word' id='word_1_131' title='bbox 566 1700 672 1756; x_wconf 88' lang='lat' dir='ltr'><strong>deinde</strong></span> <span class='ocrx_word' id='word_1_132' title='bbox 689 1718 776 1777; x_wconf 89' lang='lat' dir='ltr'>reges</span> <span class='ocrx_word' id='word_1_133' title='bbox 795 1709 863 1774; x_wconf 87' lang='lat' dir='ltr'><strong>post</strong></span> <span class='ocrx_word' id='word_1_134' title='bbox 876 1699 964 1758; x_wconf 81' lang='lat' dir='ltr'><strong>Codri</strong></span> <span class='ocrx_word' id='word_1_135' title='bbox 977 1701 1134 1756; x_wconf 88' lang='lat' dir='ltr'><strong>interitum</strong></span> <span class='ocrx_word' id='word_1_136' title='bbox 1145 1699 1251 1758; x_wconf 84' lang='lat' dir='ltr'><strong>destite-</strong></span> 
     </span>
     <span class='ocr_line' id='line_1_18' title="bbox 226 1781 1251 1859; baseline -0.005 -17"><span class='ocrx_word' id='word_1_137' title='bbox 226 1793 312 1854; x_wconf 86' lang='lat' dir='ltr'><strong>runt‚</strong></span> <span class='ocrx_word' id='word_1_138' title='bbox 335 1791 365 1838; x_wconf 87' lang='lat' dir='ltr'><strong>et</strong></span> <span class='ocrx_word' id='word_1_139' title='bbox 378 1784 567 1859; x_wconf 77' lang='lat' dir='ltr'><strong>magistratus</strong></span> <span class='ocrx_word' id='word_1_140' title='bbox 586 1781 693 1839; x_wconf 86' lang='lat' dir='ltr'>habere</span> <span class='ocrx_word' id='word_1_141' title='bbox 714 1791 875 1857; x_wconf 86' lang='lat' dir='ltr'><strong>coeperunt</strong></span> <span class='ocrx_word' id='word_1_142' title='bbox 899 1781 1152 1840; x_wconf 85' lang='lat' dir='ltr'><strong>administrandae</strong></span> <span class='ocrx_word' id='word_1_143' title='bbox 1172 1785 1251 1858; x_wconf 86' lang='lat' dir='ltr'><strong>reipu-</strong></span> 
     </span>
     <span class='ocr_line' id='line_1_19' title="bbox 226 1864 1251 1944; baseline 0.002 -21"><span class='ocrx_word' id='word_1_144' title='bbox 226 1867 330 1924; x_wconf 88' lang='lat' dir='ltr'><strong>blicae.</strong></span> <span class='ocrx_word' id='word_1_145' title='bbox 352 1865 424 1920; x_wconf 84' lang='lat' dir='ltr'><strong>Post</strong></span> <span class='ocrx_word' id='word_1_146' title='bbox 433 1864 540 1938; x_wconf 82' lang='lat' dir='ltr'><strong>Dauid,</strong></span> <span class='ocrx_word' id='word_1_147' title='bbox 555 1868 607 1942; x_wconf 89' lang='lat' dir='ltr'><strong>qui</strong></span> <span class='ocrx_word' id='word_1_148' title='bbox 622 1866 710 1921; x_wconf 90' lang='lat' dir='ltr'><strong>etiam</strong></span> <span class='ocrx_word' id='word_1_149' title='bbox 723 1867 786 1940; x_wconf 89' lang='lat' dir='ltr'><strong>ipse</strong></span> <span class='ocrx_word' id='word_1_150' title='bbox 799 1867 996 1944; x_wconf 80' lang='lat' dir='ltr'><strong>quadraginta</strong></span> <span class='ocrx_word' id='word_1_151' title='bbox 1007 1869 1150 1944; x_wconf 81' lang='lat' dir='ltr'><strong>regnarit</strong></span> <span class='ocrx_word' id='word_1_152' title='bbox 1164 1883 1251 1931; x_wconf 74' lang='lat' dir='ltr'><strong>annot,</strong></span> 
     </span>
     <span class='ocr_line' id='line_1_20' title="bbox 227 1947 1251 2026; baseline -0.003 -20"><span class='ocrx_word' id='word_1_153' title='bbox 227 1949 306 2006; x_wconf 89' lang='lat' dir='ltr'><strong>filius</strong></span> <span class='ocrx_word' id='word_1_154' title='bbox 327 1950 390 2006; x_wconf 89' lang='lat' dir='ltr'><strong>eius</strong></span> <span class='ocrx_word' id='word_1_155' title='bbox 409 1947 550 2006; x_wconf 87' lang='lat' dir='ltr'><strong>Salomon</strong></span> <span class='ocrx_word' id='word_1_156' title='bbox 570 1967 625 2005; x_wconf 83' lang='lat' dir='ltr'><strong>rex</strong></span> <span class='ocrx_word' id='word_1_157' title='bbox 642 1947 851 2006; x_wconf 74' lang='lat' dir='ltr'><strong>lsruiilitarum·</strong></span> <span class='ocrx_word' id='word_1_158' title='bbox 868 1949 940 2020; x_wconf 81' lang='lat' dir='ltr'><strong>fnit,</strong></span> <span class='ocrx_word' id='word_1_159' title='bbox 964 1951 1015 2026; x_wconf 90' lang='lat' dir='ltr'><strong>qui</strong></span> <span class='ocrx_word' id='word_1_160' title='bbox 1034 1952 1179 2025; x_wconf 89' lang='lat' dir='ltr'><strong>templum</strong></span> <span class='ocrx_word' id='word_1_161' title='bbox 1197 1948 1251 2006; x_wconf 89' lang='lat' dir='ltr'><strong>illud</strong></span> 
     </span>
     <span class='ocr_line' id='line_1_21' title="bbox 227 2031 1251 2109; baseline -0.003 -17"><span class='ocrx_word' id='word_1_162' title='bbox 227 2033 441 2094; x_wconf 86' lang='lat' dir='ltr'><strong>nobilissimum</strong></span> <span class='ocrx_word' id='word_1_163' title='bbox 453 2031 512 2090; x_wconf 87' lang='lat' dir='ltr'><strong>Dei</strong></span> <span class='ocrx_word' id='word_1_164' title='bbox 525 2031 827 2108; x_wconf 82' lang='lat' dir='ltr'><strong>Hierosolymitannm</strong></span> <span class='ocrx_word' id='word_1_165' title='bbox 847 2031 987 2091; x_wconf 85' lang='lat' dir='ltr'><strong>condidit.</strong></span> <span class='ocrx_word' id='word_1_166' title='bbox 1022 2031 1117 2090; x_wconf 86' lang='lat' dir='ltr'><strong>Cuius</strong></span> <span class='ocrx_word' id='word_1_167' title='bbox 1137 2045 1251 2109; x_wconf 83' lang='lat' dir='ltr'><strong>tempore</strong></span> 
     </span>
     <span class='ocr_line' id='line_1_22' title="bbox 226 2115 1251 2195; baseline -0.001 -21"><span class='ocrx_word' id='word_1_168' title='bbox 226 2115 301 2195; x_wconf 91' lang='lat' dir='ltr'><strong>apud</strong></span> <span class='ocrx_word' id='word_1_169' title='bbox 316 2116 438 2174; x_wconf 89' lang='lat' dir='ltr'><strong>Latinos</strong></span> <span class='ocrx_word' id='word_1_170' title='bbox 452 2115 570 2174; x_wconf 87' lang='lat' dir='ltr'><strong>condita</strong></span> <span class='ocrx_word' id='word_1_171' title='bbox 584 2125 629 2174; x_wconf 84' lang='lat' dir='ltr'><strong>est</strong></span> <span class='ocrx_word' id='word_1_172' title='bbox 640 2116 724 2186; x_wconf 81' lang='lat' dir='ltr'><strong>Alba,</strong></span> <span class='ocrx_word' id='word_1_173' title='bbox 735 2133 776 2178; x_wconf 61' lang='lat' dir='ltr'>‚ex</span> <span class='ocrx_word' id='word_1_174' title='bbox 789 2133 846 2190; x_wconf 86' lang='lat' dir='ltr'><strong>qua</strong></span> <span class='ocrx_word' id='word_1_175' title='bbox 860 2115 993 2190; x_wconf 75' lang='lat' dir='ltr'><strong>deinceps</strong></span> <span class='ocrx_word' id='word_1_176' title='bbox 1007 2133 1069 2172; x_wconf 90' lang='lat' dir='ltr'><strong>non</strong></span> <span class='ocrx_word' id='word_1_177' title='bbox 1081 2115 1251 2184; x_wconf 84' lang='lat' dir='ltr'><strong>Latinorum,</strong></span> 
     </span>
     <span class='ocr_line' id='line_1_23' title="bbox 227 2196 1250 2278; baseline -0.006 -20"><span class='ocrx_word' id='word_1_178' title='bbox 227 2199 280 2261; x_wconf 88' lang='lat' dir='ltr'><strong>sed</strong></span> <span class='ocrx_word' id='word_1_179' title='bbox 287 2201 467 2262; x_wconf 82' lang='lat' dir='ltr'><strong>Albanorum</strong></span> <span class='ocrx_word' id='word_1_180' title='bbox 479 2218 565 2278; x_wconf 86' lang='lat' dir='ltr'><strong>reges</strong></span> <span class='ocrx_word' id='word_1_181' title='bbox 575 2199 725 2275; x_wconf 85' lang='lat' dir='ltr'><strong>appellari,</strong></span> <span class='ocrx_word' id='word_1_182' title='bbox 738 2201 770 2258; x_wconf 92' lang='lat' dir='ltr'><strong>in</strong></span> <span class='ocrx_word' id='word_1_183' title='bbox 778 2199 880 2258; x_wconf 86' lang='lat' dir='ltr'><strong>eodem</strong></span> <span class='ocrx_word' id='word_1_184' title='bbox 889 2196 1091 2271; x_wconf 84' lang='lat' dir='ltr'><strong>tamenLatio‚</strong></span> <span class='ocrx_word' id='word_1_185' title='bbox 1099 2209 1250 2276; x_wconf 82' lang='lat' dir='ltr'><strong>coeperunt.</strong></span> 
     </span>
     <span class='ocr_line' id='line_1_24' title="bbox 228 2281 1251 2362; baseline -0.006 -20"><span class='ocrx_word' id='word_1_186' title='bbox 228 2281 384 2342; x_wconf 83' lang='lat' dir='ltr'><strong>Salomoni·</strong></span> <span class='ocrx_word' id='word_1_187' title='bbox 402 2286 546 2340; x_wconf 82' lang='lat' dir='ltr'><strong>suecessit</strong></span> <span class='ocrx_word' id='word_1_188' title='bbox 564 2283 642 2340; x_wconf 87' lang='lat' dir='ltr'><strong>filins</strong></span> <span class='ocrx_word' id='word_1_189' title='bbox 662 2283 724 2338; x_wconf 88' lang='lat' dir='ltr'><strong>eius</strong></span> <span class='ocrx_word' id='word_1_190' title='bbox 738 2281 885 2354; x_wconf 84' lang='lat' dir='ltr'><strong>Roboam,</strong></span> <span class='ocrx_word' id='word_1_191' title='bbox 917 2283 969 2340; x_wconf 92' lang='lat' dir='ltr'><strong>sub</strong></span> <span class='ocrx_word' id='word_1_192' title='bbox 983 2301 1040 2358; x_wconf 89' lang='lat' dir='ltr'><strong>quo</strong></span> <span class='ocrx_word' id='word_1_193' title='bbox 1054 2285 1087 2340; x_wconf 93' lang='lat' dir='ltr'><strong>in</strong></span> <span class='ocrx_word' id='word_1_194' title='bbox 1102 2283 1162 2342; x_wconf 91' lang='lat' dir='ltr'><strong>duo</strong></span> <span class='ocrx_word' id='word_1_195' title='bbox 1176 2299 1251 2362; x_wconf 83' lang='lat' dir='ltr'><strong>regna</strong></span> 
     </span>
     <span class='ocr_line' id='line_1_25' title="bbox 226 2365 1252 2446; baseline -0.001 -23"><span class='ocrx_word' id='word_1_196' title='bbox 226 2368 350 2442; x_wconf 88' lang='lat' dir='ltr'><strong>populus</strong></span> <span class='ocrx_word' id='word_1_197' title='bbox 364 2367 414 2422; x_wconf 95' lang='lat' dir='ltr'><strong>ille</strong></span> <span class='ocrx_word' id='word_1_198' title='bbox 429 2365 541 2425; x_wconf 84' lang='lat' dir='ltr'><strong>divisus</strong></span> <span class='ocrx_word' id='word_1_199' title='bbox 557 2375 617 2438; x_wconf 82' lang='lat' dir='ltr'><strong>est,</strong></span> <span class='ocrx_word' id='word_1_200' title='bbox 639 2375 669 2423; x_wconf 89' lang='lat' dir='ltr'><strong>et</strong></span> <span class='ocrx_word' id='word_1_201' title='bbox 681 2367 816 2444; x_wconf 84' lang='lat' dir='ltr'><strong>singulae</strong></span> <span class='ocrx_word' id='word_1_202' title='bbox 836 2375 936 2442; x_wconf 86' lang='lat' dir='ltr'><strong>partes</strong></span> <span class='ocrx_word' id='word_1_203' title='bbox 947 2383 1017 2424; x_wconf 92' lang='lat' dir='ltr'><strong>suos</strong></span> <span class='ocrx_word' id='word_1_204' title='bbox 1030 2367 1168 2446; x_wconf 82' lang='lat' dir='ltr'><strong>singulos</strong></span> <span class='ocrx_word' id='word_1_205' title='bbox 1182 2382 1252 2445; x_wconf 80' lang='lat' dir='ltr'><strong>regu</strong></span> 
     </span>
     <span class='ocr_line' id='line_1_26' title="bbox 226 2447 514 2524; baseline 0 -18"><span class='ocrx_word' id='word_1_206' title='bbox 226 2447 333 2508; x_wconf 86' lang='lat' dir='ltr'>habere</span> <span class='ocrx_word' id='word_1_207' title='bbox 346 2459 514 2524; x_wconf 84' lang='lat' dir='ltr'><strong>coeperunt.</strong></span> 
     </span>
    </p>
   </div>
   <div class='ocr_carea' id='block_1_6' title="bbox 522 2531 887 2592">
    <p class='ocr_par' dir='ltr' id='par_1_6' title="bbox 522 2531 887 2592">
     <span class='ocr_line' id='line_1_27' title="bbox 522 2531 887 2592; baseline -0.005 0"><span class='ocrx_word' id='word_1_208' title='bbox 522 2577 523 2582; x_wconf 19' lang='grc' dir='ltr'>η</span> <span class='ocrx_word' id='word_1_209' title='bbox 609 2532 732 2592; x_wconf 82' lang='lat' dir='ltr'><strong>CAP.</strong></span> <span class='ocrx_word' id='word_1_210' title='bbox 775 2531 887 2592; x_wconf 86' lang='lat' dir='ltr'><strong>XXl.</strong></span> 
     </span>
    </p>
   </div>
   <div class='ocr_carea' id='block_1_7' title="bbox 226 2627 1253 2772">
    <p class='ocr_par' dir='ltr' id='par_1_7' title="bbox 226 2587 1260 2772">
     <span class='ocr_line' id='line_1_28' title="bbox 226 2627 1253 2772; baseline -0.004 -88"><span class='ocrx_word' id='word_1_211' title='bbox 226 2627 493 2700; x_wconf 70' lang='lat' dir='ltr'><strong>Deregituahattt,</strong></span> <span class='ocrx_word' id='word_1_212' title='bbox 514 2645 626 2698; x_wconf 79' lang='lat' dir='ltr'><strong>quorum</strong></span> <span class='ocrx_word' id='word_1_213' title='bbox 638 2629 878 2772; x_wconf 54' lang='lat' dir='ltr'><strong>prippustgleneps,</strong></span> <span class='ocrx_word' id='word_1_214' title='bbox 899 2630 1108 2684; x_wconf 72' lang='lat' dir='ltr'><strong>&#39;atduodeot&#39;mua</strong></span> <span class='ocrx_word' id='word_1_215' title='bbox 1117 2631 1253 2686; x_wconf 73' lang='lat' dir='ltr'><strong>doeatiau</strong></span> 
     </span>
     <span class='ocr_line' id='line_1_29' title="bbox 658 2717 851 2754; baseline -0.01 -2"><span class='ocrx_word' id='word_1_216' title='bbox 658 2718 682 2752; x_wconf 80' lang='lat' dir='ltr'><strong>aa</strong></span> <span class='ocrx_word' id='word_1_217' title='bbox 710 2717 742 2754; x_wconf 85' lang='lat' dir='ltr'><strong>oe</strong></span> <span class='ocrx_word' id='word_1_218' title='bbox 755 2718 767 2752; x_wconf 82' lang='lat' dir='ltr'><strong>a</strong></span> <span class='ocrx_word' id='word_1_219' title='bbox 781 2717 851 2754; x_wconf 83' lang='lat' dir='ltr'><strong>soa.</strong></span> 
     </span>
    </p>
   </div>
   <div class='ocr_carea' id='block_1_8' title="bbox 224 2787 1260 3953">
    <p class='ocr_par' dir='ltr' id='par_1_8' title="bbox 224 2787 1260 3702">
     <span class='ocr_line' id='line_1_30' title="bbox 288 2787 1260 2869; baseline 0.006 -25"><span class='ocrx_word' id='word_1_220' title='bbox 288 2787 404 2849; x_wconf 90' lang='lat' dir='ltr'><strong>Latium</strong></span> <span class='ocrx_word' id='word_1_221' title='bbox 416 2797 483 2864; x_wconf 91' lang='lat' dir='ltr'><strong>post</strong></span> <span class='ocrx_word' id='word_1_222' title='bbox 495 2789 639 2860; x_wconf 79' lang='lat' dir='ltr'><strong>densam,</strong></span> <span class='ocrx_word' id='word_1_223' title='bbox 664 2809 751 2866; x_wconf 80' lang='lat' dir='ltr'><strong>quem</strong></span> <span class='ocrx_word' id='word_1_224' title='bbox 765 2789 1010 2861; x_wconf 69' lang='lat' dir='ltr'><strong>cenassemus,</strong></span> <span class='ocrx_word' id='word_1_225' title='bbox 1029 2789 1171 2850; x_wconf 83' lang='lat' dir='ltr'><strong>undecim</strong></span> <span class='ocrx_word' id='word_1_226' title='bbox 1182 2799 1260 2869; x_wconf 68' lang='lat' dir='ltr'><strong>regal</strong></span> 
     </span>
     <span class='ocr_line' id='line_1_31' title="bbox 226 2869 1251 2948; baseline -0.001 -18"><span class='ocrx_word' id='word_1_227' title='bbox 226 2869 342 2940; x_wconf 89' lang='lat' dir='ltr'><strong>habuit,</strong></span> <span class='ocrx_word' id='word_1_228' title='bbox 366 2888 490 2944; x_wconf 88' lang='lat' dir='ltr'><strong>quorum</strong></span> <span class='ocrx_word' id='word_1_229' title='bbox 504 2874 601 2931; x_wconf 87' lang='lat' dir='ltr'><strong>nullus</strong></span> <span class='ocrx_word' id='word_1_230' title='bbox 616 2872 686 2932; x_wconf 87' lang='lat' dir='ltr'><strong>deus</strong></span> <span class='ocrx_word' id='word_1_231' title='bbox 700 2874 796 2932; x_wconf 84' lang='lat' dir='ltr'><strong>faetus</strong></span> <span class='ocrx_word' id='word_1_232' title='bbox 810 2884 863 2934; x_wconf 84' lang='lat' dir='ltr'><strong>ost·</strong></span> <span class='ocrx_word' id='word_1_233' title='bbox 900 2873 1063 2934; x_wconf 78' lang='lat' dir='ltr'><strong>Aventinus</strong></span> <span class='ocrx_word' id='word_1_234' title='bbox 1076 2885 1193 2946; x_wconf 88' lang='lat' dir='ltr'><strong>autern,</strong></span> <span class='ocrx_word' id='word_1_235' title='bbox 1216 2873 1251 2948; x_wconf 79' lang='lat' dir='ltr'><strong>qui</strong></span> 
     </span>
     <span class='ocr_line' id='line_1_32' title="bbox 226 2951 1260 3033; baseline 0.009 -25"><span class='ocrx_word' id='word_1_236' title='bbox 226 2951 399 3008; x_wconf 91' lang='lat' dir='ltr'><strong>duodecimo</strong></span> <span class='ocrx_word' id='word_1_237' title='bbox 423 2955 486 3014; x_wconf 87' lang='lat' dir='ltr'><strong>loeo</strong></span> <span class='ocrx_word' id='word_1_238' title='bbox 505 2954 635 3015; x_wconf 80' lang='lat' dir='ltr'>Aeneam</span> <span class='ocrx_word' id='word_1_239' title='bbox 658 2959 807 3031; x_wconf 88' lang='lat' dir='ltr'><strong>sequitur,</strong></span> <span class='ocrx_word' id='word_1_240' title='bbox 833 2967 1024 3032; x_wconf 84' lang='lat' dir='ltr'><strong>quumesset</strong></span> <span class='ocrx_word' id='word_1_241' title='bbox 1045 2967 1211 3033; x_wconf 82' lang='lat' dir='ltr'><strong>prostratus</strong></span> <span class='ocrx_word' id='word_1_242' title='bbox 1229 2955 1260 3010; x_wconf 75' lang='lat' dir='ltr'><strong>inl</strong></span> 
     </span>
     <span class='ocr_line' id='line_1_33' title="bbox 227 3031 1260 3124; baseline 0.002 -32"><span class='ocrx_word' id='word_1_243' title='bbox 227 3035 319 3104; x_wconf 86' lang='lat' dir='ltr'><strong>ballo,</strong></span> <span class='ocrx_word' id='word_1_244' title='bbox 344 3043 374 3090; x_wconf 92' lang='lat' dir='ltr'><strong>et</strong></span> <span class='ocrx_word' id='word_1_245' title='bbox 394 3038 523 3110; x_wconf 86' lang='lat' dir='ltr'><strong>sepultus</strong></span> <span class='ocrx_word' id='word_1_246' title='bbox 542 3039 573 3101; x_wconf 86' lang='lat' dir='ltr'><strong>in</strong></span> <span class='ocrx_word' id='word_1_247' title='bbox 593 3056 628 3097; x_wconf 84' lang='lat' dir='ltr'><strong>eo</strong></span> <span class='ocrx_word' id='word_1_248' title='bbox 649 3047 762 3112; x_wconf 75' lang='lat' dir='ltr'>niente,</span> <span class='ocrx_word' id='word_1_249' title='bbox 790 3041 839 3116; x_wconf 87' lang='lat' dir='ltr'><strong>qui</strong></span> <span class='ocrx_word' id='word_1_250' title='bbox 859 3041 946 3100; x_wconf 87' lang='lat' dir='ltr'><strong>otiam</strong></span> <span class='ocrx_word' id='word_1_251' title='bbox 965 3059 1047 3124; x_wconf 34' lang='lat' dir='ltr'><strong>uuno‘</strong></span> <span class='ocrx_word' id='word_1_252' title='bbox 1062 3043 1126 3098; x_wconf 90' lang='lat' dir='ltr'><strong>aius</strong></span> <span class='ocrx_word' id='word_1_253' title='bbox 1147 3031 1260 3099; x_wconf 66' lang='lat' dir='ltr'><strong>nomine?</strong></span> 
     </span>
     <span class='ocr_line' id='line_1_34' title="bbox 226 3118 1260 3198; baseline 0.004 -19"><span class='ocrx_word' id='word_1_254' title='bbox 226 3126 425 3192; x_wconf 83' lang='lat' dir='ltr'><strong>nuncupatur,</strong></span> <span class='ocrx_word' id='word_1_255' title='bbox 438 3118 561 3180; x_wconf 25' lang='lat' dir='ltr'><strong>*deorum</strong></span> <span class='ocrx_word' id='word_1_256' title='bbox 573 3123 686 3194; x_wconf 85' lang='lat' dir='ltr'><strong>talium,</strong></span> <span class='ocrx_word' id='word_1_257' title='bbox 711 3125 812 3198; x_wconf 87' lang='lat' dir='ltr'><strong>quales</strong></span> <span class='ocrx_word' id='word_1_258' title='bbox 827 3125 883 3184; x_wconf 84' lang='lat' dir='ltr'><strong>sibi</strong></span> <span class='ocrx_word' id='word_1_259' title='bbox 896 3123 1058 3195; x_wconf 82' lang='lat' dir='ltr'><strong>iaciebant,</strong></span> <span class='ocrx_word' id='word_1_260' title='bbox 1081 3143 1205 3182; x_wconf 83' lang='lat' dir='ltr'><strong>numero</strong></span> <span class='ocrx_word' id='word_1_261' title='bbox 1217 3132 1260 3176; x_wconf 80' lang='lat' dir='ltr'><strong>est</strong></span> 
     </span>
     <span class='ocr_line' id='line_1_35' title="bbox 225 3200 1251 3282; baseline 0.004 -24"><span class='ocrx_word' id='word_1_262' title='bbox 225 3200 349 3264; x_wconf 84' lang='lat' dir='ltr'><strong>additus.</strong></span> <span class='ocrx_word' id='word_1_263' title='bbox 368 3261 371 3275; x_wconf 49' lang='lat'><em>,</em></span> <span class='ocrx_word' id='word_1_264' title='bbox 385 3202 444 3261; x_wconf 84' lang='lat' dir='ltr'><strong>Alii</strong></span> <span class='ocrx_word' id='word_1_265' title='bbox 462 3221 534 3266; x_wconf 81' lang='lat' dir='ltr'><strong>sano</strong></span> <span class='ocrx_word' id='word_1_266' title='bbox 552 3207 713 3267; x_wconf 86' lang='lat' dir='ltr'><strong>uoluerunt</strong></span> <span class='ocrx_word' id='word_1_267' title='bbox 731 3225 797 3267; x_wconf 86' lang='lat' dir='ltr'><strong>eum</strong></span> <span class='ocrx_word' id='word_1_268' title='bbox 811 3209 842 3268; x_wconf 85' lang='lat' dir='ltr'><strong>iu</strong></span> <span class='ocrx_word' id='word_1_269' title='bbox 855 3209 967 3282; x_wconf 84' lang='lat' dir='ltr'><strong>proelio</strong></span> <span class='ocrx_word' id='word_1_270' title='bbox 977 3203 1109 3270; x_wconf 75' lang='lat' dir='ltr'><strong>seribere</strong></span> <span class='ocrx_word' id='word_1_271' title='bbox 1122 3211 1251 3266; x_wconf 74' lang='lat' dir='ltr'><strong>aecana.</strong></span> 
     </span>
     <span class='ocr_line' id='line_1_36' title="bbox 226 3284 1260 3366; baseline 0.008 -25"><span class='ocrx_word' id='word_1_272' title='bbox 226 3284 276 3342; x_wconf 91' lang='lat' dir='ltr'><strong>sed</strong></span> <span class='ocrx_word' id='word_1_273' title='bbox 290 3302 350 3342; x_wconf 93' lang='lat' dir='ltr'><strong>non</strong></span> <span class='ocrx_word' id='word_1_274' title='bbox 365 3289 569 3364; x_wconf 64' lang='lat' dir='ltr'><strong>conparuisse,</strong></span> <span class='ocrx_word' id='word_1_275' title='bbox 577 3290 717 3353; x_wconf 82' lang='lat' dir='ltr'><strong>dixerunt</strong></span> <span class='ocrx_word' id='word_1_276' title='bbox 723 3289 782 3352; x_wconf 84' lang='lat' dir='ltr'><strong>:aed</strong></span> <span class='ocrx_word' id='word_1_277' title='bbox 793 3311 848 3348; x_wconf 85' lang='lat' dir='ltr'><strong>uec</strong></span> <span class='ocrx_word' id='word_1_278' title='bbox 860 3310 898 3350; x_wconf 77' lang='lat' dir='ltr'><strong>ou</strong></span> <span class='ocrx_word' id='word_1_279' title='bbox 909 3294 972 3351; x_wconf 85' lang='lat' dir='ltr'><strong>eius</strong></span> <span class='ocrx_word' id='word_1_280' title='bbox 980 3291 1123 3357; x_wconf 60' lang='lat' dir='ltr'><strong>crumulo</strong></span> <span class='ocrx_word' id='word_1_281' title='bbox 1136 3291 1260 3366; x_wconf 56' lang='lat' dir='ltr'><strong>appellh</strong></span> 
     </span>
     <span class='ocr_line' id='line_1_37' title="bbox 226 3365 1260 3442; baseline 0.007 -16"><span class='ocrx_word' id='word_1_282' title='bbox 226 3379 288 3427; x_wconf 79' lang='lat' dir='ltr'><strong>urm</strong></span> <span class='ocrx_word' id='word_1_283' title='bbox 300 3379 446 3442; x_wconf 83' lang='lat' dir='ltr'><strong>montem,</strong></span> <span class='ocrx_word' id='word_1_284' title='bbox 471 3365 522 3429; x_wconf 89' lang='lat' dir='ltr'><strong>sed</strong></span> <span class='ocrx_word' id='word_1_285' title='bbox 536 3392 573 3432; x_wconf 79' lang='lat' dir='ltr'>ex</span> <span class='ocrx_word' id='word_1_286' title='bbox 584 3374 714 3435; x_wconf 80' lang='lat' dir='ltr'><strong>adventu</strong></span> <span class='ocrx_word' id='word_1_287' title='bbox 727 3376 825 3435; x_wconf 83' lang='lat' dir='ltr'><strong>arium</strong></span> <span class='ocrx_word' id='word_1_288' title='bbox 839 3375 949 3438; x_wconf 80' lang='lat' dir='ltr'><strong>dietum</strong></span> <span class='ocrx_word' id='word_1_289' title='bbox 961 3374 1151 3437; x_wconf 75' lang='lat' dir='ltr'><strong>Auentinum.</strong></span> <span class='ocrx_word' id='word_1_290' title='bbox 1194 3367 1260 3428; x_wconf 60' lang='lat' dir='ltr'><strong>Post*</strong></span> 
     </span>
     <span class='ocr_line' id='line_1_38' title="bbox 224 3449 1251 3531; baseline 0.003 -22"><span class='ocrx_word' id='word_1_291' title='bbox 224 3449 302 3510; x_wconf 89' lang='lat' dir='ltr'><strong>hunc</strong></span> <span class='ocrx_word' id='word_1_292' title='bbox 317 3472 377 3510; x_wconf 89' lang='lat' dir='ltr'><strong>uon</strong></span> <span class='ocrx_word' id='word_1_293' title='bbox 391 3465 436 3516; x_wconf 84' lang='lat' dir='ltr'><strong>est</strong></span> <span class='ocrx_word' id='word_1_294' title='bbox 454 3455 524 3515; x_wconf 87' lang='lat' dir='ltr'><strong>deus</strong></span> <span class='ocrx_word' id='word_1_295' title='bbox 539 3456 638 3520; x_wconf 79' lang='lat' dir='ltr'><strong>‚lactus</strong></span> <span class='ocrx_word' id='word_1_296' title='bbox 653 3459 799 3531; x_wconf 72' lang='lat' dir='ltr'><strong>inlatio,</strong></span> <span class='ocrx_word' id='word_1_297' title='bbox 825 3461 885 3520; x_wconf 80' lang='lat' dir='ltr'><strong>uisi</strong></span> <span class='ocrx_word' id='word_1_298' title='bbox 898 3457 1040 3519; x_wconf 85' lang='lat' dir='ltr'><strong>Romulus</strong></span> <span class='ocrx_word' id='word_1_299' title='bbox 1055 3457 1191 3516; x_wconf 86' lang='lat' dir='ltr'><strong>eonditor</strong></span> <span class='ocrx_word' id='word_1_300' title='bbox 1203 3454 1251 3512; x_wconf 78' lang='lat' dir='ltr'><strong>llo</strong></span> 
     </span>
     <span class='ocr_line' id='line_1_39' title="bbox 225 3533 1249 3621; baseline 0.009 -31"><span class='ocrx_word' id='word_1_301' title='bbox 225 3553 298 3592; x_wconf 89' lang='lat' dir='ltr'><strong>mae.</strong></span> <span class='ocrx_word' id='word_1_302' title='bbox 334 3535 417 3620; x_wconf 89' lang='lat' dir='ltr'><strong>luter</strong></span> <span class='ocrx_word' id='word_1_303' title='bbox 430 3533 519 3600; x_wconf 83' lang='lat' dir='ltr'><strong>istum</strong></span> <span class='ocrx_word' id='word_1_304' title='bbox 532 3549 629 3600; x_wconf 75' lang='lat' dir='ltr'><strong>anatem</strong></span> <span class='ocrx_word' id='word_1_305' title='bbox 643 3551 673 3599; x_wconf 86' lang='lat' dir='ltr'><strong>et</strong></span> <span class='ocrx_word' id='word_1_306' title='bbox 685 3543 766 3604; x_wconf 89' lang='lat' dir='ltr'><strong>illum</strong></span> <span class='ocrx_word' id='word_1_307' title='bbox 780 3555 867 3621; x_wconf 82' lang='lat' dir='ltr'><strong>reges</strong></span> <span class='ocrx_word' id='word_1_308' title='bbox 886 3544 1074 3617; x_wconf 85' lang='lat' dir='ltr'><strong>reperiuntur</strong></span> <span class='ocrx_word' id='word_1_309' title='bbox 1093 3541 1168 3598; x_wconf 90' lang='lat' dir='ltr'><strong>duo:</strong></span> <span class='ocrx_word' id='word_1_310' title='bbox 1192 3555 1249 3613; x_wconf 63' lang='lat' dir='ltr'><strong>qut</strong></span> 
     </span>
     <span class='ocr_line' id='line_1_40' title="bbox 224 3621 1021 3702; baseline 0.008 -26"><span class='ocrx_word' id='word_1_311' title='bbox 224 3635 291 3677; x_wconf 85' lang='lat' dir='ltr'><strong>rum</strong></span> <span class='ocrx_word' id='word_1_312' title='bbox 303 3621 414 3693; x_wconf 87' lang='lat' dir='ltr'><strong>primus</strong></span> <span class='ocrx_word' id='word_1_313' title='bbox 429 3631 484 3692; x_wconf 88' lang='lat' dir='ltr'><strong>est,</strong></span> <span class='ocrx_word' id='word_1_314' title='bbox 498 3633 533 3684; x_wconf 88' lang='lat' dir='ltr'><strong>nt</strong></span> <span class='ocrx_word' id='word_1_315' title='bbox 545 3622 711 3702; x_wconf 87' lang='lat' dir='ltr'><strong>Virgiliano</strong></span> <span class='ocrx_word' id='word_1_316' title='bbox 724 3644 789 3685; x_wconf 76' lang='lat' dir='ltr'><strong>curu</strong></span> <span class='ocrx_word' id='word_1_317' title='bbox 802 3628 1021 3701; x_wconf 78' lang='lat' dir='ltr'><strong>versuloquar:</strong></span> 
     </span>
    </p>

    <p class='ocr_par' dir='ltr' id='par_1_9' title="bbox 226 3701 1241 3953">
     <span class='ocr_line' id='line_1_41' title="bbox 308 3701 1043 3788; baseline 0.011 -32"><span class='ocrx_word' id='word_1_318' title='bbox 308 3701 464 3762; x_wconf 83' lang='lat' dir='ltr'><strong>Proximus</strong></span> <span class='ocrx_word' id='word_1_319' title='bbox 480 3707 528 3766; x_wconf 88' lang='lat' dir='ltr'><strong>illo</strong></span> <span class='ocrx_word' id='word_1_320' title='bbox 541 3705 650 3766; x_wconf 85' lang='lat' dir='ltr'><strong>Procas</strong></span> <span class='ocrx_word' id='word_1_321' title='bbox 665 3706 813 3768; x_wconf 88' lang='lat' dir='ltr'><strong>Troianae</strong></span> <span class='ocrx_word' id='word_1_322' title='bbox 826 3711 924 3788; x_wconf 85' lang='lat' dir='ltr'><strong>gloria</strong></span> <span class='ocrx_word' id='word_1_323' title='bbox 936 3711 1043 3787; x_wconf 82' lang='lat' dir='ltr'><strong>gentis.</strong></span> 
     </span>
     <span class='ocr_line' id='line_1_42' title="bbox 226 3779 1241 3867; baseline 0.021 -31"><span class='ocrx_word' id='word_1_324' title='bbox 226 3779 317 3840; x_wconf 87' lang='lat' dir='ltr'><strong>Cuius</strong></span> <span class='ocrx_word' id='word_1_325' title='bbox 330 3791 462 3859; x_wconf 80' lang='lat' dir='ltr'><strong>tonrpore</strong></span> <span class='ocrx_word' id='word_1_326' title='bbox 476 3791 543 3862; x_wconf 86' lang='lat' dir='ltr'><strong>quia</strong></span> <span class='ocrx_word' id='word_1_327' title='bbox 556 3791 752 3865; x_wconf 73' lang='lat' dir='ltr'><strong>iamquodam</strong></span> <span class='ocrx_word' id='word_1_328' title='bbox 764 3792 849 3851; x_wconf 90' lang='lat' dir='ltr'><strong>modo</strong></span> <span class='ocrx_word' id='word_1_329' title='bbox 862 3792 958 3854; x_wconf 84' lang='lat' dir='ltr'><strong>Roma</strong></span> <span class='ocrx_word' id='word_1_330' title='bbox 970 3791 1202 3867; x_wconf 66' lang='lat' dir='ltr'><strong>parturiebatur,</strong></span> <span class='ocrx_word' id='word_1_331' title='bbox 1223 3785 1241 3840; x_wconf 85' lang='lat' dir='ltr'><strong>il</strong></span> 
     </span>
     <span class='ocr_line' id='line_1_43' title="bbox 226 3861 1240 3953; baseline 0.012 -36"><span class='ocrx_word' id='word_1_332' title='bbox 226 3861 274 3918; x_wconf 88' lang='lat' dir='ltr'><strong>lutl</strong></span> <span class='ocrx_word' id='word_1_333' title='bbox 290 3867 419 3928; x_wconf 81' lang='lat' dir='ltr'><strong>omniurn</strong></span> <span class='ocrx_word' id='word_1_334' title='bbox 429 3888 597 3948; x_wconf 60' lang='lat' dir='ltr'><strong>¹regnor-‚ann</strong></span> <span class='ocrx_word' id='word_1_335' title='bbox 608 3875 971 3953; x_wconf 63' lang='lat' dir='ltr'><strong>maximumAsflyriorum</strong></span> <span class='ocrx_word' id='word_1_336' title='bbox 982 3875 1070 3938; x_wconf 66' lang='grc' dir='ltr'>ῆῃριιι</span> <span class='ocrx_word' id='word_1_337' title='bbox 1083 3882 1183 3932; x_wconf 67' lang='lat' dir='ltr'><strong>nutas</strong></span> <span class='ocrx_word' id='word_1_338' title='bbox 1196 3867 1240 3924; x_wconf 73' lang='lat' dir='ltr'><strong>dl!</strong></span> 
     </span>
    </p>
   </div>
   <div class='ocr_carea' id='block_1_9' title="bbox 0 0 1274 4392">
    <p class='ocr_par' dir='ltr' id='par_1_10' title="bbox 0 0 1274 4392">
     <span class='ocr_line' id='line_1_44' title="bbox 0 0 1274 4392; baseline 0 0"><span class='ocrx_word' id='word_1_339' title='bbox 0 0 1274 4392; x_wconf 95' lang='lat' dir='ltr'><strong> </strong></span> 
     </span>
    </p>
   </div>
  </div>
 </body>
</html>
