2538 4392
228 188 290 248 DE
313 189 527 280 clvlmss
550 193 632 252 DEl
659 195 740 254 ΗΒ.
762 197 866 259 XVll.
1018 209 1077 266 165

6 385 9 416 ,
35 349 124 400 etant
135 349 343 416 opportunam,
357 361 432 419 quae
444 363 514 401 vera
528 356 589 418 est,
607 348 639 404 in
652 346 751 406 tuturo
765 353 882 410 saeculo
895 354 1075 430 felicitatem,
1102 419 1105 428 ,

6 431 8 498 ζ
34 425 216 482 festinanter
229 423 311 482 beari
322 424 410 483 buius
424 430 533 486 saeculi
547 429 715 487 celebritate
729 435 891 509 cupientes.
922 437 1074 515 Principes

6 517 8 522 '
31 517 135 568 antem
149 505 285 566 Civitatis
300 508 408 568 Christi
425 520 539 587 tempus
558 533 617 570 non
631 514 743 572 fallacia
757 516 947 594 beatitudinis
959 525 1074 596 patien-

5 663 6 670 ἵ
31 604 77 650 ιιι
93 599 279 667 exspectant.
323 592 388 651 Hoc
400 595 458 666 ait,
473 596 710 670 infortitudine,
724 609 755 657 et
769 619 825 658 non
840 603 870 658 in
884 604 1074 676 confusione:

27 677 102 754 quia
121 693 184 732 non
204 694 253 732 eoa
271 676 348 734 fallit
365 694 446 754 spcs;
472 678 508 734 de
521 697 579 754 qua
601 680 671 736 dicit
691 682 861 758 Apostolus:
887 685 1075 765 sperantem

26 779 86 818 non
108 757 277 829 confundit.
321 759 403 817 Dicit
422 772 452 818 et
473 760 619 820 Psalmua:
648 761 766 823 Etenim
780 769 832 846 pni
844 778 873 826 te
887 780 1074 848 exspectent,

25 862 87 901 non
104 839 335 912 confundentur.
375 842 436 901 lam
461 863 531 902 reru
553 842 707 904 Canticum
731 851 910 909 canticorum
934 855 1073 929 spiritalis

25 924 175 1002 quaedam
199 935 368 984 sanctarum
392 937 436 985 ιιι
453 931 591 1004 ΙιιιΙιιιιιιι
610 932 767 1006 mentium,
793 935 825 992 in
843 937 982 1014 coniugio
995 937 1073 993 illius

25 1009 125 1088 Regia
140 1015 172 1062 ιι
183 1005 317 1086 Reginae
330 1009 483 1084 Civitatis,
497 1012 575 1087 quod
588 1021 635 1070 eat
645 1013 778 1072 Christus
790 1027 820 1074 et
832 1015 976 1076 Ecclesia.
1015 1018 1074 1076 Sed

23 1095 101 1151 haec
115 1091 254 1166 voluptas
267 1093 433 1172 allegoricis
446 1097 625 1174 tegminibus
639 1099 772 1155 involuta
789 1109 849 1172 est,
874 1111 909 1159 ιιι
925 1102 1073 1160 deridere·

23 1189 73 1234 tur
89 1173 265 1248 ardentius,
282 1177 465 1254 nudeturque
478 1177 651 1252 iucundius,
672 1191 701 1236 et
713 1194 851 1258 appareat
864 1201 1006 1260 sponsus,
1025 1187 1073 1243 eni

22 1261 140 1318 dicitur
155 1259 187 1315 in
205 1259 306 1317 ecdem
319 1259 458 1334 Cantica,
485 1260 630 1340 Aequitas
643 1263 750 1322 dilexit
763 1276 810 1322 te:
836 1275 867 1323 at
880 1283 987 1342 sponsa
1000 1285 1074 1344 quae

20 1345 63 1401 ibi
78 1340 184 1412 audit,
201 1339 324 1400 Caritas
337 1346 367 1400 in
381 1345 497 1403 deliciis
511 1347 581 1402 luia.
620 1345 724 1404 Tacita
740 1345 856 1424 [tacite]
871 1351 963 1414 multu
975 1360 1073 1410 ιιιιιιι-

17 1431 119 1498 imus,
140 1444 213 1482 cura
225 1423 318 1483 buius
326 1425 432 1502 Operis
445 1428 631 1486 terminandi.
1049 1451 1051 1458 ’

131 1673 180 1728 De
194 1675 304 1746 regibus
310 1686 375 1746 post
385 1581 552 1734 &gentionem
562 1581 656 1733 dieii
665 1583 750 1746 Hae,
766 1682 821 1735 aioe
831 1681 861 1736 in
871 1683 967 1737 lsrael.

84 1766 212 1827 Caeteri
220 1776 287 1842 pest
300 1766 487 1827 Salomonem
500 1787 586 1848 reges
599 1769 801 1828 Hebraeorum
812 1774 866 1830 vix
879 1775 1071 1831 inveniuntur

11 1871 70 1931 per
86 1851 195 1926 aliqua
204 1852 370 1930 aenigmate
380 1852 524 1911 dictorum
537 1871 657 1911 auorum
668 1871 805 1913 rerumve
819 1866 979 1936 gestarum,
994 1857 1072 1932 quod

12 1939 51 1994 ad
67 1935 229 1996 Christum
242 1944 271 1990 et
283 1933 446 1994 Ecclesiam
458 1939 623 2011 pertineat,
640 1937 847 2014 prophetasse,
865 1943 929 1998 aive
944 1942 976 1998 in
989 1938 1071 2013 luda,

8 2023 81 2079 aive
94 2021 133 2076 in
148 2015 250 2074 lsrail.
294 2016 345 2077 Sic
358 2021 437 2077 enim
450 2021 612 2096 appellatae
624 2030 694 2078 ιιιιιι
704 2023 784 2078 illius
796 2025 896 2097 populi
908 2033 1018 2100 partes,
1033 2041 1071 2080 cx

9 2124 75 2182 quo
92 2109 222 2180 propter
235 2096 400 2160 Salomonis
415 2101 557 2166 offensam
570 2113 700 2178 tempore
713 2103 768 2160 filii
786 2106 848 2160 eiua
863 2103 1004 2176 Roboaria,
1020 2107 1070 2180 qul

2 2190 98 2267 patri
115 2186 265 2242 successit
278 2187 310 2243 in
323 2205 463 2266 regnum,
478 2185 543 2242 Deo
556 2185 726 2244 vindicante
740 2185 851 2243 divisus
866 2197 919 2244 est.
942 2185 1070 2244 Proinde

4 2272 115 2330 tribus
137 2267 258 2342 dacem,
285 2287 356 2345 quas
370 2271 483 2346 accepit
495 2267 676 2326 Hieroboam
689 2286 792 2326 ιιιιιιι
805 2267 989 2344 Salomonis,
1015 2286 1070 2327 rex

4 2359 81 2413 eiua
98 2355 137 2410 in
154 2349 287 2410 Samaria
300 2355 494 2427 constitutus,
517 2354 635 2428 proprie
648 2352 828 2410 vocabantur
840 2353 946 2428 lsrail,
968 2373 1069 2432 quam-

9 2443 54 2498 is
72 2437 142 2494 boc
158 2436 290 2493 universi
308 2437 408 2513 populi
425 2438 506 2494 illius
525 2455 634 2494 nomen
653 2447 741 2494 asset.
784 2436 907 2497 Duabus
923 2456 995 2496 vcro
1013 2441 1069 2496 tri-

8 2526 137 2592 ubua,
154 2515 243 2575 iudae
258 2521 371 2576 seilicet
383 2529 413 2576 et
424 2519 596 2592 Beniamin,
610 2537 686 2595 quae
698 2528 820 2594 propter
832 2519 946 2593 David,
963 2541 1002 2579 ne
1016 2540 1069 2596 pe-

24 2609 97 2664 itus
114 2620 248 2680 regnum
260 2605 361 2679 stirpis
375 2603 437 2660 eius
451 2603 557 2660 fuisset
570 2603 765 2673 eradicatum,
783 2616 987 2662 remanserant
1000 2605 1068 2661 aub-

9 2697 159 2748 acentea
175 2685 288 2744 civitati
301 2685 504 2758 Hierusalem,
524 2685 613 2744 lullae
626 2703 734 2743 nomen
747 2685 818 2744 fuit:
846 2688 914 2765 qnia
927 2689 992 2763 ipsa
1005 2695 1070 2746 erat

9 2775 113 2833 ribus
122 2768 208 2827 unde
213 2767 319 2828 David.
332 2769 487 2828 Beniamin
499 2769 670 2828 veretribua
684 2769 778 2826 altera
790 2770 827 2828 ad
840 2771 917 2828 idem
930 2790 1068 2852 regnum,

0 2863 95 2916 icut
110 2853 197 2926 dixi,
212 2855 383 2934 pertinens,
398 2864 461 2912 erat
474 2852 551 2911 unde
563 2853 621 2910 fuit
633 2851 704 2911 Saul
717 2869 772 2910 rex
785 2864 855 2912 ante
869 2853 975 2913 David.
1010 2853 1070 2913 Sed

0 2941 106 3000 imnl
120 2939 205 2994 istae
217 2935 291 2996 duaa
305 2939 415 3011 tribua,
428 2949 461 2996 ιιι
474 2938 584 2995 dictum
598 2945 658 3010 ιιι,
672 2935 745 2995 luda
759 2939 957 3012 vocabantur3
972 2950 1003 2997 et
1014 2939 1069 2997 hoc

13 3026 143 3085 omine
169 3020 411 3081 discernebantur
434 3022 470 3080 ab
492 3022 596 3094 lsratl,
622 3040 696 3098 quae
715 3023 935 3098 appellabantur
951 3025 1069 3100 proprie

9 3127 119 3168 ecem
134 3105 232 3162 tribus
245 3101 386 3162 babentes
398 3125 482 3164 suum
495 3125 604 3184 regem.
627 3104 702 3162 Nam
716 3107 811 3163 tribus
825 3107 907 3179 Levi,
931 3110 1069 3184 quoniam

0 3224 12 3247 ι
24 3189 215 3252 cerdotalia
228 3185 304 3261 mit,
322 3188 395 3262 Dei,
420 3207 480 3246 non
494 3205 599 3268 regum
612 3189 735 3246 servitio
747 3192 931 3264 mancipata,
955 3191 1069 3247 decima

3 3279 103 3335 rtia
132 3271 355 3329 numerabatur.
398 3270 502 3346 loseph
528 3273 635 3346 quippe
659 3289 735 3326 unus
760 3288 798 3328 ex
823 3271 977 3328 duodecim
998 3273 1068 3328 liliis

0 3359 126 3429 rael,
148 3373 211 3412 non
224 3371 330 3426 unam,
349 3356 426 3412 sieut
439 3355 549 3410 caeteri
562 3355 710 3432 singulas,
726 3353 777 3410 aed
791 3352 864 3410 duas
877 3355 971 3410 tribus
985 3353 1068 3426 iecit,

1 3445 169 3524 'phraem
183 3447 214 3494 et
226 3435 401 3495 Manassen,
428 3435 637 3494 Verumtamen
652 3437 741 3492 ctiam
760 3435 856 3492 tribus
876 3435 950 3492 Levi
969 3435 1007 3491 atl
1018 3455 1067 3492 ra·
1117 3482 1122 3500 ,

15 3545 106 3588 ,ιιιιι
123 3519 435 3598 Hierosolymitanum
453 3519 619 3595 pertinebat
633 3520 744 3598 magis,
771 3519 821 3574 nbi
842 3528 906 3576 erat
918 3517 978 3574 Dei
993 3527 1072 3576 tem-v

10 3630 109 3678 um,
132 3605 185 3662 cui
198 3603 353 3662 serviebat.
388 3603 494 3662 Divisa
507 3603 599 3681 igitur
611 3603 717 3678 populo
724 3640 734 3672 ,
759 3603 871 3678 primus
884 3603 1024 3680 regnavit
1036 3603 1067 3660 in

10 3689 217 3755 ierusalem
230 3685 361 3746 Roboam
374 3705 429 3746 rex
441 3685 514 3744 luda
534 3685 611 3742 lilius
625 3683 810 3757 Salomonis,
837 3695 867 3742 et
885 3686 918 3744 in
935 3683 1068 3744 Samaria

5 3773 205 3842 ieroboaro
226 3789 282 3828 rex
295 3770 385 3830 lsrail
399 3787 500 3828 servm
510 3767 685 3828 Salomonis.
719 3767 838 3826 lituum
852 3770 995 3826 voluisset
1007 3769 1068 3828 Ro-

1 3879 105 3925 ‚am
132 3863 278 3933 tanquam
298 3855 487 3933 tyrannidem
505 3852 616 3916 divisae
633 3854 712 3909 illius
724 3854 817 3930 partis
829 3853 905 3912 bello
918 3853 1067 3932 persequi,
