2530 4392
199 212 256 272 DE
280 213 499 274 CIVITATE
523 216 602 276 DEI
625 220 706 278 [ΑΒ.
729 221 808 279 ΧΧ.
967 229 1024 287 271

60 373 164 421 :rentem
175 365 203 422 in
215 375 336 426 aeterna
348 367 530 426 beatitudine
543 371 695 430 retineret
718 371 830 433 iudicat
843 375 949 451 etiam,
965 399 1026 438 non

60 469 98 505 um
110 451 303 508 universaliter
317 451 353 510 de
370 471 480 530 genere
499 451 673 514 daemonum
691 467 780 536 atque
799 455 966 534 bominum,
993 474 1027 521 ut

61 534 100 590 cri
113 534 292 610 sintpropter
304 539 464 610 primorum
482 540 619 596 meritum
634 551 838 616 peccatorum3
865 543 917 602 sed
938 549 1026 606 etiarn

60 619 218 696 singularum
232 620 370 693 operibus
383 623 524 696 propriis,
539 641 615 698 quac
625 635 739 704 gerunt
750 627 873 686 arbitrio
887 630 1023 688 volunta-

84 701 151 758 Narn
162 713 189 758 et
200 702 355 761 daemones
367 723 405 762 ne
417 713 627 781 torqueantur,
652 720 831 784 precanturr
857 730 912 770 nco
924 715 1024 790 utique

60 794 107 842 rste
124 787 167 842 rel
183 789 312 860 parcitur
330 789 391 860 ais,
417 791 464 846 rel
480 808 534 865 pra
554 807 607 848 aaa
625 793 734 871 quique
755 795 942 873 improbitate
963 807 1025 854 tor-

60 879 129 926 ntur.
160 867 197 928 Et
207 867 341 928 homines
354 874 522 950 plenumque
534 884 652 951 aperta,
667 895 782 954 semper
794 881 926 954 occulte,
938 881 1026 939 luunt

66 955 121 1010 suis
134 953 214 1012 iactis
228 954 372 1014 divinitus
384 975 505 1032 poenas,
518 958 581 1016 riva
594 961 626 1017 in
635 958 691 1019 hae
704 963 777 1036 rita,
791 965 855 1022 sire
866 973 934 1041 post
945 983 1026 1024 ruor-

64 1055 71 1093 :
97 1039 218 1112 quamvis
233 1041 331 1096 nulius
344 1037 495 1098 hominurn
508 1051 578 1122 agat
590 1053 690 1118 recte,
717 1047 777 1104 nisi
790 1045 891 1106 divino
905 1047 1026 1108 adiuro-

60 1123 178 1195 auxilio;
202 1124 300 1180 nullus
319 1123 494 1182 daemonum
512 1135 564 1182 aut
574 1125 725 1186 hominum
739 1139 810 1211 agat
821 1132 940 1207 iniqua,
967 1133 1027 1190 nisi

60 1225 93 1262 no
116 1205 268 1284 codemque
292 1209 453 1264 iustissimo
475 1209 585 1267 iudicio
608 1215 803 1288 permittatur.
841 1213 1026 1274 sicutenim

60 1289 214 1363 ipostolus‚
239 1287 304 1348 Non
327 1302 371 1348 cat
395 1293 540 1370 iniquitas
565 1296 649 1372 apud
670 1293 776 1356 Deum.
819 1295 860 1354 Et
873 1300 1026 1374 sicutipse

60 1373 163 1432 laicis:
188 1371 402 1433 inscrutabilia
424 1387 496 1434 ιιιιιι
518 1377 632 1436 iudicio
645 1377 720 1451 Dei,
748 1391 778 1439 et
801 1381 1026 1460 investigabiles

71 1458 139 1514 eiua.
181 1457 248 1515 Non
261 1459 356 1536 igitur
369 1461 399 1516 in
414 1459 470 1517 hoc
484 1461 559 1518 libro
574 1461 610 1518 de
623 1465 682 1520 iliis
696 1465 815 1538 primis,
842 1484 897 1524 nac
911 1465 947 1522 de
958 1468 1025 1530 istis

60 1542 91 1596 iis
111 1541 166 1598 Dei
183 1541 317 1614 iudiciis,
344 1543 396 1599 sed
415 1543 451 1600 de
468 1546 531 1619 ipso
552 1548 714 1604 novissimo
733 1548 859 1622 iudicio,
886 1559 1026 1626 quantuni

70 1625 218 1697 tribuerit,
245 1625 416 1702 disputabo,
443 1627 559 1703 quando
573 1629 706 1688 Christus
725 1631 761 1688 de
780 1635 862 1688 coelo
882 1643 1026 1692 venturus

60 1709 128 1764 'ivos
141 1709 321 1766 iudicaturus
336 1721 366 1767 et
387 1722 531 1769 mortuos.
572 1713 632 1772 late
645 1717 751 1792 quippe
765 1715 827 1772 dies
839 1715 941 1774 iudicii
957 1735 1025 1792 pro-

66 1793 123 1850 iam
141 1801 276 1866 vocatur,
303 1813 337 1851 eo
366 1795 444 1870 quod
463 1798 560 1852 nullus
578 1796 620 1856 ibi
639 1801 696 1856 erit
718 1801 871 1875 imperitae
891 1802 1027 1876 querelae

60 1895 82 1946 r,
97 1893 149 1932 cur
162 1877 287 1934 iniustus
300 1880 351 1936 ille
365 1881 405 1936 sit
418 1880 506 1951 felix,
521 1892 551 1937 ct
565 1901 617 1938 cur
630 1885 726 1940 iustus
742 1886 792 1940 ille
805 1884 920 1940 infelix.
954 1883 1024 1940 Om-

60 1985 64 2015 ι
80 1978 204 2036 namque
217 1971 290 2018 tunc
303 1980 363 2019 non
378 1965 436 2019 nisi
449 1963 592 2020 bonorum
607 1985 677 2023 vcra
691 1977 722 2022 et
732 1970 819 2040 plena
834 1968 975 2038 solicitas,
998 1977 1027 2024 et

60 2049 113 2101 lum
127 2062 188 2100 non
203 2046 261 2102 uisi
273 2048 416 2102 melorum
426 2045 516 2124 digna
530 2039 559 2102 'et
572 2066 683 2104 summa
695 2049 853 2105 infelicitas
863 2049 1025 2123 apparebit.

399 2196 521 2254 CAP.
565 2197 614 2254 11.

60 2293 169 2346 eierato
186 2309 278 2346 rerum
292 2292 488 2358 bumanorum,
508 2294 553 2348 cui
563 2313 616 2350 noa
626 2303 720 2364 potest
731 2295 785 2348 diei
796 2296 882 2348 deesse
896 2293 1026 2347 iudicium

257 2362 326 2427 Dei,
347 2364 468 2434 quamtis
479 2374 595 2434 nequeat
604 2365 747 2436 vestigari.

60 2469 126 2527 iuno
143 2483 242 2528 autem
256 2481 286 2528 et
297 2475 374 2528 mala
387 2491 483 2548 aequo
498 2474 597 2530 animo
611 2473 691 2529 ferre
705 2471 864 2543 discimus,
888 2489 962 2547 quae
975 2491 1026 2547 pa-

60 2573 92 2610 ur
107 2563 138 2610 et
150 2554 236 2627 boni3
261 2566 292 2612 et
304 2557 382 2613 bona
396 2575 456 2613 non
469 2556 715 2635 magnipendere,
732 2574 809 2631 quac
824 2555 1026 2630 adipiscuntur

63 2640 95 2693 li.
133 2639 178 2694 Ac
190 2659 244 2714 per
256 2639 313 2696 hoc
327 2641 415 2698 etiarn
428 2641 459 2696 in
473 2639 640 2712 biarchus,
665 2641 698 2695 in
711 2639 817 2714 quibus
831 2657 893 2695 non
907 2650 1028 2714 apparet

60 2741 72 2778 a
92 2725 226 2795 iustitia,
253 2725 390 2780 salutaris
408 2733 454 2780 est
473 2723 574 2780 divina
592 2723 735 2781 doctrina.
779 2722 933 2780 Nescimus
947 2725 1026 2778 enim

60 2806 161 2863 udicio
176 2805 237 2864 Dei
251 2809 346 2865 bonus
360 2809 410 2868 ille
424 2809 465 2865 sit
476 2825 604 2884 pauper,
618 2810 712 2864 malus
726 2808 777 2863 ille
791 2808 831 2864 sit
843 2805 943 2864 divas:
970 2807 1027 2862 iste

60 2900 117 2962 eat,
134 2907 226 2966 quem
239 2911 292 2968 pro
303 2893 366 2948 suis
379 2891 503 2968 perditis
516 2891 647 2949 moribus
660 2893 787 2948 cruciari
800 2891 935 2947 debuisse
945 2908 1025 2946 moe-

60 2992 92 3029 us
107 2975 306 3049 arbitramur3
320 2977 514 3032 contristetur
527 2975 596 3048 ille,
610 2993 697 3053 quem
708 2977 771 3034 rita
783 2973 938 3031 laudabilis
953 2991 1026 3052 gau-

63 3056 210 3114 dcbuisse
232 3059 403 3134 persuadet:
432 3071 520 3118 cxeat
539 3058 575 3116 de
593 3060 702 3118 iudicio
717 3079 777 3116 non
792 3062 886 3116 solum
900 3060 1026 3129 inultus,

60 3161 73 3196 ι
89 3143 186 3198 etiarn
201 3141 355 3200 damnatus
366 3146 529 3216 innocens,
542 3154 594 3201 aut
607 3146 764 3220 iniquitate
777 3143 884 3199 iudicis
896 3159 1025 3216 pressus,

60 3227 130 3282 slsis
157 3225 285 3283 obrutus
309 3229 505 3299 testimoniis3
532 3229 714 3284 econtrario
728 3228 869 3282 scelestus
887 3224 1025 3280 adversa·

60 3311 111 3366 ius
128 3312 304 3368 nouaclum
314 3312 487 3384 impunitus,
500 3329 603 3368 verum
613 3312 702 3366 ctiam
710 3307 878 3366 vindicatus
886 3307 1025 3362 insultet:

60 3412 74 3448 s
102 3395 224 3467 optime
241 3396 355 3464 valeat,
380 3395 614 3473 pinalenguorc
636 3391 782 3464 tabescat:
809 3389 1027 3445 latrocinentur

63 3479 123 3533 imi
143 3479 290 3550 iuvenos3
317 3485 347 3532 et
367 3479 417 3553 qui
437 3496 493 3535 nec
506 3476 597 3534 verbo
612 3491 779 3552 quenquam
791 3469 909 3529 laedere
921 3479 1026 3546 potne-

80 3561 213 3620 diveraa
225 3561 393 3620 morborum
406 3563 561 3618 atrocitate
574 3558 762 3638 affligantur:
790 3553 921 3612 infantes
938 3554 1025 3610 utiles

64 3645 222 3703 humanis
236 3648 391 3703 immatura
404 3654 499 3702 morte
514 3645 684 3719 rapiantur;
712 3651 742 3698 et
756 3641 808 3716 qui
820 3637 958 3696 videntur
972 3655 1026 3694 nec

72 3729 236 3802 dcbuisse,
261 3730 427 3787 diutissime
449 3731 572 3804 insuper
593 3728 710 3784 vivant:
737 3726 840 3800 plenus
855 3721 1025 3778 criminibus

60 3822 149 3870 retur
163 3812 347 3884 honoribus,
372 3822 402 3869 et
413 3811 561 3869 homincm
575 3813 640 3867 sine
654 3811 772 3884 quercla
784 3806 923 3864 tenebrae
937 3805 1025 3882 igno·

60 3898 90 3952 is
114 3897 321 3955 abscondant:
349 3905 380 3965 et
397 3891 707 3967 caeterahuiusmodi,
734 3909 808 3971 quae
823 3891 888 3968 quir
902 3885 1026 3967 colligit,
