<?xml version="1.0" encoding="UTF-8"?>
<!DOCTYPE html PUBLIC "-//W3C//DTD XHTML 1.0 Transitional//EN"
    "http://www.w3.org/TR/xhtml1/DTD/xhtml1-transitional.dtd">
<html xmlns="http://www.w3.org/1999/xhtml" xml:lang="en" lang="en">
 <head>
  <title>
</title>
<meta http-equiv="Content-Type" content="text/html;charset=utf-8" />
  <meta name='ocr-system' content='tesseract 3.04.00' />
  <meta name='ocr-capabilities' content='ocr_page ocr_carea ocr_par ocr_line ocrx_word'/>
</head>
<body>
  <div class='ocr_page' id='page_1' title='image "./saureliiaugusti02augugoog_0056.png"; bbox 0 0 2602 4416; ppageno 0'>
   <div class='ocr_carea' id='block_1_1' title="bbox 1057 10 1290 26">
    <p class='ocr_par' dir='ltr' id='par_1_1' title="bbox 1057 10 1290 26">
     <span class='ocr_line' id='line_1_1' title="bbox 1057 10 1290 26; baseline 0.004 -1"><span class='ocrx_word' id='word_1_1' title='bbox 1057 10 1063 11; x_wconf 53' lang='lat'><em>⁷</em></span> <span class='ocrx_word' id='word_1_2' title='bbox 1087 11 1290 26; x_wconf 46' lang='grc' dir='ltr'><strong>-ὴ-</strong></span> 
     </span>
    </p>
   </div>
   <div class='ocr_carea' id='block_1_2' title="bbox 269 166 1095 386">
    <p class='ocr_par' dir='ltr' id='par_1_2' title="bbox 269 166 1095 386">
     <span class='ocr_line' id='line_1_2' title="bbox 269 166 1095 252; baseline 0.033 -27"><span class='ocrx_word' id='word_1_3' title='bbox 269 166 337 226; x_wconf 89' lang='lat' dir='ltr'><strong>DE</strong></span> <span class='ocrx_word' id='word_1_4' title='bbox 365 166 589 228; x_wconf 81' lang='lat' dir='ltr'><strong>ClVlTATE</strong></span> <span class='ocrx_word' id='word_1_5' title='bbox 617 172 695 232; x_wconf 87' lang='lat' dir='ltr'><strong>DEI</strong></span> <span class='ocrx_word' id='word_1_6' title='bbox 727 177 806 236; x_wconf 79' lang='grc' dir='ltr'><strong>ΗΒ.</strong></span> <span class='ocrx_word' id='word_1_7' title='bbox 832 182 872 240; x_wconf 92' lang='lat' dir='ltr'><strong>ll.</strong></span> <span class='ocrx_word' id='word_1_8' title='bbox 1054 196 1095 252; x_wconf 79' lang='grc'><strong>49</strong></span> 
     </span>
     <span class='ocr_line' id='line_1_3' title="bbox 433 319 718 386; baseline 0.025 -8"><span class='ocrx_word' id='word_1_9' title='bbox 433 319 456 378; x_wconf 88' lang='lat' dir='ltr'>C</span> <span class='ocrx_word' id='word_1_10' title='bbox 485 321 510 378; x_wconf 78' lang='lat' dir='ltr'>A</span> <span class='ocrx_word' id='word_1_11' title='bbox 536 321 568 380; x_wconf 89' lang='lat' dir='ltr'><strong>P.</strong></span> <span class='ocrx_word' id='word_1_12' title='bbox 610 321 718 386; x_wconf 87' lang='lat' dir='ltr'>XIV.</span> 
     </span>
    </p>
   </div>
   <div class='ocr_carea' id='block_1_3' title="bbox 49 416 1093 558">
    <p class='ocr_par' dir='ltr' id='par_1_3' title="bbox 49 416 1093 558">
     <span class='ocr_line' id='line_1_4' title="bbox 49 416 1093 492; baseline 0.022 -23"><span class='ocrx_word' id='word_1_13' title='bbox 49 416 174 470; x_wconf 81' lang='lat' dir='ltr'><strong>ileliorem</strong></span> <span class='ocrx_word' id='word_1_14' title='bbox 180 416 287 490; x_wconf 78' lang='lat' dir='ltr'><strong>fuisse</strong></span> <span class='ocrx_word' id='word_1_15' title='bbox 298 416 464 482; x_wconf 77' lang='lat' dir='ltr'><em>Platonem,</em></span> <span class='ocrx_word' id='word_1_16' title='bbox 486 418 627 488; x_wconf 71' lang='lat' dir='ltr'><strong>palpastis</strong></span> <span class='ocrx_word' id='word_1_17' title='bbox 637 424 724 476; x_wconf 83' lang='lat' dir='ltr'><strong>locum</strong></span> <span class='ocrx_word' id='word_1_18' title='bbox 733 426 762 480; x_wconf 82' lang='lat' dir='ltr'><strong>in</strong></span> <span class='ocrx_word' id='word_1_19' title='bbox 772 428 836 481; x_wconf 84' lang='lat' dir='ltr'><strong>bene</strong></span> <span class='ocrx_word' id='word_1_20' title='bbox 847 441 954 484; x_wconf 84' lang='lat' dir='ltr'><strong>morato</strong></span> <span class='ocrx_word' id='word_1_21' title='bbox 965 433 1031 487; x_wconf 74' lang='lat' dir='ltr'><strong>arba</strong></span> <span class='ocrx_word' id='word_1_22' title='bbox 1040 454 1093 492; x_wconf 79' lang='lat' dir='ltr'><strong>aas</strong></span> 
     </span>
     <span class='ocr_line' id='line_1_5' title="bbox 80 486 1047 558; baseline 0.019 -20"><span class='ocrx_word' id='word_1_23' title='bbox 80 487 194 552; x_wconf 77' lang='lat' dir='ltr'><strong>dederit,</strong></span> <span class='ocrx_word' id='word_1_24' title='bbox 216 503 309 558; x_wconf 75' lang='lat' dir='ltr'><strong>quarn</strong></span> <span class='ocrx_word' id='word_1_25' title='bbox 319 486 447 551; x_wconf 76' lang='lat' dir='ltr'><strong>hosdem,</strong></span> <span class='ocrx_word' id='word_1_26' title='bbox 468 489 517 558; x_wconf 79' lang='lat' dir='ltr'><strong>qui</strong></span> <span class='ocrx_word' id='word_1_27' title='bbox 526 505 553 541; x_wconf 86' lang='lat' dir='ltr'><strong>se</strong></span> <span class='ocrx_word' id='word_1_28' title='bbox 564 491 635 543; x_wconf 80' lang='lat' dir='ltr'><strong>ludis</strong></span> <span class='ocrx_word' id='word_1_29' title='bbox 644 495 756 551; x_wconf 76' lang='lat' dir='ltr'><strong>ramicis</strong></span> <span class='ocrx_word' id='word_1_30' title='bbox 765 500 901 554; x_wconf 80' lang='lat' dir='ltr'><strong>soluerint</strong></span> <span class='ocrx_word' id='word_1_31' title='bbox 911 500 1047 556; x_wconf 81' lang='lat' dir='ltr'><strong>honorari.</strong></span> 
     </span>
    </p>
   </div>
   <div class='ocr_carea' id='block_1_4' title="bbox 38 576 1090 3664">
    <p class='ocr_par' dir='ltr' id='par_1_4' title="bbox 43 576 1090 2247">
     <span class='ocr_line' id='line_1_6' title="bbox 97 576 1090 666; baseline 0.018 -33"><span class='ocrx_word' id='word_1_32' title='bbox 97 576 223 636; x_wconf 77' lang='lat' dir='ltr'>Deinde</span> <span class='ocrx_word' id='word_1_33' title='bbox 238 578 431 654; x_wconf 82' lang='lat' dir='ltr'><strong>quaerimus,</strong></span> <span class='ocrx_word' id='word_1_34' title='bbox 456 579 517 654; x_wconf 84' lang='lat' dir='ltr'><strong>ipsi</strong></span> <span class='ocrx_word' id='word_1_35' title='bbox 530 589 636 653; x_wconf 87' lang='lat' dir='ltr'><strong>poetae</strong></span> <span class='ocrx_word' id='word_1_36' title='bbox 647 584 751 640; x_wconf 89' lang='lat' dir='ltr'><strong>talium</strong></span> <span class='ocrx_word' id='word_1_37' title='bbox 764 585 931 646; x_wconf 78' lang='lat' dir='ltr'><strong>fabularum</strong></span> <span class='ocrx_word' id='word_1_38' title='bbox 945 599 1090 666; x_wconf 86' lang='lat' dir='ltr'><strong>composi-</strong></span> 
     </span>
     <span class='ocr_line' id='line_1_7' title="bbox 47 659 1089 744; baseline 0.015 -27"><span class='ocrx_word' id='word_1_39' title='bbox 47 671 124 732; x_wconf 86' lang='lat' dir='ltr'><strong>tores,</strong></span> <span class='ocrx_word' id='word_1_40' title='bbox 152 663 209 738; x_wconf 76' lang='lat' dir='ltr'><strong>qni</strong></span> <span class='ocrx_word' id='word_1_41' title='bbox 229 661 394 718; x_wconf 81' lang='lat' dir='ltr'><strong>duodecim</strong></span> <span class='ocrx_word' id='word_1_42' title='bbox 409 659 592 720; x_wconf 74' lang='lat' dir='ltr'><strong>Tabularum</strong></span> <span class='ocrx_word' id='word_1_43' title='bbox 609 666 676 744; x_wconf 81' lang='lat' dir='ltr'><strong>lege</strong></span> <span class='ocrx_word' id='word_1_44' title='bbox 693 667 891 740; x_wconf 86' lang='lat' dir='ltr'><strong>prohibentur</strong></span> <span class='ocrx_word' id='word_1_45' title='bbox 908 674 1016 731; x_wconf 83' lang='lat' dir='ltr'><strong>lamam</strong></span> <span class='ocrx_word' id='word_1_46' title='bbox 1029 678 1089 733; x_wconf 87' lang='lat' dir='ltr'><strong>lae-</strong></span> 
     </span>
     <span class='ocr_line' id='line_1_8' title="bbox 46 745 1089 829; baseline 0.017 -29"><span class='ocrx_word' id='word_1_47' title='bbox 46 745 103 800; x_wconf 85' lang='lat' dir='ltr'><strong>dere</strong></span> <span class='ocrx_word' id='word_1_48' title='bbox 116 747 247 818; x_wconf 82' lang='lat' dir='ltr'><strong>civium,</strong></span> <span class='ocrx_word' id='word_1_49' title='bbox 261 754 329 802; x_wconf 87' lang='lat' dir='ltr'><strong>tam</strong></span> <span class='ocrx_word' id='word_1_50' title='bbox 341 745 487 818; x_wconf 85' lang='lat' dir='ltr'><strong>probrosa</strong></span> <span class='ocrx_word' id='word_1_51' title='bbox 500 747 532 802; x_wconf 90' lang='lat' dir='ltr'><strong>in</strong></span> <span class='ocrx_word' id='word_1_52' title='bbox 546 746 615 804; x_wconf 85' lang='lat' dir='ltr'><strong>deos</strong></span> <span class='ocrx_word' id='word_1_53' title='bbox 630 752 764 810; x_wconf 79' lang='lat' dir='ltr'><strong>convicia</strong></span> <span class='ocrx_word' id='word_1_54' title='bbox 773 754 948 829; x_wconf 87' lang='lat' dir='ltr'><strong>iaculantes,</strong></span> <span class='ocrx_word' id='word_1_55' title='bbox 963 777 1017 814; x_wconf 92' lang='lat' dir='ltr'><strong>cur</strong></span> <span class='ocrx_word' id='word_1_56' title='bbox 1029 779 1089 818; x_wconf 88' lang='lat' dir='ltr'><strong>non</strong></span> 
     </span>
     <span class='ocr_line' id='line_1_9' title="bbox 47 826 1090 914; baseline 0.017 -30"><span class='ocrx_word' id='word_1_57' title='bbox 47 840 72 885; x_wconf 86' lang='lat' dir='ltr'><strong>ut</strong></span> <span class='ocrx_word' id='word_1_58' title='bbox 86 830 201 886; x_wconf 85' lang='lat' dir='ltr'><strong>scenici</strong></span> <span class='ocrx_word' id='word_1_59' title='bbox 221 826 400 886; x_wconf 76' lang='lat' dir='ltr'><strong>habeantur</strong></span> <span class='ocrx_word' id='word_1_60' title='bbox 421 826 591 886; x_wconf 79' lang='lat' dir='ltr'><strong>inhonestii</strong></span> <span class='ocrx_word' id='word_1_61' title='bbox 620 833 687 901; x_wconf 78' lang='lat' dir='ltr'><strong>Qua</strong></span> <span class='ocrx_word' id='word_1_62' title='bbox 702 838 817 893; x_wconf 86' lang='lat' dir='ltr'><strong>ratione</strong></span> <span class='ocrx_word' id='word_1_63' title='bbox 835 850 951 898; x_wconf 89' lang='lat' dir='ltr'><strong>rectum</strong></span> <span class='ocrx_word' id='word_1_64' title='bbox 964 851 1027 914; x_wconf 88' lang='lat' dir='ltr'><strong>est,</strong></span> <span class='ocrx_word' id='word_1_65' title='bbox 1055 855 1090 902; x_wconf 89' lang='lat' dir='ltr'><strong>ut</strong></span> 
     </span>
     <span class='ocr_line' id='line_1_10' title="bbox 46 913 1086 992; baseline 0.015 -25"><span class='ocrx_word' id='word_1_66' title='bbox 46 913 223 985; x_wconf 86' lang='lat' dir='ltr'><strong>poeticorum</strong></span> <span class='ocrx_word' id='word_1_67' title='bbox 237 913 459 992; x_wconf 83' lang='lat' dir='ltr'><strong>figmentorum</strong></span> <span class='ocrx_word' id='word_1_68' title='bbox 480 923 511 969; x_wconf 92' lang='lat' dir='ltr'><strong>et</strong></span> <span class='ocrx_word' id='word_1_69' title='bbox 529 915 792 992; x_wconf 80' lang='lat' dir='ltr'><strong>ignominiosorum</strong></span> <span class='ocrx_word' id='word_1_70' title='bbox 804 920 926 980; x_wconf 89' lang='lat' dir='ltr'><strong>deorum</strong></span> <span class='ocrx_word' id='word_1_71' title='bbox 940 925 1086 982; x_wconf 85' lang='lat' dir='ltr'><strong>infamen-</strong></span> 
     </span>
     <span class='ocr_line' id='line_1_11' title="bbox 47 996 1087 1071; baseline 0.015 -20"><span class='ocrx_word' id='word_1_72' title='bbox 47 1007 85 1052; x_wconf 86' lang='lat' dir='ltr'><strong>tur</strong></span> <span class='ocrx_word' id='word_1_73' title='bbox 103 1006 246 1071; x_wconf 85' lang='lat' dir='ltr'><strong>actores,</strong></span> <span class='ocrx_word' id='word_1_74' title='bbox 271 997 465 1055; x_wconf 79' lang='lat' dir='ltr'><strong>honorentur</strong></span> <span class='ocrx_word' id='word_1_75' title='bbox 483 996 640 1056; x_wconf 67' lang='lat' dir='ltr'><strong>auctorest</strong></span> <span class='ocrx_word' id='word_1_76' title='bbox 665 1001 712 1058; x_wconf 82' lang='lat' dir='ltr'><strong>An</strong></span> <span class='ocrx_word' id='word_1_77' title='bbox 734 1003 811 1060; x_wconf 86' lang='lat' dir='ltr'><strong>sorte</strong></span> <span class='ocrx_word' id='word_1_78' title='bbox 834 1006 949 1064; x_wconf 85' lang='lat' dir='ltr'><strong>Graeco</strong></span> <span class='ocrx_word' id='word_1_79' title='bbox 968 1007 1087 1066; x_wconf 75' lang='lat' dir='ltr'><strong>Platoni</strong></span> 
     </span>
     <span class='ocr_line' id='line_1_12' title="bbox 46 1080 1086 1166; baseline 0.013 -31"><span class='ocrx_word' id='word_1_80' title='bbox 46 1082 130 1150; x_wconf 88' lang='lat' dir='ltr'><strong>potius</strong></span> <span class='ocrx_word' id='word_1_81' title='bbox 143 1083 250 1154; x_wconf 87' lang='lat' dir='ltr'><strong>palma</strong></span> <span class='ocrx_word' id='word_1_82' title='bbox 265 1080 368 1138; x_wconf 81' lang='lat' dir='ltr'><strong>danda</strong></span> <span class='ocrx_word' id='word_1_83' title='bbox 380 1091 438 1153; x_wconf 84' lang='lat' dir='ltr'><strong>ert,</strong></span> <span class='ocrx_word' id='word_1_84' title='bbox 458 1083 511 1158; x_wconf 90' lang='lat' dir='ltr'><strong>qui</strong></span> <span class='ocrx_word' id='word_1_85' title='bbox 524 1101 591 1140; x_wconf 86' lang='lat' dir='ltr'><strong>cum</strong></span> <span class='ocrx_word' id='word_1_86' title='bbox 603 1086 719 1142; x_wconf 88' lang='lat' dir='ltr'><strong>ratione</strong></span> <span class='ocrx_word' id='word_1_87' title='bbox 734 1087 884 1160; x_wconf 86' lang='lat' dir='ltr'><strong>formaret,</strong></span> <span class='ocrx_word' id='word_1_88' title='bbox 911 1093 1005 1166; x_wconf 85' lang='lat' dir='ltr'><strong>qualis</strong></span> <span class='ocrx_word' id='word_1_89' title='bbox 1019 1110 1086 1150; x_wconf 89' lang='lat' dir='ltr'><strong>esse</strong></span> 
     </span>
     <span class='ocr_line' id='line_1_13' title="bbox 47 1163 1085 1247; baseline 0.015 -31"><span class='ocrx_word' id='word_1_90' title='bbox 47 1163 138 1218; x_wconf 77' lang='lat' dir='ltr'><strong>civitas</strong></span> <span class='ocrx_word' id='word_1_91' title='bbox 156 1163 295 1236; x_wconf 88' lang='lat' dir='ltr'><strong>debeat,</strong></span> <span class='ocrx_word' id='word_1_92' title='bbox 324 1174 469 1241; x_wconf 79' lang='lat' dir='ltr'><strong>tanquam</strong></span> <span class='ocrx_word' id='word_1_93' title='bbox 495 1165 679 1226; x_wconf 87' lang='lat' dir='ltr'><strong>adversarios</strong></span> <span class='ocrx_word' id='word_1_94' title='bbox 696 1172 825 1228; x_wconf 88' lang='lat' dir='ltr'><strong>civitatis</strong></span> <span class='ocrx_word' id='word_1_95' title='bbox 844 1183 945 1247; x_wconf 90' lang='lat' dir='ltr'><strong>poetas</strong></span> <span class='ocrx_word' id='word_1_96' title='bbox 966 1177 1085 1232; x_wconf 89' lang='lat' dir='ltr'><strong>censuit</strong></span> 
     </span>
     <span class='ocr_line' id='line_1_14' title="bbox 47 1244 1086 1332; baseline 0.013 -33"><span class='ocrx_word' id='word_1_97' title='bbox 47 1247 108 1300; x_wconf 87' lang='lat' dir='ltr'><strong>urbe</strong></span> <span class='ocrx_word' id='word_1_98' title='bbox 120 1244 303 1320; x_wconf 62' lang='lat' dir='ltr'><strong>pellendos?</strong></span> <span class='ocrx_word' id='word_1_99' title='bbox 331 1245 393 1304; x_wconf 89' lang='lat' dir='ltr'><strong>Iste</strong></span> <span class='ocrx_word' id='word_1_100' title='bbox 405 1267 477 1305; x_wconf 84' lang='lat' dir='ltr'><strong>vero</strong></span> <span class='ocrx_word' id='word_1_101' title='bbox 492 1259 522 1306; x_wconf 89' lang='lat' dir='ltr'><strong>et</strong></span> <span class='ocrx_word' id='word_1_102' title='bbox 535 1249 657 1308; x_wconf 90' lang='lat' dir='ltr'><strong>deorum</strong></span> <span class='ocrx_word' id='word_1_103' title='bbox 669 1254 795 1310; x_wconf 89' lang='lat' dir='ltr'><strong>iniurias</strong></span> <span class='ocrx_word' id='word_1_104' title='bbox 808 1255 931 1332; x_wconf 80' lang='lat' dir='ltr'><strong>indigne</strong></span> <span class='ocrx_word' id='word_1_105' title='bbox 945 1259 1029 1328; x_wconf 93' lang='lat' dir='ltr'><strong>tulit,</strong></span> <span class='ocrx_word' id='word_1_106' title='bbox 1055 1269 1086 1314; x_wconf 90' lang='lat' dir='ltr'><strong>et</strong></span> 
     </span>
     <span class='ocr_line' id='line_1_15' title="bbox 46 1328 1086 1410; baseline 0.012 -28"><span class='ocrx_word' id='word_1_107' title='bbox 46 1328 129 1385; x_wconf 85' lang='lat' dir='ltr'><strong>lucari</strong></span> <span class='ocrx_word' id='word_1_108' title='bbox 146 1333 372 1406; x_wconf 77' lang='lat' dir='ltr'><strong>corrumpique</strong></span> <span class='ocrx_word' id='word_1_109' title='bbox 388 1331 539 1410; x_wconf 82' lang='lat' dir='ltr'><strong>figmentis</strong></span> <span class='ocrx_word' id='word_1_110' title='bbox 564 1336 677 1391; x_wconf 89' lang='lat' dir='ltr'><strong>animos</strong></span> <span class='ocrx_word' id='word_1_111' title='bbox 700 1338 809 1392; x_wconf 81' lang='lat' dir='ltr'><strong>civium</strong></span> <span class='ocrx_word' id='word_1_112' title='bbox 831 1339 936 1394; x_wconf 89' lang='lat' dir='ltr'><strong>noluit.</strong></span> <span class='ocrx_word' id='word_1_113' title='bbox 976 1338 1086 1394; x_wconf 82' lang='lat' dir='ltr'><strong>Confer</strong></span> 
     </span>
     <span class='ocr_line' id='line_1_16' title="bbox 47 1412 1084 1494; baseline 0.009 -27"><span class='ocrx_word' id='word_1_114' title='bbox 47 1431 115 1469; x_wconf 88' lang='lat' dir='ltr'><strong>nunc</strong></span> <span class='ocrx_word' id='word_1_115' title='bbox 126 1412 267 1472; x_wconf 84' lang='lat' dir='ltr'><strong>Platonis</strong></span> <span class='ocrx_word' id='word_1_116' title='bbox 288 1413 507 1472; x_wconf 88' lang='lat' dir='ltr'><strong>humanitatem</strong></span> <span class='ocrx_word' id='word_1_117' title='bbox 526 1435 544 1472; x_wconf 87' lang='lat' dir='ltr'><strong>a</strong></span> <span class='ocrx_word' id='word_1_118' title='bbox 564 1418 678 1473; x_wconf 83' lang='lat' dir='ltr'><strong>civibus</strong></span> <span class='ocrx_word' id='word_1_119' title='bbox 693 1417 873 1492; x_wconf 75' lang='lat' dir='ltr'><strong>decipiendis</strong></span> <span class='ocrx_word' id='word_1_120' title='bbox 890 1429 992 1494; x_wconf 88' lang='lat' dir='ltr'><strong>poetas</strong></span> <span class='ocrx_word' id='word_1_121' title='bbox 1011 1423 1084 1477; x_wconf 89' lang='lat' dir='ltr'><strong>urbe</strong></span> 
     </span>
     <span class='ocr_line' id='line_1_17' title="bbox 48 1497 1083 1572; baseline 0.012 -23"><span class='ocrx_word' id='word_1_122' title='bbox 48 1497 206 1572; x_wconf 82' lang='lat' dir='ltr'><strong>pellentem,</strong></span> <span class='ocrx_word' id='word_1_123' title='bbox 236 1517 314 1556; x_wconf 90' lang='lat' dir='ltr'><strong>cum</strong></span> <span class='ocrx_word' id='word_1_124' title='bbox 333 1497 457 1554; x_wconf 88' lang='lat' dir='ltr'><strong>deorum</strong></span> <span class='ocrx_word' id='word_1_125' title='bbox 476 1499 632 1556; x_wconf 80' lang='lat' dir='ltr'><strong>divinitate</strong></span> <span class='ocrx_word' id='word_1_126' title='bbox 649 1499 754 1558; x_wconf 90' lang='lat' dir='ltr'><strong>honori</strong></span> <span class='ocrx_word' id='word_1_127' title='bbox 772 1520 827 1559; x_wconf 90' lang='lat' dir='ltr'><strong>sno</strong></span> <span class='ocrx_word' id='word_1_128' title='bbox 844 1503 928 1560; x_wconf 83' lang='lat' dir='ltr'><strong>ludos</strong></span> <span class='ocrx_word' id='word_1_129' title='bbox 949 1505 1083 1561; x_wconf 85' lang='lat' dir='ltr'><strong>scenicos</strong></span> 
     </span>
     <span class='ocr_line' id='line_1_18' title="bbox 49 1581 1083 1661; baseline 0.011 -27"><span class='ocrx_word' id='word_1_130' title='bbox 49 1589 200 1652; x_wconf 81' lang='lat' dir='ltr'><strong>expetente.</strong></span> <span class='ocrx_word' id='word_1_131' title='bbox 228 1581 308 1653; x_wconf 86' lang='lat' dir='ltr'><strong>lile,</strong></span> <span class='ocrx_word' id='word_1_132' title='bbox 335 1599 375 1637; x_wconf 88' lang='lat' dir='ltr'><strong>ne</strong></span> <span class='ocrx_word' id='word_1_133' title='bbox 394 1583 466 1638; x_wconf 87' lang='lat' dir='ltr'><strong>talia</strong></span> <span class='ocrx_word' id='word_1_134' title='bbox 484 1585 532 1639; x_wconf 84' lang='lat' dir='ltr'><strong>vel</strong></span> <span class='ocrx_word' id='word_1_135' title='bbox 545 1584 757 1658; x_wconf 76' lang='lat' dir='ltr'><strong>scriberentur,</strong></span> <span class='ocrx_word' id='word_1_136' title='bbox 784 1587 841 1643; x_wconf 90' lang='lat' dir='ltr'><strong>etsi</strong></span> <span class='ocrx_word' id='word_1_137' title='bbox 860 1605 920 1644; x_wconf 89' lang='lat' dir='ltr'><strong>non</strong></span> <span class='ocrx_word' id='word_1_138' title='bbox 933 1590 1083 1661; x_wconf 75' lang='lat' dir='ltr'><strong>persuasit</strong></span> 
     </span>
     <span class='ocr_line' id='line_1_19' title="bbox 46 1662 1081 1744; baseline 0.009 -26"><span class='ocrx_word' id='word_1_139' title='bbox 46 1662 221 1738; x_wconf 87' lang='lat' dir='ltr'><strong>disputando,</strong></span> <span class='ocrx_word' id='word_1_140' title='bbox 237 1676 347 1723; x_wconf 87' lang='lat' dir='ltr'><strong>tamen</strong></span> <span class='ocrx_word' id='word_1_141' title='bbox 361 1666 458 1722; x_wconf 84' lang='lat' dir='ltr'><strong>suasit</strong></span> <span class='ocrx_word' id='word_1_142' title='bbox 470 1667 585 1722; x_wconf 83' lang='lat' dir='ltr'><strong>levitati</strong></span> <span class='ocrx_word' id='word_1_143' title='bbox 597 1669 795 1744; x_wconf 84' lang='lat' dir='ltr'><strong>lasciviaeque</strong></span> <span class='ocrx_word' id='word_1_144' title='bbox 809 1669 1004 1728; x_wconf 87' lang='lat' dir='ltr'><strong>Graecorum:</strong></span> <span class='ocrx_word' id='word_1_145' title='bbox 1018 1673 1081 1743; x_wconf 90' lang='lat' dir='ltr'><strong>isti,</strong></span> 
     </span>
     <span class='ocr_line' id='line_1_20' title="bbox 46 1749 1081 1831; baseline 0.01 -31"><span class='ocrx_word' id='word_1_146' title='bbox 46 1749 146 1804; x_wconf 81' lang='lat' dir='ltr'><strong>attalia</strong></span> <span class='ocrx_word' id='word_1_147' title='bbox 161 1752 256 1806; x_wconf 84' lang='lat' dir='ltr'><strong>etiam</strong></span> <span class='ocrx_word' id='word_1_148' title='bbox 272 1758 453 1827; x_wconf 82' lang='lat' dir='ltr'><strong>agerentur,</strong></span> <span class='ocrx_word' id='word_1_149' title='bbox 479 1749 606 1808; x_wconf 87' lang='lat' dir='ltr'><strong>iubendo</strong></span> <span class='ocrx_word' id='word_1_150' title='bbox 621 1761 813 1810; x_wconf 87' lang='lat' dir='ltr'><strong>extorserunt</strong></span> <span class='ocrx_word' id='word_1_151' title='bbox 822 1755 963 1831; x_wconf 74' lang='lat' dir='ltr'><strong>gravitati</strong></span> <span class='ocrx_word' id='word_1_152' title='bbox 975 1764 1006 1811; x_wconf 92' lang='lat' dir='ltr'><strong>et</strong></span> <span class='ocrx_word' id='word_1_153' title='bbox 1018 1773 1081 1810; x_wconf 88' lang='lat' dir='ltr'><strong>mo·</strong></span> 
     </span>
     <span class='ocr_line' id='line_1_21' title="bbox 44 1829 1082 1914; baseline 0.011 -31"><span class='ocrx_word' id='word_1_154' title='bbox 44 1829 142 1888; x_wconf 89' lang='lat' dir='ltr'><strong>destiae</strong></span> <span class='ocrx_word' id='word_1_155' title='bbox 155 1831 380 1890; x_wconf 85' lang='lat' dir='ltr'><strong>Romanorum.</strong></span> <span class='ocrx_word' id='word_1_156' title='bbox 420 1831 484 1889; x_wconf 91' lang='lat' dir='ltr'><strong>Nec</strong></span> <span class='ocrx_word' id='word_1_157' title='bbox 497 1841 612 1890; x_wconf 89' lang='lat' dir='ltr'><strong>tantum</strong></span> <span class='ocrx_word' id='word_1_158' title='bbox 623 1832 696 1892; x_wconf 89' lang='lat' dir='ltr'><strong>haeo</strong></span> <span class='ocrx_word' id='word_1_159' title='bbox 708 1837 758 1914; x_wconf 81' lang='lat' dir='ltr'><strong>agi</strong></span> <span class='ocrx_word' id='word_1_160' title='bbox 771 1838 941 1909; x_wconf 81' lang='lat' dir='ltr'><strong>volucrunt,</strong></span> <span class='ocrx_word' id='word_1_161' title='bbox 963 1837 1015 1894; x_wconf 90' lang='lat' dir='ltr'><strong>sed</strong></span> <span class='ocrx_word' id='word_1_162' title='bbox 1026 1839 1082 1894; x_wconf 89' lang='lat' dir='ltr'><strong>sibi</strong></span> 
     </span>
     <span class='ocr_line' id='line_1_22' title="bbox 44 1913 1080 1988; baseline 0.01 -22"><span class='ocrx_word' id='word_1_163' title='bbox 44 1913 137 1987; x_wconf 85' lang='lat' dir='ltr'><strong>dicari,</strong></span> <span class='ocrx_word' id='word_1_164' title='bbox 166 1919 228 1974; x_wconf 91' lang='lat' dir='ltr'><strong>sibi</strong></span> <span class='ocrx_word' id='word_1_165' title='bbox 243 1917 379 1988; x_wconf 85' lang='lat' dir='ltr'><strong>sacrari,</strong></span> <span class='ocrx_word' id='word_1_166' title='bbox 403 1916 460 1972; x_wconf 87' lang='lat' dir='ltr'><strong>sibi</strong></span> <span class='ocrx_word' id='word_1_167' title='bbox 474 1918 636 1974; x_wconf 86' lang='lat' dir='ltr'><strong>solenniter</strong></span> <span class='ocrx_word' id='word_1_168' title='bbox 650 1917 792 1976; x_wconf 84' lang='lat' dir='ltr'><strong>exhiberi.</strong></span> <span class='ocrx_word' id='word_1_169' title='bbox 827 1919 883 1977; x_wconf 83' lang='lat' dir='ltr'><strong>Cui</strong></span> <span class='ocrx_word' id='word_1_170' title='bbox 896 1921 1016 1978; x_wconf 87' lang='lat' dir='ltr'><strong>tandem</strong></span> <span class='ocrx_word' id='word_1_171' title='bbox 1027 1919 1080 1976; x_wconf 92' lang='lat' dir='ltr'><strong>ho-</strong></span> 
     </span>
     <span class='ocr_line' id='line_1_23' title="bbox 43 1997 1082 2074; baseline 0.006 -22"><span class='ocrx_word' id='word_1_172' title='bbox 43 2001 144 2056; x_wconf 79' lang='lat' dir='ltr'><strong>nestius</strong></span> <span class='ocrx_word' id='word_1_173' title='bbox 158 2001 288 2058; x_wconf 85' lang='lat' dir='ltr'><strong>divinos</strong></span> <span class='ocrx_word' id='word_1_174' title='bbox 300 1997 431 2056; x_wconf 90' lang='lat' dir='ltr'><strong>honores</strong></span> <span class='ocrx_word' id='word_1_175' title='bbox 445 1999 619 2058; x_wconf 86' lang='lat' dir='ltr'><strong>decerneret</strong></span> <span class='ocrx_word' id='word_1_176' title='bbox 631 2003 746 2074; x_wconf 85' lang='lat' dir='ltr'><strong>civitas,</strong></span> <span class='ocrx_word' id='word_1_177' title='bbox 765 2012 867 2060; x_wconf 87' lang='lat' dir='ltr'><strong>utrum</strong></span> <span class='ocrx_word' id='word_1_178' title='bbox 879 2003 996 2060; x_wconf 89' lang='lat' dir='ltr'><strong>Platoni</strong></span> <span class='ocrx_word' id='word_1_179' title='bbox 1008 2002 1082 2059; x_wconf 88' lang='lat' dir='ltr'><strong>haec</strong></span> 
     </span>
     <span class='ocr_line' id='line_1_24' title="bbox 43 2081 1081 2158; baseline 0.004 -22"><span class='ocrx_word' id='word_1_180' title='bbox 43 2085 128 2155; x_wconf 88' lang='lat' dir='ltr'><strong>turpia</strong></span> <span class='ocrx_word' id='word_1_181' title='bbox 141 2095 173 2141; x_wconf 91' lang='lat' dir='ltr'><strong>et</strong></span> <span class='ocrx_word' id='word_1_182' title='bbox 186 2083 327 2141; x_wconf 81' lang='lat' dir='ltr'><strong>nefanda</strong></span> <span class='ocrx_word' id='word_1_183' title='bbox 340 2081 520 2158; x_wconf 88' lang='lat' dir='ltr'><strong>prohibenti,</strong></span> <span class='ocrx_word' id='word_1_184' title='bbox 544 2103 582 2141; x_wconf 84' lang='lat' dir='ltr'><strong>nn</strong></span> <span class='ocrx_word' id='word_1_185' title='bbox 595 2083 786 2143; x_wconf 86' lang='lat' dir='ltr'><strong>daemonibus</strong></span> <span class='ocrx_word' id='word_1_186' title='bbox 798 2084 853 2144; x_wconf 86' lang='lat' dir='ltr'><strong>hac</strong></span> <span class='ocrx_word' id='word_1_187' title='bbox 865 2085 1017 2143; x_wconf 88' lang='lat' dir='ltr'><strong>hominum</strong></span> <span class='ocrx_word' id='word_1_188' title='bbox 1031 2086 1081 2140; x_wconf 85' lang='lat' dir='ltr'><strong>dc·</strong></span> 
     </span>
     <span class='ocr_line' id='line_1_25' title="bbox 43 2165 1081 2247; baseline 0.004 -27"><span class='ocrx_word' id='word_1_189' title='bbox 43 2170 167 2240; x_wconf 87' lang='lat' dir='ltr'><strong>ceptione</strong></span> <span class='ocrx_word' id='word_1_190' title='bbox 181 2165 409 2247; x_wconf 82' lang='lat' dir='ltr'><strong>gaudentibus,</strong></span> <span class='ocrx_word' id='word_1_191' title='bbox 436 2168 542 2242; x_wconf 87' lang='lat' dir='ltr'><strong>quibus</strong></span> <span class='ocrx_word' id='word_1_192' title='bbox 556 2170 606 2225; x_wconf 94' lang='lat' dir='ltr'><strong>ille</strong></span> <span class='ocrx_word' id='word_1_193' title='bbox 618 2187 690 2226; x_wconf 86' lang='lat' dir='ltr'><strong>vera</strong></span> <span class='ocrx_word' id='word_1_194' title='bbox 701 2169 881 2244; x_wconf 84' lang='lat' dir='ltr'><strong>persuadere</strong></span> <span class='ocrx_word' id='word_1_195' title='bbox 893 2187 954 2225; x_wconf 90' lang='lat' dir='ltr'><strong>non</strong></span> <span class='ocrx_word' id='word_1_196' title='bbox 966 2165 1081 2244; x_wconf 80' lang='lat' dir='ltr'><strong>potuitl</strong></span> 
     </span>
    </p>

    <p class='ocr_par' dir='ltr' id='par_1_5' title="bbox 38 2249 1084 3664">
     <span class='ocr_line' id='line_1_26' title="bbox 97 2249 1080 2326; baseline 0.002 -20"><span class='ocrx_word' id='word_1_197' title='bbox 97 2250 190 2309; x_wconf 87' lang='lat' dir='ltr'><strong>Hune</strong></span> <span class='ocrx_word' id='word_1_198' title='bbox 202 2251 367 2309; x_wconf 85' lang='lat' dir='ltr'><strong>Platonem</strong></span> <span class='ocrx_word' id='word_1_199' title='bbox 379 2249 477 2308; x_wconf 86' lang='lat' dir='ltr'><strong>Labeo</strong></span> <span class='ocrx_word' id='word_1_200' title='bbox 487 2253 568 2310; x_wconf 89' lang='lat' dir='ltr'><strong>inter</strong></span> <span class='ocrx_word' id='word_1_201' title='bbox 578 2253 721 2312; x_wconf 85' lang='lat' dir='ltr'><strong>semideos</strong></span> <span class='ocrx_word' id='word_1_202' title='bbox 733 2252 1016 2311; x_wconf 88' lang='lat' dir='ltr'><strong>commemorandum</strong></span> <span class='ocrx_word' id='word_1_203' title='bbox 1025 2270 1080 2326; x_wconf 92' lang='lat' dir='ltr'><strong>pu-</strong></span> 
     </span>
     <span class='ocr_line' id='line_1_27' title="bbox 43 2332 1080 2407; baseline 0.002 -19"><span class='ocrx_word' id='word_1_204' title='bbox 43 2337 120 2406; x_wconf 83' lang='lat' dir='ltr'><strong>tarit,</strong></span> <span class='ocrx_word' id='word_1_205' title='bbox 145 2339 231 2394; x_wconf 88' lang='lat' dir='ltr'><strong>sicut</strong></span> <span class='ocrx_word' id='word_1_206' title='bbox 243 2332 427 2407; x_wconf 87' lang='lat' dir='ltr'><strong>Herculem,</strong></span> <span class='ocrx_word' id='word_1_207' title='bbox 454 2337 532 2393; x_wconf 87' lang='lat' dir='ltr'><strong>siout</strong></span> <span class='ocrx_word' id='word_1_208' title='bbox 545 2335 711 2394; x_wconf 89' lang='lat' dir='ltr'><strong>Romulum.</strong></span> <span class='ocrx_word' id='word_1_209' title='bbox 752 2335 903 2395; x_wconf 69' lang='lat' dir='ltr'><strong>semideos</strong></span> <span class='ocrx_word' id='word_1_210' title='bbox 917 2347 1016 2394; x_wconf 89' lang='lat' dir='ltr'><strong>autem</strong></span> <span class='ocrx_word' id='word_1_211' title='bbox 1028 2335 1080 2391; x_wconf 92' lang='lat' dir='ltr'><strong>hc-</strong></span> 
     </span>
     <span class='ocr_line' id='line_1_28' title="bbox 43 2418 1080 2494; baseline 0.002 -22"><span class='ocrx_word' id='word_1_212' title='bbox 43 2420 132 2476; x_wconf 85' lang='lat' dir='ltr'><strong>roibus</strong></span> <span class='ocrx_word' id='word_1_213' title='bbox 146 2420 327 2494; x_wconf 88' lang='lat' dir='ltr'><strong>anteponit:</strong></span> <span class='ocrx_word' id='word_1_214' title='bbox 343 2418 398 2476; x_wconf 88' lang='lat' dir='ltr'><strong>sed</strong></span> <span class='ocrx_word' id='word_1_215' title='bbox 410 2428 553 2494; x_wconf 85' lang='lat' dir='ltr'><strong>utrosque</strong></span> <span class='ocrx_word' id='word_1_216' title='bbox 565 2421 645 2477; x_wconf 89' lang='lat' dir='ltr'><strong>inter</strong></span> <span class='ocrx_word' id='word_1_217' title='bbox 656 2423 779 2478; x_wconf 78' lang='lat' dir='ltr'><strong>nunrina</strong></span> <span class='ocrx_word' id='word_1_218' title='bbox 793 2424 926 2479; x_wconf 90' lang='lat' dir='ltr'><strong>collocat.</strong></span> <span class='ocrx_word' id='word_1_219' title='bbox 955 2418 1080 2476; x_wconf 87' lang='lat' dir='ltr'><strong>Verum-</strong></span> 
     </span>
     <span class='ocr_line' id='line_1_29' title="bbox 42 2503 1081 2577; baseline -0.002 -19"><span class='ocrx_word' id='word_1_220' title='bbox 42 2511 131 2561; x_wconf 82' lang='lat' dir='ltr'><strong>tamen</strong></span> <span class='ocrx_word' id='word_1_221' title='bbox 143 2505 245 2560; x_wconf 87' lang='lat' dir='ltr'><strong>istum</strong></span> <span class='ocrx_word' id='word_1_222' title='bbox 258 2519 348 2577; x_wconf 84' lang='lat' dir='ltr'><strong>quem</strong></span> <span class='ocrx_word' id='word_1_223' title='bbox 367 2504 495 2576; x_wconf 88' lang='lat' dir='ltr'><strong>appellat</strong></span> <span class='ocrx_word' id='word_1_224' title='bbox 513 2504 692 2575; x_wconf 83' lang='lat' dir='ltr'><strong>semideam,</strong></span> <span class='ocrx_word' id='word_1_225' title='bbox 718 2524 778 2560; x_wconf 88' lang='lat' dir='ltr'><strong>non</strong></span> <span class='ocrx_word' id='word_1_226' title='bbox 796 2503 935 2560; x_wconf 83' lang='lat' dir='ltr'><strong>heroibus</strong></span> <span class='ocrx_word' id='word_1_227' title='bbox 953 2512 1081 2570; x_wconf 84' lang='lat' dir='ltr'><strong>tantum,</strong></span> 
     </span>
     <span class='ocr_line' id='line_1_30' title="bbox 42 2583 1081 2659; baseline -0.004 -19"><span class='ocrx_word' id='word_1_228' title='bbox 42 2586 87 2642; x_wconf 90' lang='lat' dir='ltr'><strong>sed</strong></span> <span class='ocrx_word' id='word_1_229' title='bbox 105 2589 199 2644; x_wconf 80' lang='lat' dir='ltr'><strong>etiam</strong></span> <span class='ocrx_word' id='word_1_230' title='bbox 217 2586 278 2642; x_wconf 86' lang='lat' dir='ltr'><strong>diis</strong></span> <span class='ocrx_word' id='word_1_231' title='bbox 295 2587 370 2659; x_wconf 90' lang='lat' dir='ltr'><strong>ipsis</strong></span> <span class='ocrx_word' id='word_1_232' title='bbox 386 2585 613 2659; x_wconf 88' lang='lat' dir='ltr'><strong>praeferendum</strong></span> <span class='ocrx_word' id='word_1_233' title='bbox 637 2604 702 2640; x_wconf 90' lang='lat' dir='ltr'><strong>csse</strong></span> <span class='ocrx_word' id='word_1_234' title='bbox 723 2605 784 2642; x_wconf 89' lang='lat' dir='ltr'><strong>non</strong></span> <span class='ocrx_word' id='word_1_235' title='bbox 808 2585 918 2641; x_wconf 90' lang='lat' dir='ltr'><strong>dubito.</strong></span> <span class='ocrx_word' id='word_1_236' title='bbox 955 2583 1081 2654; x_wconf 87' lang='lat' dir='ltr'><strong>Propin-</strong></span> 
     </span>
     <span class='ocr_line' id='line_1_31' title="bbox 40 2665 1081 2747; baseline -0.006 -23"><span class='ocrx_word' id='word_1_237' title='bbox 40 2681 126 2743; x_wconf 84' lang='lat' dir='ltr'><strong>quant</strong></span> <span class='ocrx_word' id='word_1_238' title='bbox 140 2679 247 2726; x_wconf 83' lang='lat' dir='ltr'><strong>entem</strong></span> <span class='ocrx_word' id='word_1_239' title='bbox 256 2667 461 2726; x_wconf 87' lang='lat' dir='ltr'><strong>Romanorum</strong></span> <span class='ocrx_word' id='word_1_240' title='bbox 472 2671 556 2747; x_wconf 79' lang='lat' dir='ltr'><strong>leges</strong></span> <span class='ocrx_word' id='word_1_241' title='bbox 568 2667 817 2740; x_wconf 87' lang='lat' dir='ltr'><strong>disputationibus</strong></span> <span class='ocrx_word' id='word_1_242' title='bbox 828 2665 972 2734; x_wconf 88' lang='lat' dir='ltr'><strong>Platonis,</strong></span> <span class='ocrx_word' id='word_1_243' title='bbox 988 2683 1081 2737; x_wconf 89' lang='lat' dir='ltr'><strong>quan-</strong></span> 
     </span>
     <span class='ocr_line' id='line_1_32' title="bbox 40 2747 1082 2830; baseline -0.007 -22"><span class='ocrx_word' id='word_1_244' title='bbox 40 2753 76 2808; x_wconf 91' lang='lat' dir='ltr'><strong>do</strong></span> <span class='ocrx_word' id='word_1_245' title='bbox 89 2755 141 2808; x_wconf 86' lang='lat' dir='ltr'><strong>ille</strong></span> <span class='ocrx_word' id='word_1_246' title='bbox 155 2763 266 2810; x_wconf 84' lang='lat' dir='ltr'><strong>cuncta</strong></span> <span class='ocrx_word' id='word_1_247' title='bbox 279 2753 398 2826; x_wconf 89' lang='lat' dir='ltr'><strong>poetica</strong></span> <span class='ocrx_word' id='word_1_248' title='bbox 410 2751 552 2830; x_wconf 81' lang='lat' dir='ltr'><strong>figmenta</strong></span> <span class='ocrx_word' id='word_1_249' title='bbox 577 2749 767 2821; x_wconf 87' lang='lat' dir='ltr'><strong>condemnat,</strong></span> <span class='ocrx_word' id='word_1_250' title='bbox 795 2750 846 2804; x_wconf 87' lang='lat' dir='ltr'><strong>isti</strong></span> <span class='ocrx_word' id='word_1_251' title='bbox 869 2755 968 2802; x_wconf 87' lang='lat' dir='ltr'><strong>autem</strong></span> <span class='ocrx_word' id='word_1_252' title='bbox 987 2747 1082 2820; x_wconf 86' lang='lat' dir='ltr'><strong>poetis</strong></span> 
     </span>
     <span class='ocr_line' id='line_1_33' title="bbox 41 2831 1080 2904; baseline -0.007 -12"><span class='ocrx_word' id='word_1_253' title='bbox 41 2837 176 2894; x_wconf 87' lang='lat' dir='ltr'><strong>adimunt</strong></span> <span class='ocrx_word' id='word_1_254' title='bbox 189 2838 297 2893; x_wconf 87' lang='lat' dir='ltr'><strong>saltem</strong></span> <span class='ocrx_word' id='word_1_255' title='bbox 310 2837 344 2892; x_wconf 90' lang='lat' dir='ltr'><strong>in</strong></span> <span class='ocrx_word' id='word_1_256' title='bbox 370 2835 504 2892; x_wconf 89' lang='lat' dir='ltr'><strong>homines</strong></span> <span class='ocrx_word' id='word_1_257' title='bbox 531 2833 728 2892; x_wconf 88' lang='lat' dir='ltr'><strong>maledicendi</strong></span> <span class='ocrx_word' id='word_1_258' title='bbox 745 2833 911 2890; x_wconf 87' lang='lat' dir='ltr'><strong>licentiam:</strong></span> <span class='ocrx_word' id='word_1_259' title='bbox 936 2831 986 2886; x_wconf 92' lang='lat' dir='ltr'><strong>ille</strong></span> <span class='ocrx_word' id='word_1_260' title='bbox 1008 2848 1080 2904; x_wconf 92' lang='lat' dir='ltr'><strong>poe-</strong></span> 
     </span>
     <span class='ocr_line' id='line_1_34' title="bbox 41 2915 1078 2994; baseline -0.005 -19"><span class='ocrx_word' id='word_1_261' title='bbox 41 2932 82 2976; x_wconf 87' lang='lat' dir='ltr'><strong>tas</strong></span> <span class='ocrx_word' id='word_1_262' title='bbox 96 2919 131 2976; x_wconf 84' lang='lat' dir='ltr'><strong>ab</strong></span> <span class='ocrx_word' id='word_1_263' title='bbox 156 2920 242 2976; x_wconf 91' lang='lat' dir='ltr'><strong>urbis</strong></span> <span class='ocrx_word' id='word_1_264' title='bbox 270 2921 367 2994; x_wconf 91' lang='lat' dir='ltr'><strong>ipsius</strong></span> <span class='ocrx_word' id='word_1_265' title='bbox 394 2917 599 2992; x_wconf 87' lang='lat' dir='ltr'><strong>habitatione,</strong></span> <span class='ocrx_word' id='word_1_266' title='bbox 621 2919 673 2974; x_wconf 93' lang='lat' dir='ltr'><strong>isti</strong></span> <span class='ocrx_word' id='word_1_267' title='bbox 699 2919 805 2974; x_wconf 85' lang='lat' dir='ltr'><strong>saltem</strong></span> <span class='ocrx_word' id='word_1_268' title='bbox 817 2923 932 2974; x_wconf 84' lang='lat' dir='ltr'><strong>actores</strong></span> <span class='ocrx_word' id='word_1_269' title='bbox 946 2915 1078 2989; x_wconf 87' lang='lat' dir='ltr'><strong>poetica-</strong></span> 
     </span>
     <span class='ocr_line' id='line_1_35' title="bbox 39 2997 1080 3073; baseline -0.008 -13"><span class='ocrx_word' id='word_1_270' title='bbox 39 3022 101 3060; x_wconf 88' lang='lat' dir='ltr'><strong>rum</strong></span> <span class='ocrx_word' id='word_1_271' title='bbox 115 3004 290 3060; x_wconf 86' lang='lat' dir='ltr'><strong>fabularum</strong></span> <span class='ocrx_word' id='word_1_272' title='bbox 305 3012 463 3060; x_wconf 86' lang='lat' dir='ltr'><strong>removent</strong></span> <span class='ocrx_word' id='word_1_273' title='bbox 474 3021 491 3059; x_wconf 89' lang='lat' dir='ltr'><strong>n</strong></span> <span class='ocrx_word' id='word_1_274' title='bbox 504 3004 647 3060; x_wconf 85' lang='lat' dir='ltr'><strong>socictate</strong></span> <span class='ocrx_word' id='word_1_275' title='bbox 661 3001 804 3073; x_wconf 81' lang='lat' dir='ltr'><strong>civitatis3</strong></span> <span class='ocrx_word' id='word_1_276' title='bbox 819 2999 886 3056; x_wconf 89' lang='lat' dir='ltr'><strong>etsi</strong></span> <span class='ocrx_word' id='word_1_277' title='bbox 898 2997 1080 3056; x_wconf 88' lang='lat' dir='ltr'><strong>contradeos</strong></span> 
     </span>
     <span class='ocr_line' id='line_1_36' title="bbox 38 3081 1080 3160; baseline -0.005 -19"><span class='ocrx_word' id='word_1_278' title='bbox 38 3087 176 3143; x_wconf 91' lang='lat' dir='ltr'><strong>ludorum</strong></span> <span class='ocrx_word' id='word_1_279' title='bbox 193 3087 383 3143; x_wconf 87' lang='lat' dir='ltr'><strong>scenicorum</strong></span> <span class='ocrx_word' id='word_1_280' title='bbox 398 3088 576 3160; x_wconf 87' lang='lat' dir='ltr'><strong>expetitores</strong></span> <span class='ocrx_word' id='word_1_281' title='bbox 598 3084 709 3160; x_wconf 88' lang='lat' dir='ltr'><strong>aliquid</strong></span> <span class='ocrx_word' id='word_1_282' title='bbox 722 3084 876 3154; x_wconf 85' lang='lat' dir='ltr'><strong>auderent,</strong></span> <span class='ocrx_word' id='word_1_283' title='bbox 903 3082 979 3139; x_wconf 80' lang='lat' dir='ltr'><strong>forte</strong></span> <span class='ocrx_word' id='word_1_284' title='bbox 993 3081 1080 3138; x_wconf 84' lang='lat' dir='ltr'><strong>undi-</strong></span> 
     </span>
     <span class='ocr_line' id='line_1_37' title="bbox 39 3164 1081 3248; baseline -0.006 -22"><span class='ocrx_word' id='word_1_285' title='bbox 39 3189 93 3246; x_wconf 88' lang='lat' dir='ltr'><strong>que</strong></span> <span class='ocrx_word' id='word_1_286' title='bbox 106 3180 313 3226; x_wconf 86' lang='lat' dir='ltr'><strong>removerent.</strong></span> <span class='ocrx_word' id='word_1_287' title='bbox 353 3168 547 3244; x_wconf 85' lang='lat' dir='ltr'><strong>Nequaquam</strong></span> <span class='ocrx_word' id='word_1_288' title='bbox 559 3171 653 3248; x_wconf 81' lang='lat' dir='ltr'><strong>igitur</strong></span> <span class='ocrx_word' id='word_1_289' title='bbox 665 3169 748 3246; x_wconf 83' lang='lat' dir='ltr'><strong>legcs</strong></span> <span class='ocrx_word' id='word_1_290' title='bbox 762 3167 799 3224; x_wconf 91' lang='lat' dir='ltr'><strong>ad</strong></span> <span class='ocrx_word' id='word_1_291' title='bbox 816 3166 1015 3223; x_wconf 89' lang='lat' dir='ltr'><strong>instituendos</strong></span> <span class='ocrx_word' id='word_1_292' title='bbox 1029 3164 1081 3220; x_wconf 92' lang='lat' dir='ltr'><strong>bo-</strong></span> 
     </span>
     <span class='ocr_line' id='line_1_38' title="bbox 40 3249 1081 3330; baseline -0.008 -21"><span class='ocrx_word' id='word_1_293' title='bbox 40 3273 90 3310; x_wconf 86' lang='lat' dir='ltr'><strong>nos</strong></span> <span class='ocrx_word' id='word_1_294' title='bbox 104 3263 160 3310; x_wconf 85' lang='lat' dir='ltr'><strong>aut</strong></span> <span class='ocrx_word' id='word_1_295' title='bbox 175 3253 372 3330; x_wconf 84' lang='lat' dir='ltr'><strong>corrigendos</strong></span> <span class='ocrx_word' id='word_1_296' title='bbox 390 3254 483 3309; x_wconf 87' lang='lat' dir='ltr'><strong>malos</strong></span> <span class='ocrx_word' id='word_1_297' title='bbox 497 3272 592 3310; x_wconf 90' lang='lat' dir='ltr'><strong>mores</strong></span> <span class='ocrx_word' id='word_1_298' title='bbox 606 3271 624 3308; x_wconf 86' lang='lat' dir='ltr'><strong>a</strong></span> <span class='ocrx_word' id='word_1_299' title='bbox 642 3252 698 3308; x_wconf 92' lang='lat' dir='ltr'><strong>diis</strong></span> <span class='ocrx_word' id='word_1_300' title='bbox 721 3253 783 3307; x_wconf 91' lang='lat' dir='ltr'><strong>suis</strong></span> <span class='ocrx_word' id='word_1_301' title='bbox 796 3259 919 3324; x_wconf 92' lang='lat' dir='ltr'><strong>possent</strong></span> <span class='ocrx_word' id='word_1_302' title='bbox 935 3249 1081 3322; x_wconf 88' lang='lat' dir='ltr'><strong>accipere,</strong></span> 
     </span>
     <span class='ocr_line' id='line_1_39' title="bbox 40 3333 1081 3414; baseline -0.006 -22"><span class='ocrx_word' id='word_1_303' title='bbox 40 3340 101 3394; x_wconf 82' lang='lat' dir='ltr'><strong>sivo</strong></span> <span class='ocrx_word' id='word_1_304' title='bbox 115 3355 242 3411; x_wconf 88' lang='lat' dir='ltr'><strong>sperare</strong></span> <span class='ocrx_word' id='word_1_305' title='bbox 255 3335 400 3407; x_wconf 86' lang='lat' dir='ltr'><strong>Romani,</strong></span> <span class='ocrx_word' id='word_1_306' title='bbox 429 3354 502 3412; x_wconf 87' lang='lat' dir='ltr'><strong>quos</strong></span> <span class='ocrx_word' id='word_1_307' title='bbox 515 3337 629 3414; x_wconf 83' lang='lat' dir='ltr'><strong>legibus</strong></span> <span class='ocrx_word' id='word_1_308' title='bbox 642 3337 703 3392; x_wconf 87' lang='lat' dir='ltr'><strong>suis</strong></span> <span class='ocrx_word' id='word_1_309' title='bbox 717 3336 843 3391; x_wconf 77' lang='lat' dir='ltr'><strong>vincunt</strong></span> <span class='ocrx_word' id='word_1_310' title='bbox 855 3341 943 3407; x_wconf 89' lang='lat' dir='ltr'><strong>atque</strong></span> <span class='ocrx_word' id='word_1_311' title='bbox 958 3333 1081 3389; x_wconf 89' lang='lat' dir='ltr'><strong>convin-</strong></span> 
     </span>
     <span class='ocr_line' id='line_1_40' title="bbox 40 3410 1081 3495; baseline -0.012 -20"><span class='ocrx_word' id='word_1_312' title='bbox 40 3431 118 3477; x_wconf 91' lang='lat' dir='ltr'><strong>cunt.</strong></span> <span class='ocrx_word' id='word_1_313' title='bbox 158 3419 208 3476; x_wconf 89' lang='lat' dir='ltr'><strong>111i</strong></span> <span class='ocrx_word' id='word_1_314' title='bbox 223 3421 305 3475; x_wconf 87' lang='lat' dir='ltr'><strong>enim</strong></span> <span class='ocrx_word' id='word_1_315' title='bbox 319 3418 427 3476; x_wconf 89' lang='lat' dir='ltr'><strong>honori</strong></span> <span class='ocrx_word' id='word_1_316' title='bbox 442 3438 496 3476; x_wconf 91' lang='lat' dir='ltr'><strong>suo</strong></span> <span class='ocrx_word' id='word_1_317' title='bbox 517 3420 681 3495; x_wconf 86' lang='lat' dir='ltr'><strong>deposcunt</strong></span> <span class='ocrx_word' id='word_1_318' title='bbox 698 3417 783 3474; x_wconf 90' lang='lat' dir='ltr'><strong>ludos</strong></span> <span class='ocrx_word' id='word_1_319' title='bbox 802 3419 955 3487; x_wconf 88' lang='lat' dir='ltr'><strong>scenicos,</strong></span> <span class='ocrx_word' id='word_1_320' title='bbox 981 3414 1032 3468; x_wconf 87' lang='lat' dir='ltr'><strong>isti</strong></span> <span class='ocrx_word' id='word_1_321' title='bbox 1046 3410 1081 3464; x_wconf 90' lang='lat' dir='ltr'><strong>ab</strong></span> 
     </span>
     <span class='ocr_line' id='line_1_41' title="bbox 39 3493 1084 3579; baseline -0.011 -22"><span class='ocrx_word' id='word_1_322' title='bbox 39 3501 201 3560; x_wconf 90' lang='lat' dir='ltr'><strong>honoribus</strong></span> <span class='ocrx_word' id='word_1_323' title='bbox 216 3503 356 3560; x_wconf 89' lang='lat' dir='ltr'><strong>omnibus</strong></span> <span class='ocrx_word' id='word_1_324' title='bbox 374 3505 524 3579; x_wconf 90' lang='lat' dir='ltr'><strong>repellunt</strong></span> <span class='ocrx_word' id='word_1_325' title='bbox 541 3501 675 3559; x_wconf 89' lang='lat' dir='ltr'><strong>homines</strong></span> <span class='ocrx_word' id='word_1_326' title='bbox 692 3503 842 3558; x_wconf 88' lang='lat' dir='ltr'><strong>scenicos:</strong></span> <span class='ocrx_word' id='word_1_327' title='bbox 870 3501 915 3555; x_wconf 94' lang='lat' dir='ltr'><strong>illi</strong></span> <span class='ocrx_word' id='word_1_328' title='bbox 940 3493 1084 3554; x_wconf 86' lang='lat' dir='ltr'><strong>celebrari</strong></span> 
     </span>
     <span class='ocr_line' id='line_1_42' title="bbox 40 3575 1082 3664; baseline -0.011 -23"><span class='ocrx_word' id='word_1_329' title='bbox 40 3587 95 3642; x_wconf 91' lang='lat' dir='ltr'><strong>sibi</strong></span> <span class='ocrx_word' id='word_1_330' title='bbox 108 3588 215 3644; x_wconf 89' lang='lat' dir='ltr'><strong>iubent</strong></span> <span class='ocrx_word' id='word_1_331' title='bbox 239 3586 391 3664; x_wconf 75' lang='lat' dir='ltr'><strong>figmentis</strong></span> <span class='ocrx_word' id='word_1_332' title='bbox 412 3588 535 3660; x_wconf 88' lang='lat' dir='ltr'><strong>poeticis</strong></span> <span class='ocrx_word' id='word_1_333' title='bbox 561 3586 715 3661; x_wconf 91' lang='lat' dir='ltr'><strong>opprobria</strong></span> <span class='ocrx_word' id='word_1_334' title='bbox 734 3584 871 3654; x_wconf 89' lang='lat' dir='ltr'><strong>deorum,</strong></span> <span class='ocrx_word' id='word_1_335' title='bbox 897 3581 949 3636; x_wconf 91' lang='lat' dir='ltr'><strong>isti</strong></span> <span class='ocrx_word' id='word_1_336' title='bbox 973 3575 1007 3632; x_wconf 88' lang='lat' dir='ltr'><strong>ab</strong></span> <span class='ocrx_word' id='word_1_337' title='bbox 1030 3592 1082 3648; x_wconf 94' lang='lat' dir='ltr'><strong>op-</strong></span> 
     </span>
    </p>
   </div>
   <div class='ocr_carea' id='block_1_5' title="bbox 40 3658 1084 3818">
    <p class='ocr_par' dir='ltr' id='par_1_6' title="bbox 40 3658 1084 3818">
     <span class='ocr_line' id='line_1_43' title="bbox 40 3658 1082 3743; baseline -0.012 -17"><span class='ocrx_word' id='word_1_338' title='bbox 40 3672 165 3743; x_wconf 86' lang='lat' dir='ltr'><strong>probriis</strong></span> <span class='ocrx_word' id='word_1_339' title='bbox 179 3670 337 3727; x_wconf 87' lang='lat' dir='ltr'><strong>hominum</strong></span> <span class='ocrx_word' id='word_1_340' title='bbox 350 3671 504 3728; x_wconf 87' lang='lat' dir='ltr'><strong>deterrent</strong></span> <span class='ocrx_word' id='word_1_341' title='bbox 516 3669 728 3743; x_wconf 89' lang='lat' dir='ltr'><strong>impudentiam</strong></span> <span class='ocrx_word' id='word_1_342' title='bbox 740 3678 902 3742; x_wconf 85' lang='lat' dir='ltr'><strong>poetarum.</strong></span> <span class='ocrx_word' id='word_1_343' title='bbox 929 3658 1082 3716; x_wconf 85' lang='lat' dir='ltr'><strong>Semideur</strong></span> 
     </span>
     <span class='ocr_line' id='line_1_44' title="bbox 42 3742 1084 3818; baseline -0.011 -10"><span class='ocrx_word' id='word_1_344' title='bbox 42 3765 138 3812; x_wconf 87' lang='lat' dir='ltr'><strong>autem</strong></span> <span class='ocrx_word' id='word_1_345' title='bbox 151 3757 204 3811; x_wconf 87' lang='lat' dir='ltr'><strong>ille</strong></span> <span class='ocrx_word' id='word_1_346' title='bbox 215 3752 303 3810; x_wconf 86' lang='lat' dir='ltr'><strong>Plato</strong></span> <span class='ocrx_word' id='word_1_347' title='bbox 318 3764 348 3810; x_wconf 87' lang='lat' dir='ltr'><strong>et</strong></span> <span class='ocrx_word' id='word_1_348' title='bbox 361 3757 466 3812; x_wconf 87' lang='lat' dir='ltr'><strong>talium</strong></span> <span class='ocrx_word' id='word_1_349' title='bbox 479 3753 602 3810; x_wconf 89' lang='lat' dir='ltr'><strong>deorum</strong></span> <span class='ocrx_word' id='word_1_350' title='bbox 615 3752 730 3808; x_wconf 82' lang='lat' dir='ltr'><strong>lrbrdrm</strong></span> <span class='ocrx_word' id='word_1_351' title='bbox 742 3746 869 3818; x_wconf 87' lang='lat' dir='ltr'><strong>restitit,</strong></span> <span class='ocrx_word' id='word_1_352' title='bbox 897 3753 926 3800; x_wconf 85' lang='lat' dir='ltr'><strong>et</strong></span> <span class='ocrx_word' id='word_1_353' title='bbox 937 3744 972 3800; x_wconf 90' lang='lat' dir='ltr'><strong>ab</strong></span> <span class='ocrx_word' id='word_1_354' title='bbox 985 3742 1084 3800; x_wconf 89' lang='lat' dir='ltr'><strong>indole</strong></span> 
     </span>
    </p>
   </div>
   <div class='ocr_carea' id='block_1_6' title="bbox 46 3829 1084 3968">
    <p class='ocr_par' dir='ltr' id='par_1_7' title="bbox 46 3829 1084 3968">
     <span class='ocr_line' id='line_1_45' title="bbox 46 3829 1084 3968; baseline -0.013 -75"><span class='ocrx_word' id='word_1_355' title='bbox 46 3835 250 3897; x_wconf 86' lang='lat' dir='ltr'><strong>Romanorum</strong></span> <span class='ocrx_word' id='word_1_356' title='bbox 278 3837 348 3913; x_wconf 87' lang='lat' dir='ltr'><strong>quid</strong></span> <span class='ocrx_word' id='word_1_357' title='bbox 372 3837 587 3915; x_wconf 87' lang='lat' dir='ltr'><strong>perficiendum</strong></span> <span class='ocrx_word' id='word_1_358' title='bbox 613 3844 708 3904; x_wconf 86' lang='lat' dir='ltr'><strong>esset,</strong></span> <span class='ocrx_word' id='word_1_359' title='bbox 740 3832 885 3968; x_wconf 53' lang='lat' dir='ltr'><strong>osterssdit,</strong></span> <span class='ocrx_word' id='word_1_360' title='bbox 909 3829 960 3903; x_wconf 90' lang='lat' dir='ltr'><strong>qui</strong></span> <span class='ocrx_word' id='word_1_361' title='bbox 983 3836 1084 3902; x_wconf 90' lang='lat' dir='ltr'><strong>poetas</strong></span> 
     </span>
    </p>
   </div>
   <div class='ocr_carea' id='block_1_7' title="bbox 0 0 1306 4416">
    <p class='ocr_par' dir='ltr' id='par_1_8' title="bbox 0 0 1306 4416">
     <span class='ocr_line' id='line_1_46' title="bbox 0 0 1306 4416; baseline 0 2"><span class='ocrx_word' id='word_1_362' title='bbox 0 0 1306 4416; x_wconf 95' lang='lat' dir='ltr'><strong> </strong></span> 
     </span>
    </p>
   </div>
  </div>
 </body>
</html>
