2592 4396
284 217 342 275 DE
366 216 588 275 CIVITATE
610 216 689 274 DEI
709 215 789 272 LIB.
812 215 892 273 XII.
1035 223 1096 278 363

34 378 167 434 aninoae
182 388 325 446 perverse
339 371 462 424 amantis
475 368 588 426 laudari
601 367 636 424 ab
649 366 826 437 hominibus,
848 375 945 440 spreto
962 372 1094 426 testimo-

34 463 91 518 nio
108 456 332 514 conscientiae.
364 450 425 508 Nee
444 452 579 532 superbia
598 451 705 507 vitium
724 457 770 505 eat
790 448 887 504 dantis
906 459 1095 524 potestatem,

33 545 86 600 vel
104 542 211 615 Ipsius
233 538 322 592 etiam
339 538 509 608 potestatis,
530 535 581 590 sed
593 536 707 590 annuae
719 549 859 609 perverse
874 535 1000 589 amantio
1013 543 1096 608 pote-

33 635 153 684 statem
169 640 269 692 suam,
283 620 456 695 potentioris
470 620 593 677 iustiore
607 627 762 675 contemta.
776 616 819 672 Ao
831 635 885 693 per
897 614 952 671 Iroe
966 617 1017 690 qui
1029 633 1097 690 per-

33 728 132 769 verse
147 715 234 764 amat
248 701 405 760 cuiuslibet
418 711 543 758 naturae
555 701 674 772 bonurn,
701 701 818 758 etiamsi
832 699 1021 776 adipiscatur,
1036 699 1098 771 ipse

33 799 70 856 fit
84 795 123 850 in
137 792 223 850 bono
237 788 344 858 malus,
363 795 392 842 et
406 787 496 842 nriaer
508 787 630 842 meliore
642 785 783 862 privatus.
807 780 869 859 (oi.
886 777 975 841 cAP.
992 777 1097 853 VIII.)

459 954 524 1012 CA
548 954 580 1011 P.
623 952 691 1012 IX.

35 1063 80 1116 An
97 1055 202 1112 eonati
217 1052 321 1123 Angoli
334 1067 409 1119 quem
424 1049 522 1103 habent
538 1060 687 1103 creatorem
702 1059 833 1113 naturae,
853 1049 963 1102 eoadem
982 1046 1101 1099 habeant

83 1132 182 1182 bonae
194 1121 346 1176 veluntatis
356 1131 493 1174 auctorem
500 1137 552 1202 por¹
564 1120 698 1187 Spiritum
713 1128 836 1171 tanetum
846 1117 876 1172 ia
886 1117 925 1169 eia
935 1116 1054 1168 caritate

524 1189 636 1258 ἠθικα.

108 1303 196 1362 Cum
209 1317 283 1376 ergo
297 1299 389 1352 maiae
402 1296 562 1353 voluntatis
578 1293 706 1350 efficiens
726 1293 887 1363 naturalia,
909 1292 972 1362 vel,
997 1293 1023 1345 ri
1041 1288 1100 1344 diei

38 1404 164 1467 potest,
194 1383 362 1438 essentialis
375 1382 455 1435 nulla
469 1381 509 1433 ait
523 1392 625 1448 eausa;
652 1377 686 1432 ab
700 1378 764 1451 ipoa
778 1376 883 1451 quippe
895 1375 1001 1449 incipit
1013 1373 1100 1445 spiri-

37 1487 131 1532 tuum
142 1465 337 1524 mutabiIIum
349 1464 473 1532 melum,
495 1479 552 1536 quo
566 1461 709 1516 minuitur
721 1468 809 1534 atque
823 1457 1000 1534 depravatur
1012 1463 1101 1511 natu-

38 1578 93 1614 rae
109 1557 243 1620 bonum,
257 1566 315 1604 nee
327 1547 415 1602 talem
427 1546 609 1602 voluntatem
622 1543 694 1600 facit
706 1544 766 1600 nini
780 1539 922 1612 defeotIo,
945 1557 1004 1614 qua
1017 1537 1101 1593 dese-

36 1645 123 1698 ritur
138 1636 247 1704 Deus,
272 1633 356 1687 equa
369 1628 542 1684 defectionis
557 1628 646 1683 etiam
660 1645 749 1683 eausa
761 1625 862 1700 utique
875 1621 991 1679 deficit:
1018 1623 1043 1676 si
1058 1621 1101 1676 di-

39 1725 199 1789 xerimus,
210 1715 323 1772 nullam
335 1731 399 1768 ease
411 1711 585 1768 efficientem
595 1729 713 1768 canaam
724 1709 814 1767 etiam
823 1707 984 1765 voluntatis
996 1707 1103 1773 bonae,

40 1803 225 1865 cavendum
238 1807 299 1869 est,
323 1816 362 1853 ne
375 1798 510 1853 voluntas
523 1796 601 1852 bona
614 1795 759 1852 bonorum
769 1792 963 1872 Angelorum,
982 1805 1044 1845 non
1058 1787 1103 1843 fa·

40 1901 110 1962 eta,
128 1885 188 1944 aed
207 1883 273 1939 Deo
293 1889 449 1937 coaeterna
467 1897 532 1936 esse
552 1877 696 1935 credatur.
738 1875 812 1935 Cum
830 1893 903 1952 ergo
920 1867 1027 1950 [enIm]
1048 1856 1105 1944 Ipsi

38 1975 119 2032 faeti
135 1973 215 2038 sint,
230 1963 376 2041 quomodo
385 1965 435 2019 illa
449 1981 509 2018 non
523 1981 588 2018 esse
601 1961 680 2018 iacta
694 1953 828 2016 diceturt
840 1956 934 2013 Porro
946 1956 1016 2029 quia
1026 1954 1104 2010 saeta

38 2069 100 2130 est,
118 2064 229 2111 utrum
243 2067 309 2104 enm
326 2047 395 2121 ipsit
410 2045 486 2101 facto
500 2054 561 2116 est,
587 2063 626 2101 an
640 2045 706 2099 aine
718 2043 770 2098 illa
782 2040 905 2097 fuerunt
917 2034 1017 2110 priuai
1045 2033 1104 2091 Sed

39 2146 67 2200 ei
82 2157 160 2196 eum
174 2133 260 2208 ipsis,
274 2148 335 2186 non
349 2128 470 2185 dubium
482 2126 559 2204 quod
571 2125 607 2182 ab
618 2127 669 2184 illo
679 2125 757 2182 faeta
769 2123 819 2194 ait,
833 2140 850 2177 a
863 2137 921 2196 qua
936 2129 965 2174 et
978 2119 1049 2192 ipsi3
1063 2117 1104 2171 ai·

39 2225 176 2298 mulque
191 2225 228 2272 ut
241 2213 313 2269 faeti
326 2220 411 2282 eunt,
439 2212 467 2267 ei
480 2229 498 2268 a
512 2227 570 2286 quo
583 2209 656 2266 faeti
669 2217 750 2280 aunt,
764 2223 864 2263 amore
878 2221 946 2260 eum
961 2219 1017 2276 quo
1033 2201 1104 2255 faeti

40 2317 134 2376 sunt,
156 2298 366 2358 adhaeserunt.
399 2293 501 2370 quue
514 2301 583 2350 aunt
597 2293 649 2350 isti
661 2291 698 2350 ab
711 2293 829 2348 illorum
841 2285 982 2344 societate
995 2283 1105 2340 discre-

41 2397 86 2464 ti,
109 2383 201 2464 quod
213 2381 245 2436 hi
257 2383 290 2436 in
304 2378 405 2434 eadem
416 2380 570 2435 voluntate
582 2377 660 2434 bona
672 2381 862 2443 manserunt,
877 2370 922 2426 illi
936 2369 971 2425 ab
986 2386 1020 2423 ea
1034 2364 1105 2420 defi-

42 2472 162 2532 ciendo
176 2465 287 2522 mutati
299 2471 378 2532 sunt,
392 2463 468 2517 mala
481 2461 597 2516 seilicet
607 2461 776 2526 voluntate,
789 2455 844 2510 hoc
856 2455 920 2526 ipso
936 2449 1013 2526 quod
1027 2449 1106 2504 abo-

42 2579 87 2616 no
108 2547 224 2634 [bono]
241 2545 426 2620 Iefeeerunt:
454 2559 542 2616 aqua
561 2536 647 2616 [quo]
666 2557 728 2594 non
748 2537 941 2602 defecissent,
965 2533 991 2584 oi
1004 2531 1107 2601 utique

41 2640 238 2699 voluissent.
276 2628 312 2687 Si
329 2637 427 2684 autem
443 2625 516 2681 boni
527 2623 636 2699 Angeli
653 2621 775 2677 fuerunt
791 2618 871 2692 prius
886 2615 951 2668 eine
964 2611 1042 2667 hona
1055 2627 1108 2665 vo-

44 2729 193 2788 luntate,
220 2731 341 2788 eamque
354 2713 386 2766 in
402 2727 433 2766 se
451 2709 524 2783 ipsis
538 2705 603 2763 Deo
623 2722 684 2761 non
705 2707 845 2777 operante
858 2697 1010 2764 fecerunt,
1037 2710 1108 2768 ergo

44 2808 202 2866 meliores
217 2817 234 2853 a
250 2796 382 2868 seipsis,
405 2809 493 2868 quam
512 2790 612 2846 abillo
629 2787 701 2844 facti
719 2793 799 2841 sunt.
821 2779 913 2838 Absit.
940 2774 1018 2844 Quid
1031 2775 1111 2830 enim

47 2897 146 2948 erant
160 2887 230 2940 sine
244 2881 321 2936 bona
335 2879 495 2946 voluntate,
510 2874 569 2931 niai
581 2865 669 2928 maliI
691 2869 751 2928 Aut
764 2869 790 2924 si
802 2872 958 2940 propterea
972 2877 1033 2915 non
1047 2875 1110 2912 nra-

48 2979 85 3046 li,
101 2973 179 3048 quia
195 2983 251 3022 nee
264 2963 344 3018 mole
355 2961 495 3016 voluntas
510 2959 553 3013 eia
565 2957 673 3025 inerat,
692 2947 802 3032 (neque
816 2949 895 3005 enim
908 2945 943 3002 ab
958 2962 1008 3014 ea,
1023 2959 1111 3017 quarn

50 3053 199 3115 nondum
206 3053 365 3122 coeperant
373 3041 489 3111 habere,
497 3040 689 3109 deiecerant,)
705 3045 785 3092 certe
795 3030 925 3090 nondum
934 3030 1019 3097 talea,
1034 3043 1110 3080 non-

50 3143 128 3196 dum
140 3147 207 3192 tam
219 3131 302 3200 beni,
316 3144 404 3201 quarn
417 3142 481 3182 ease
496 3143 563 3180 eum
575 3124 728 3180 voluntate
742 3119 820 3174 bona
830 3120 999 3189 coeperunt.
1013 3109 1072 3166 Aut
1086 3107 1112 3161 si

50 3243 120 3282 non
135 3224 304 3295 potuerunt
319 3210 443 3284 seipsos
462 3207 560 3262 faeere
579 3206 732 3273 meliores,
760 3217 847 3276 quam
861 3215 910 3252 eoa
925 3196 976 3250 iile
988 3191 1111 3258 fecerat,

52 3327 116 3384 quo
133 3319 226 3362 nemo
239 3297 344 3353 melius
364 3293 519 3367 quiequam
537 3289 622 3360 faeit3
647 3285 780 3362 proiecto
800 3291 830 3338 et
847 3281 955 3337 bonam
974 3278 1112 3333 volunta-

50 3403 136 3460 tem,
152 3402 214 3462 qua
226 3381 366 3438 meliores
380 3382 496 3444 essent,
511 3373 569 3428 nisi
583 3378 724 3446 operante
737 3365 882 3423 adiutorio
896 3359 1046 3418 Creatori·
1060 3355 1113 3409 ha-

51 3478 132 3532 bere
149 3486 213 3527 non
229 3469 361 3540 possent.
388 3458 428 3514 Et
441 3475 506 3512 eum
519 3455 550 3510 itl
563 3457 625 3532 egit
639 3470 741 3508 eorum
754 3449 891 3506 voluntat
904 3445 992 3508 bona,
1006 3448 1039 3493 ut
1053 3453 1115 3491 non

55 3558 98 3614 ad
126 3573 161 3610 ae
190 3551 284 3624 ipsos,
312 3544 362 3618 qui
386 3543 483 3596 minua
510 3547 608 3607 erant,
634 3533 838 3591 noradinum
857 3529 1038 3602 quisurnme
1058 3526 1114 3585 est,

54 3639 332 3698 converterentur,
345 3626 429 3700 eique
443 3621 635 3678 adhaerentes
649 3619 743 3694 inagis
756 3621 867 3682 essent,
887 3610 1010 3678 eiusque
1023 3600 1115 3674 parti-

55 3722 220 3797 cipatione
243 3713 394 3785 sapienter
410 3707 553 3780 beateque
571 3703 723 3770 vIverent3
751 3696 820 3772 quid
840 3691 919 3750 aliud
940 3683 1116 3750 ostenditur,

55 3808 126 3863 nini
139 3802 329 3859 voluntatem
342 3785 502 3867 quamlibet
514 3789 621 3844 bonam
640 3787 759 3856 inopem
772 3778 864 3834 fuiase
878 3777 910 3831 in
924 3771 988 3828 solo
1002 3763 1116 3823 deside-

56 3891 111 3945 rio
126 3895 352 3950 remansuram,
378 3875 436 3930 nisi
449 3875 498 3928 iile
513 3871 564 3948 qui
577 3870 684 3926 bonam
698 3872 834 3920 notorem
848 3875 887 3916 ex
901 3853 994 3913 nihilo
1009 3849 1054 3906 aui
1068 3863 1117 3902 ea·
