2586 4396
248 200 305 259 DE
328 200 547 263 CIVITATE
571 205 649 264 DEI
674 207 753 266 ΗΒ.
776 209 847 268 XV.
1022 219 1062 276 69

31 358 115 415 enim
127 355 193 423 eir,
206 355 290 410 caiae
304 365 350 412 eet
362 373 461 413 nonen
475 355 596 414 Domini
607 375 674 436 aper
688 363 761 432 eice,
776 373 805 418 et
817 381 873 418 non
887 369 1018 442 respexit
1032 371 1062 425 in

30 441 207 508 vanitates,
230 446 263 494 et
283 439 418 495 iaeanice
431 442 583 498 mendacta
598 439 742 519 [fnlccol.
785 444 945 520 Proponitio
965 450 1062 525 itaque

30 524 148 581 duabus
162 519 353 594 Civitatibus,
377 540 436 578 una
450 525 482 579 in
496 543 528 580 re
542 522 625 581 huius
639 528 763 599 sacculi,
782 525 873 585 altera
886 531 918 586 in
932 548 981 605 ape
993 530 1061 605 Dei,

30 620 176 685 tanquam
190 621 228 660 cx
241 607 396 677 communi,
411 625 484 682 quac
495 617 594 683 aperta
602 619 647 666 eat
657 609 795 683 induem,
808 613 1063 672 ianuamortalita·

30 691 225 769 dragmatis,
239 698 272 744 ut
280 700 454 764 procurrant
464 690 657 771 [percurrant]
670 703 700 750 et
709 705 867 752 excurrant
876 696 912 753 ad
922 698 1062 755 direretoe

30 776 167 852 proprior
182 792 216 829 ae
230 772 342 828 debitor
354 772 444 845 fines,
458 775 563 850 incipit
575 775 766 835 dinumeratio
777 787 951 854 temporum:
965 785 996 837 in
1008 799 1064 856 qua

33 870 65 916 et
78 860 153 914 aliae
165 857 372 936 generationes
380 857 568 931 adiiciuntur,
582 861 660 918 iacta
670 863 910 938 recapitulatione
919 863 1063 937 exAdam,

33 961 73 999 ex
85 944 167 999 euius
181 941 297 1018 origine
311 939 454 1012 damnata,
467 945 557 1000 veluti
570 963 667 1001 maora
679 963 738 1002 unc
751 949 872 1004 meritae
886 947 1064 1005 damnationi

33 1026 159 1097 tradita,
172 1025 244 1081 feeit
255 1023 336 1080 Deua
349 1026 406 1080 alia
419 1027 450 1081 in
464 1030 668 1084 contumeliam
680 1047 751 1086 vaae
763 1023 839 1103 irae,
854 1033 911 1088 alia
923 1034 956 1088 in
971 1031 1064 1088 hono-

32 1131 95 1168 rem
107 1127 180 1167 vasa
192 1107 424 1181 nrieericordiae3
449 1111 507 1166 illia
526 1111 649 1168 reddens
670 1114 745 1188 quod
764 1113 884 1171 debetur
906 1117 937 1172 in
958 1133 1064 1191 poena,

33 1198 99 1252 intio
113 1193 227 1250 donans
242 1191 317 1267 quod
331 1211 391 1248 non
405 1192 526 1250 debetur
539 1196 570 1252 in
584 1197 692 1274 gratia:
713 1206 745 1252 ut
759 1215 795 1252 ex
809 1199 872 1272 ipra
885 1200 972 1255 etiam
986 1219 1064 1255 corn·

33 1279 189 1356 paratione
201 1293 335 1332 vatorum
349 1278 426 1350 irae,
451 1296 576 1352 superna
590 1279 699 1336 civitae
714 1279 823 1353 discat,
847 1301 921 1357 quac
933 1284 1064 1360 peregri-

35 1371 124 1420 natur
136 1363 168 1416 in
180 1361 284 1430 tenir,
307 1378 366 1416 uon
381 1359 471 1416 fidere
484 1363 617 1419 libertate
630 1363 745 1419 arbitrii
759 1366 821 1437 aui,
845 1365 895 1421 ted
909 1375 1006 1439 iperet
1017 1367 1064 1420 in-

33 1463 146 1504 vocare
159 1461 263 1500 nomen
276 1441 396 1500 Domini
409 1442 475 1501 Dei.
509 1446 651 1513 Quoniam
663 1449 815 1520 voluntat,
829 1450 861 1506 in
875 1457 978 1505 natura
992 1467 1064 1524 quac

33 1530 113 1587 faeta
127 1537 173 1584 est
184 1527 260 1585 bona
274 1525 365 1583 aDco
378 1527 465 1600 bono,
480 1528 531 1584 red
543 1531 690 1588 mutabilia
704 1531 738 1588 ab
755 1532 936 1603 immutabili,
950 1533 1018 1608 quia
1028 1549 1065 1589 cx

33 1614 143 1684 nihilo,
158 1621 188 1668 et
201 1629 219 1667 a
231 1611 309 1668 hono
321 1620 419 1685 potent
432 1612 594 1686 declinare,
608 1625 642 1671 ut
654 1614 743 1671 faeiat
754 1619 877 1688 malum,
892 1615 969 1692 quod
981 1615 1015 1672 fit
1028 1617 1064 1672 li-

32 1699 105 1754 bero
123 1695 260 1767 arbitrio3
286 1703 316 1750 ct
333 1713 351 1751 a
369 1698 459 1769 malo,
485 1707 517 1754 ut
534 1698 622 1755 faeiat
641 1699 764 1772 bonum,
791 1699 866 1776 quod
881 1717 941 1756 non
954 1699 988 1757 fit
1001 1701 1064 1757 rinc

33 1782 134 1839 divino
148 1779 301 1836 adiutorio.

404 1865 524 1925 CAP.
567 1867 705 1926 XXII.

33 1963 75 2018 De
86 1961 295 2033 lnpeafiit'erum
300 1961 355 2037 Dei
365 1962 450 2016 aiicn'
469 1981 579 2018 enarum
590 1965 730 2018 mulierum
740 1984 829 2020 amore
839 1976 988 2036 captorem,
999 1967 1067 2020 ande

102 2034 372 2102 etemnea,eaeecptit
382 2041 441 2086 octo
486 2035 609 2099 minitat,
624 2036 724 2088 dilucio
731 2037 823 2104 perire
833 2047 997 2089 meruerant.

96 2123 163 2181 Hoc
181 2125 280 2200 itaque
297 2124 389 2181 libero
407 2124 567 2180 voluntatis
586 2123 707 2181 arbitrio
726 2144 835 2205 genere
853 2125 980 2183 humano
999 2145 1066 2200 pro-

33 2207 190 2289 gradiente
214 2217 300 2285 atque
323 2215 489 2278 crescente,
515 2206 592 2264 iacta
610 2217 654 2264 ert
670 2209 842 2284 permixtio,
870 2219 900 2266 et
912 2211 1067 2286 iniquitate

32 2293 211 2370 participata
235 2291 375 2368 quaedam
397 2291 550 2367 utriusque
569 2291 702 2348 confusio
717 2290 860 2350 Civitatis.
904 2293 989 2362 Quod
1005 2311 1066 2348 ma·

33 2381 95 2435 lum
117 2396 135 2434 a
154 2394 227 2432 nexu
246 2375 372 2432 feminco
395 2393 512 2432 caueam
533 2394 636 2432 ruraue
658 2377 786 2434 invenit:
812 2397 873 2434 non
887 2377 1004 2454 quidem
1017 2378 1067 2433 illo

34 2461 119 2520 niodo
138 2479 197 2536 quo
212 2459 246 2516 ab
265 2461 369 2532 initio;
395 2477 454 2516 non
475 2458 553 2516 enim
572 2459 740 2535 cuiusquam
758 2461 932 2518 etiamtunc
952 2461 1068 2516 fallacia

35 2546 176 2603 reductae
202 2543 270 2600 illae
293 2543 418 2600 feminac
442 2551 652 2615 percurrerunt
676 2552 827 2618 peccatum
852 2545 936 2600 viris:
962 2543 1013 2599 aed
1032 2543 1067 2598 ab

34 2633 122 2687 initio
137 2645 215 2705 quae
227 2629 324 2702 pravis
337 2626 466 2683 moribus
485 2625 604 2682 fucrant
620 2627 652 2682 iu
670 2633 788 2682 terrena
800 2624 942 2698 Ciuitate,
968 2626 999 2682 id
1012 2637 1067 2696 cat,

34 2717 66 2771 in
81 2714 301 2790 terrigenarum
314 2712 465 2781 societate,
479 2719 590 2766 amatae
604 2719 673 2766 runt
684 2727 702 2766 a
715 2709 784 2766 filiis
797 2707 869 2780 Dei,
885 2710 996 2766 civibus
1010 2711 1067 2766 rci-

34 2801 107 2854 licet
129 2796 346 2874 peregrinantia
366 2797 398 2851 in
415 2792 471 2850 hoc
493 2794 608 2851 sacculo
631 2795 750 2851 alterius
774 2791 925 2867 Civitatis,
950 2801 1068 2870 propter

33 2879 285 2958 pulchritudinem
306 2879 442 2954 corporis.
475 2878 558 2946 Quod
571 2877 678 2934 bonum
691 2876 749 2935 Dei
762 2878 877 2956 quidem
891 2878 996 2935 donum
1010 2886 1068 2932 eat:

34 2965 84 3023 aed
96 2973 257 3041 propterea
269 2961 300 3019 id
311 2964 435 3042 largitur
447 2964 534 3019 etiam
545 2963 641 3035 malie,
655 2981 692 3020 nc
702 2981 841 3042 magnum
851 2965 958 3020 bonum
968 2961 1068 3018 ridea-

34 3061 81 3108 tur
95 3049 195 3106 boum
239 3045 365 3104 Deaerto
388 3048 487 3123 itaque
508 3065 617 3125 magno
639 3047 716 3104 bono
735 3057 764 3103 et
781 3049 925 3105 bonorum
940 3047 1068 3124 proprio,

33 3137 134 3209 lapsus
150 3139 197 3188 eet
211 3128 304 3187 iactu·
317 3129 353 3186 ad
365 3130 472 3186 bouum
485 3132 655 3202 minimum,
673 3150 732 3187 non
745 3131 830 3187 bonis
843 3135 1007 3207 proprium,
1021 3128 1070 3186 aed

33 3220 121 3276 bonit
147 3215 294 3290 malitque
317 3231 482 3271 commune:
510 3231 544 3269 ac
567 3215 609 3270 rie
627 3213 681 3270 filii
699 3212 757 3270 Dei
775 3214 901 3270 filiarum
921 3213 1070 3272 hominum
1132 3257 1137 3278 ‚

34 3320 137 3360 amore
152 3307 224 3355 runt
238 3300 331 3374 capti,
348 3305 436 3372 atque
449 3305 482 3352 ut
495 3297 537 3352 cie
551 3297 724 3376 coniugibus
737 3295 917 3368 fruerentur,
931 3300 963 3354 in
976 3313 1070 3354 morea

34 3384 191 3443 societatis
204 3383 373 3461 terrigenae
387 3377 588 3452 defluxerunt,
611 3380 726 3438 decerta
739 3381 847 3454 pictate
860 3399 946 3456 quam
958 3382 990 3436 in
1003 3397 1070 3435 ean-

33 3480 80 3528 cta
93 3468 244 3527 societate
258 3466 421 3524 servabant.
465 3462 516 3520 Sic
530 3464 607 3520 enim
621 3463 749 3540 corporis
762 3461 963 3540 pulchritudo,
977 3481 994 3517 a
1006 3461 1071 3516 Deo

32 3554 156 3631 quidem
170 3551 299 3623 iactum,
312 3550 363 3606 aed
375 3549 548 3624 temporale,
563 3551 695 3620 carnale,
713 3547 846 3604 infimum
858 3545 984 3616 bonum,
998 3543 1073 3598 male

32 3647 154 3695 amatur
179 3635 341 3710 postposito
354 3631 435 3701 Deo,
461 3640 597 3704 aeterno,
621 3634 758 3702 interno,
784 3630 959 3705 sempiterno
980 3628 1072 3684 bono:

32 3716 287 3799 quemadmodum
304 3717 416 3773 iustitia
435 3724 464 3770 et
482 3717 585 3770 aurum
597 3726 711 3772 amatur
725 3715 760 3771 ab
774 3715 885 3784 avaris,
912 3713 992 3768 nullo
1006 3728 1074 3784 pec-

32 3817 99 3864 cato
115 3804 205 3875 auri,
220 3800 270 3858 aed
281 3799 416 3858 hominia.
439 3797 483 3854 lta
496 3815 528 3853 oe
541 3795 627 3854 habet
639 3799 733 3855 omnia
747 3807 889 3856 creatura.
913 3793 985 3853 Cum
998 3795 1076 3850 enim

30 3890 112 3948 bona
128 3890 190 3960 eit,
206 3895 235 3942 et
252 3885 328 3942 bene
340 3893 436 3962 potert
455 3883 562 3955 amari,
578 3890 607 3939 et
620 3883 709 3941 male:
734 3883 824 3957 benc,
852 3881 962 3938 sedicet
975 3877 1076 3936 ordine
