2510 4404
224 227 285 288 DE
313 229 526 289 ClVlTATE
553 229 631 289 DEl
656 230 736 288 ule.
758 230 872 290 XXll.
996 236 1054 292 »121

23 377 123 435 etiam
136 381 272 454 spiritalis
285 383 364 438 nullo
378 381 462 438 modo
482 401 566 456 posse
586 382 680 439 videri
698 380 801 440 Deum.
836 381 894 439 Sed
914 385 997 441 istam
1010 405 1057 441 ra-

23 463 255 519 tiocinationem
280 474 310 520 et
333 484 404 522 vera
427 467 503 523 ratio
526 476 556 522 et
577 465 743 541 prophetica
763 464 866 522 irridet
889 469 1056 524 auctoritas.

24 547 104 614 Quis
119 547 196 602 enirn
209 549 250 603 ita
263 549 302 603 sit
314 568 433 606 aversus
444 556 464 606 a
477 568 566 620 vero,
590 558 623 604 ut
636 547 733 608 dicere
754 547 869 622 audeat,
883 549 979 608 Deum
993 569 1056 606 cor-

21 631 142 708 poralia
158 631 214 686 ista
232 629 363 688 nesciret
398 633 545 710 Numquid
564 651 635 712 crgo
654 651 757 708 eorpus
776 630 878 704 babet,
902 652 955 709 per
978 632 1058 692 cuius

21 715 131 769 oeulos
152 731 186 769 ea
202 717 294 790 possit
314 713 481 772 addisceret
514 716 629 774 Deinde
648 716 725 793 quod
737 716 772 773 de
784 713 929 792 Propheta
942 715 1058 773 Elisaco

21 799 116 871 paulo
129 807 197 853 ante
212 798 353 872 diximus,
367 819 466 856 nonnc
479 803 549 858 satis
563 799 674 858 indicat
687 801 775 858 etiarn
788 802 908 876 spiritu,
934 819 994 860 non
1008 819 1060 876 per

22 897 145 955 eorpus,
160 883 320 956 corporalia
330 902 415 958 posse
425 881 524 941 cemil
539 884 660 954 Quando
675 886 752 942 enirn
762 903 863 942 servus
876 887 926 942 ille
939 901 1059 942 munera

22 966 156 1038 accepit,
181 967 280 1041 utique
300 969 487 1040 corporaliter
501 979 618 1048 gestum
631 977 691 1042 est3
717 967 795 1044 quod
807 977 904 1026 tamen
916 966 1060 1045 Propheta

21 1067 92 1105 non
105 1066 156 1123 per
170 1067 290 1124 corpus,
310 1051 360 1106 sed
373 1054 573 1126 perspiritum
585 1053 668 1109 vidit.
704 1050 788 1110 Sicut
800 1071 871 1132 ergo
885 1061 1002 1110 constat
1013 1053 1059 1108 vi-

22 1132 94 1187 deri
107 1150 227 1206 corpora
241 1135 359 1207 spiritu3
373 1135 482 1210 quidsi
496 1146 578 1194 tanta
591 1137 648 1193 erit
659 1135 944 1212 potentia‘spiritalis
958 1153 1060 1210 corpo-

20 1220 88 1286 ris,
111 1224 143 1271 ut
160 1235 282 1290 corpore
299 1217 433 1274 videatur
452 1229 481 1276 et
499 1215 638 1296 spiritual
667 1218 794 1294 Spiritus
814 1222 892 1278 enim
911 1230 955 1278 cst
967 1219 1059 1277 Deus.

20 1299 145 1358 Deinde
167 1301 257 1356 vitam
281 1301 397 1376 quidem
415 1320 514 1376 suam,
549 1323 606 1380 qua
623 1323 701 1361 nunc
720 1303 795 1362 vivit
815 1304 847 1360 in
869 1322 1006 1380 corpore,
1031 1311 1060 1358 et

20 1384 101 1440 haec
115 1391 232 1440 terrena
244 1385 372 1442 membra
384 1397 503 1464 vegetat
515 1388 642 1464 facitque
653 1389 795 1460 viventia,
817 1389 958 1445 interiore
972 1403 1060 1443 sensu

22 1470 153 1544 quisque
173 1487 234 1524 non
252 1487 305 1542 per
322 1487 477 1544 corporeos
496 1473 597 1529 oculos
617 1473 714 1530 novit:
741 1473 866 1528 aliorum
884 1489 953 1528 vero
972 1472 1060 1540 vitas,

22 1571 97 1609 cum
110 1553 170 1607 sint
182 1553 359 1624 invisibiles,
383 1569 436 1627 per
450 1573 554 1630 corpus
570 1556 657 1614 videt.
679 1555 755 1614 Nam
767 1555 844 1614 unde
857 1556 987 1612 virentia
1001 1553 1060 1608 dis-

21 1637 174 1692 cernimus
189 1653 206 1692 a
219 1654 279 1692 non
292 1637 458 1695 viventibus
473 1659 603 1716 corpora,
622 1641 681 1696 nisi
694 1659 816 1716 corpora
829 1641 915 1696 simul
927 1639 1060 1714 vitasque

22 1719 187 1792 videamus,
201 1737 272 1794 quas
287 1721 345 1776 nisi
357 1740 410 1796 per
423 1742 526 1799 corpus
540 1723 639 1783 ridere
652 1743 711 1782 non
723 1719 893 1800 possumusi
911 1721 993 1778 Vitas
1007 1739 1060 1777 au-

20 1817 87 1862 tem
101 1803 164 1859 sine
178 1803 346 1878 corporibus
361 1810 508 1882 corporcis
522 1810 611 1866 oculis
626 1827 685 1866 non
698 1809 840 1866 videmus.

88 1887 280 1954 Quamobrem
294 1887 359 1944 lieri
371 1900 477 1964 potest,
494 1891 635 1969 valdeque
650 1893 788 1950 credibile
802 1901 859 1963 est,
873 1891 915 1946 sie
928 1908 982 1946 nos
996 1907 1060 1944 csse

21 1974 145 2029 visuros
166 1972 312 2028 mundana
334 1981 404 2028 tunc
423 1993 546 2049 corpora
561 1978 636 2032 coeli
657 1979 726 2032 novi
740 1986 770 2031 et
782 1984 879 2030 terrac
892 1991 1003 2042 novae,
1028 1984 1062 2028 ut

23 2055 127 2114 Deum
140 2055 246 2130 ubique
263 2066 447 2128 praesentem
465 2067 495 2113 et
513 2060 652 2114 universa
672 2059 760 2113 etiam
778 2057 940 2132 corporalia
953 2055 1060 2131 guber-

24 2147 164 2210 nantem,
186 2157 239 2214 per
258 2155 382 2212 corpora
402 2157 475 2214 quac
494 2141 687 2218 gestabimus,
712 2149 741 2196 ct
759 2158 834 2216 quae
849 2139 1061 2212 conspiciemus

24 2240 259 2300 quaquaversum
269 2223 368 2278 oculos
380 2221 561 2294 duxerimus,
575 2224 737 2280 clarissima
745 2221 950 2300 perspicuitate
962 2220 1061 2278 videa-

23 2325 106 2366 mus:
120 2325 181 2362 non
195 2307 271 2362 sicut
284 2325 362 2362 nunc
376 2307 535 2363 invisibilia
549 2305 621 2378 Dei,
633 2325 733 2382 perca
747 2325 821 2382 quae
834 2303 1000 2376 factasunt,
1014 2305 1061 2360 in-

24 2393 146 2449 tellecta
159 2391 383 2465 conspiciuntur
396 2409 447 2465 per
461 2392 608 2464 speculum
621 2392 653 2447 in
670 2393 850 2470 aenigmate,
875 2399 953 2445 etex
967 2397 1061 2464 parte.

22 2477 77 2533 ubi
90 2475 156 2550 plus
170 2475 202 2529 in
216 2474 300 2530 nobis
313 2475 392 2529 valet
405 2472 475 2528 tides
494 2491 550 2548 qua
563 2473 725 2546 credimus,
749 2493 834 2550 quam
846 2491 944 2528 rerum
957 2491 1061 2548 eorpo-

23 2559 134 2616 ralium
147 2558 257 2632 species
270 2575 357 2632 quam
368 2575 421 2632 per
434 2559 533 2613 oculos
546 2559 691 2615 cernimus
706 2558 879 2634 corporales.
911 2554 972 2613 Sed
986 2557 1061 2612 sicut

23 2643 174 2710 homines,
188 2641 267 2696 inter
281 2658 350 2715 quos
363 2641 496 2697 viventes
510 2651 664 2717 motusque
677 2643 780 2700 vitales
796 2637 992 2718 [exercentes]
1009 2657 1060 2694 ex-

24 2733 162 2783 serentes
175 2724 313 2795 civimus,
326 2741 395 2780 mox
405 2733 439 2780 ut
450 2723 639 2799 adspicimus,
653 2745 714 2783 non
729 2725 873 2782 credimus
886 2725 996 2796 vivere,
1010 2723 1060 2779 sed

23 2807 176 2876 videmus3
192 2825 257 2862 cum
274 2825 376 2864 corum
388 2809 478 2865 vitam
498 2810 562 2865 sine
575 2809 744 2885 corporibus
758 2807 859 2866 videre
872 2825 1060 2884 nequeamus,

25 2908 114 2965 quarn
134 2899 232 2946 tamen
251 2891 283 2946 in
302 2892 343 2947 eis
362 2911 415 2968 per
434 2911 556 2968 corpora
569 2903 680 2950 remota
694 2895 773 2951 omni
787 2891 976 2971 ambiguitate
991 2910 1061 2948 con·
1091 2903 1094 2911 '

25 2974 183 3049 spicimus:
200 2975 242 3031 ita
256 2991 426 3052 quacunque
440 2978 582 3052 spiritalia
594 2979 644 3034 illa
657 2979 767 3036 lumina
781 2995 932 3052 corporum
945 2985 1060 3033 nostro·

23 3077 91 3115 rum
106 3058 353 3132 circumferemus,
367 3062 572 3136 incorporeum
581 3060 676 3120 Deum
687 3065 785 3120 omnia
797 3069 959 3140 regentem,
974 3062 1061 3118 etiam

22 3159 78 3218 per
92 3161 215 3218 corpora
228 3145 438 3200 contuebimur.
476 3145 534 3200 Aut
547 3165 618 3223 ergo
632 3165 685 3219 per
698 3149 764 3204 illos
778 3148 878 3202 oeulos
893 3147 936 3200 sic
949 3145 1062 3202 videbi-

22 3237 75 3282 tur
88 3224 187 3297 Deus,
208 3236 242 3282 ut
254 3228 363 3301 aliquid
375 3225 502 3282 habeant
515 3227 547 3282 in
560 3235 642 3284 tauta
656 3230 829 3284 excellentia
847 3228 939 3282 menti
954 3228 1059 3293 simile,

23 3327 82 3384 quo
101 3318 132 3365 et
149 3309 321 3383 incorporea
339 3318 445 3365 natura
466 3317 619 3380 cernatur,
645 3311 721 3385 quod
744 3312 811 3366 ullis
831 3309 971 3382 exemplis
995 3308 1061 3370 sine

24 3393 245 3468 scripturarum
262 3392 438 3448 testimoniis
454 3391 618 3452 divinarum
630 3395 678 3450 vel
690 3391 807 3450 difficile
820 3393 867 3449 vel
880 3389 1060 3466 impossibile

24 3485 70 3530 est
85 3475 253 3532 ostendere:
277 3484 327 3532 aut
340 3475 418 3550 quod
432 3485 475 3532 est
488 3475 524 3532 ad
536 3475 761 3556 intelligendum
774 3475 901 3546 facilius,
921 3476 963 3530 ita
977 3473 1058 3530 Deus

23 3559 113 3614 nobis
128 3559 185 3614 erit
198 3567 284 3614 notus
299 3568 386 3634 atque
398 3561 581 3635 conspicuus,
594 3570 628 3617 ut
639 3559 772 3619 rideatur
784 3560 888 3636 spiritu
903 3576 920 3614 a
933 3558 1058 3636 singulis

25 3641 112 3699 nobis
126 3643 159 3698 in
172 3643 297 3720 singulis
310 3643 407 3716 nobis,
421 3643 554 3702 videatur
566 3645 601 3702 ab
615 3647 707 3702 altero
720 3647 752 3702 in
764 3645 866 3714 altero,
879 3641 1014 3700 videatur
1027 3642 1059 3697 in

25 3746 58 3782 sc
72 3727 149 3802 ipso,
163 3724 297 3782 videatur
310 3728 342 3784 in
356 3729 438 3786 coelo
450 3747 528 3787 novo
544 3739 573 3786 et
586 3731 617 3786 in
631 3739 710 3786 terra
723 3747 810 3801 nova,
835 3739 921 3804 atquc
934 3727 965 3783 in
980 3725 1060 3782 omni

29 3829 107 3886 quae
122 3819 192 3866 tune
205 3809 295 3868 fuerit
307 3822 455 3885 creatura3
474 3812 607 3871 videatur
621 3823 650 3870 et
661 3832 714 3889 per
727 3829 848 3888 corpora
860 3811 891 3866 in
904 3811 983 3867 omni
997 3827 1063 3866 cor-

31 3911 104 3968 pore
115 3912 289 3971 quoeunque
299 3895 410 3954 fuerint
420 3899 558 3974 spiritalis
573 3899 700 3975 corporis
714 3898 790 3956 oculi
804 3897 866 3954 acie
875 3895 1064 3971 perveniente
