2592 4396
241 182 302 240 aut
465 175 561 234 DlVl
582 171 769 232 svaubll
799 170 1049 232 AVGVSTINI

243 330 361 390 credere
374 347 408 386 oc
421 328 528 398 dicere,
542 327 630 388 otiose
641 334 710 386 ante
724 341 808 400 quoru
820 326 912 399 possit
924 325 1058 402 intelligi.
1091 325 1202 404 Angeli
1215 347 1261 386 au.

241 427 310 486 tem,
325 431 395 490 qnos
407 413 450 468 illi
459 411 528 468 deos
540 409 679 469 libentius
692 411 846 484 appellant,
858 409 971 469 etiamsi
984 407 1119 468 adhibent
1132 411 1182 468 rel
1195 413 1262 471 iussi

240 501 289 556 rel
299 496 433 572 permissi
446 495 643 570 operationem
656 511 738 550 suam
748 491 833 551 robus
845 511 918 568 quae
926 493 1089 570 gignuntur
1101 495 1134 553 iss
1144 495 1262 568 serundo,

240 591 338 640 tamen
360 590 420 636 tons
437 597 496 639 non
514 595 563 636 eos
583 576 704 635 dicimus
727 585 873 634 creatores
897 576 1080 648 animalium,
1106 595 1193 652 quarn
1208 599 1262 636 nec

217 705 219 710 .
239 666 382 743 agricolas
395 663 511 740 frugum
524 669 609 735 atquo
622 660 766 716 arborum.

605 810 728 868 CA'P.
770 809 892 868 XXV.

241 909 350 964 Omnem
370 909 516 977 [Omnium]
537 917 664 961 naturam
678 917 705 960 et
720 925 819 961 omnem
840 905 976 973 [omnium]
996 905 1106 978 speeiem
1126 909 1262 962 universos

470 988 612 1034 creaturae
626 995 679 1032 non
688 978 741 1032 nisi
752 995 829 1047 opere
839 976 895 1030 Dei
902 978 1033 1052 formari.

302 1086 375 1145 Cum
394 1087 471 1144 enim
489 1089 547 1143 alia
562 1087 602 1142 sit
620 1085 729 1164 species
748 1102 821 1160 quoe
838 1085 988 1148 adhibetur
1003 1087 1190 1157 extrinsecus
1205 1089 1261 1144 cui-

241 1190 354 1248 cunque
376 1173 515 1227 materiae
537 1171 694 1246 corporali,
720 1169 796 1224 sicut
813 1179 969 1246 operantur
987 1167 1119 1228 homines
1132 1171 1220 1252 figuli
1238 1181 1263 1227 et

240 1257 314 1315 fabri
325 1263 411 1330 atque
421 1254 451 1310 id
461 1271 553 1334 genus
564 1254 691 1328 opifices,
705 1253 754 1330 qui
767 1253 855 1308 etiam
867 1255 993 1332 pingunt
1006 1263 1036 1310 et
1048 1252 1190 1332 effingunt
1203 1254 1264 1310 for-

239 1360 299 1399 mas
314 1340 421 1394 similes
441 1337 608 1414 corporibus
625 1337 807 1408 animalium3
834 1338 891 1392 alia
907 1355 977 1393 vero
996 1355 1069 1414 quae
1085 1338 1264 1394 intrinsecus

239 1425 393 1482 efficientes
408 1441 509 1478 causas
522 1421 630 1478 habent
642 1421 677 1478 dc
691 1418 812 1476 secreto=
822 1429 852 1476 et
868 1423 981 1478 occulto
999 1430 1120 1478 naturae
1137 1423 1265 1480 viventis

239 1519 327 1583 atque
341 1507 534 1584 intelligentis
547 1505 679 1577 arbitrio,
693 1523 766 1580 quae
775 1523 836 1560 non
847 1507 940 1560 solum
950 1505 1097 1560 naturales
1113 1523 1265 1580 corporum

238 1592 359 1668 species,
373 1607 475 1646 verum
488 1591 575 1644 etiam
588 1589 664 1664 ipsas
679 1589 868 1646 animantium
878 1591 1000 1660 animae,
1014 1586 1081 1643 dum
1090 1607 1152 1644 non
1167 1589 1212 1662 fit,
1226 1589 1265 1646 fa·

239 1677 293 1732 cit:
310 1671 473 1746 supradicta
486 1673 536 1728 illa
549 1673 660 1746 species
675 1671 834 1728 artificibus
849 1672 1009 1748 quibusque
1022 1671 1185 1747 tribuatur3
1199 1671 1266 1729 baec

238 1766 335 1814 autem
349 1756 443 1811 altera
456 1773 516 1812 non
529 1755 587 1810 nisi
600 1757 653 1810 uni
667 1755 772 1810 artifici
787 1757 912 1812 creatori
925 1765 955 1812 et
967 1754 1113 1812 conditori
1126 1753 1207 1830 Deo,
1222 1758 1266 1836 qui

238 1839 377 1896 mundum
389 1840 484 1914 ipsum
497 1847 526 1894 et
539 1841 658 1916 angelos
673 1841 737 1894 sine
749 1840 808 1894 ullo
825 1839 931 1897 mundo
945 1847 975 1895 et
995 1841 1058 1895 sine
1070 1840 1140 1896 ullis
1155 1843 1267 1922 angelis

238 1924 318 1980 iecit.
342 1923 496 1989 Quaenim
508 1923 540 1978 vi
553 1921 662 1994 divina,
677 1932 717 1994 et,
730 1931 764 1978 ut
776 1923 817 1979 ita
830 1921 942 1996 dicam,
955 1919 1101 1996 effectiva,
1116 1943 1194 2000 quae
1206 1926 1267 1981 fieri

238 2008 346 2078 nescit,
370 2005 421 2060 sed
434 2007 540 2076 facere,
556 2007 669 2082 accepit
682 2007 817 2081 speciem,
832 2026 896 2063 cunr
909 2006 1034 2067 mundus
1047 2007 1151 2080 fieret,
1165 2019 1267 2066 rotun·

239 2092 313 2148 ditas
329 2091 401 2145 coeli
415 2099 445 2145 et
456 2085 619 2158 rotunditas
633 2091 717 2161 solis3
732 2089 830 2145 eadem
839 2092 870 2146 vi
881 2089 980 2148 divina
991 2100 1020 2146 et
1033 2088 1182 2165 effectiva,
1197 2111 1267 2169 quae

239 2175 302 2231 lieri
314 2175 422 2244 nescit,
440 2173 491 2230 sed
509 2174 620 2245 facere,
645 2175 755 2248 accepit
767 2175 892 2250 speciem
905 2174 1067 2232 rotunditas
1081 2177 1165 2232 oculi
1180 2187 1212 2233 et
1224 2195 1267 2233 ro·

238 2259 366 2314 tunditas
380 2259 468 2332 pomi,
484 2267 512 2313 et
525 2266 656 2312 caeterae
666 2257 778 2334 figurae
788 2261 933 2314 naturales
947 2277 1017 2334 quas
1031 2258 1165 2318 videmus
1180 2262 1214 2318 in
1226 2280 1268 2316 re-

236 2341 291 2396 bus
304 2330 464 2416 quibusque
477 2339 661 2396 nascentibus
675 2358 734 2395 non
749 2342 931 2397 extrinsecus
946 2341 1084 2412 adhiberi,
1098 2342 1155 2398 scd
1169 2346 1268 2402 intima

238 2420 391 2480 Creatoris'
397 2425 537 2498 potentia,
552 2424 603 2498 qui
616 2423 707 2494 dixit,
725 2422 840 2480 Coelum
854 2435 883 2481 et
897 2437 1009 2486 terram
1023 2444 1074 2500 ego
1088 2426 1221 2504 impleo:
1245 2437 1270 2481 et

239 2509 320 2564 cuius
333 2508 475 2584 sapientia
486 2515 531 2562 est
543 2525 616 2582 quae
626 2509 752 2584 attingit
766 2527 785 2562 e
791 2505 857 2578 fine
871 2526 961 2586 usque
975 2507 1269 2582 adfinemfortiter,

238 2603 267 2649 et
281 2592 412 2669 disponit
425 2593 520 2647 omniu
531 2591 672 2648 suaviter.
686 2589 813 2648 Proinde
827 2591 898 2647 facti
909 2593 1042 2666 primitus
1056 2595 1160 2670 angeli
1174 2597 1271 2652 cuius-

238 2665 316 2731 rnodi
329 2675 525 2732 ministerium
536 2675 724 2750 praebuerint
736 2673 870 2731 Creatori
888 2687 1003 2731 caetera
1015 2675 1139 2732 facienti
1153 2681 1278 2748 nosci03·

238 2778 293 2814 nec
308 2757 434 2814 tribuere
447 2759 505 2812 illis
519 2757 610 2814 audeo
629 2757 706 2832 quod
721 2758 797 2814 forte
810 2777 872 2814 nou
884 2767 1017 2836 possunt,
1041 2779 1095 2817 nec
1109 2759 1209 2819 debeo
1224 2763 1270 2818 de-

237 2859 344 2919 rogare
357 2840 434 2914 quod
445 2849 577 2914 possunt.
596 2838 780 2897 Creationem
792 2851 890 2898 tamen
904 2842 1164 2919 conditionemque
1177 2848 1272 2902 omni-

238 2943 287 2978 um
300 2932 445 2991 naturam,
459 2941 516 2998 qua
527 2923 561 2979 fit
576 2931 610 2979 ut
622 2923 741 2980 omnino
754 2934 875 2982 naturae
890 2927 966 2996 sint,
980 2927 1021 2981 eis
1036 2945 1153 3002 quoque
1166 2929 1273 2986 faven-

238 3006 317 3061 tibus
329 3006 373 3060 illi
385 3004 448 3062 Deo
464 3006 576 3077 tribuo,
602 3007 651 3062 cui
668 3024 702 3062 so
718 3009 805 3066 etiam
823 3011 879 3084 ipsi
897 3009 1001 3066 debere
1020 3010 1099 3084 quod
1116 3022 1187 3070 sunt
1205 3032 1274 3070 cuns

239 3089 400 3166 gratiarum
421 3090 536 3148 sctioue
552 3082 710 3148 'noverunt
733 3090 800 3153 Non
819 3095 913 3150 solum
929 3095 1021 3172 igitur
1041 3096 1190 3172 agricolus
1213 3116 1272 3154 non

240 3171 360 3231 dicium
374 3170 521 3230 fructuum
532 3191 708 3250 quorumque
722 3185 880 3246 creatores,
908 3196 973 3238 oum
993 3178 1146 3256 legumus,
1172 3178 1275 3258 Nequs

239 3255 420 3334 qaiplostot
434 3267 480 3314 eet
493 3257 622 3335 aliquid,
644 3278 735 3336 neque
748 3261 903 3336 quirigat,
924 3263 978 3322 ssd
989 3263 1040 3339 qui
1058 3264 1274 3324 incrassatam

240 3341 294 3400 dat
305 3339 405 3400 Deus.-
419 3340 470 3396 sed
481 3361 519 3400 ne
526 3343 619 3417 ipsam
631 3343 748 3419 quidem
759 3352 878 3415 terren,
891 3347 1023 3420 quamvis
1034 3355 1128 3406 mater
1139 3350 1275 3406 omnium

238 3422 1275 3505 foecundarideatur,quaegernrinibuserumpentispromovet,etlixs

238 3508 385 3568 radicibus
397 3511 545 3583 eontinet,
570 3529 637 3568 oum
653 3509 753 3570 itidem
765 3513 909 3589 legumus:
937 3511 1019 3574 Deus
1033 3513 1080 3572 illi
1092 3513 1150 3575 dat
1164 3531 1274 3596 corpus

239 3593 377 3670 quomodo
389 3592 526 3682 voluerit?
544 3603 574 3652 et
587 3595 740 3670 unicuique
753 3595 892 3652 seminum
898 3599 1056 3674 proprisos
1069 3615 1197 3674 corpus.
1235 3599 1278 3656 lta

239 3694 293 3731 nec
307 3673 444 3732 seminam
461 3679 507 3734 sui
523 3677 671 3752 puerperii
688 3681 858 3736 creatricem
875 3682 1018 3755 appellere
1037 3678 1203 3756 debemus,
1230 3680 1279 3740 sed

238 3758 334 3830 potius
347 3759 429 3816 illurn
440 3762 491 3834 qui
501 3760 616 3818 cuidam
628 3777 680 3815 suo
690 3760 796 3820 famulo
809 3760 898 3822 dixit:
912 3761 1001 3822 Prius
1012 3783 1097 3840 quom
1108 3767 1281 3837 seforma-

239 3859 300 3896 rem
322 3842 352 3896 in
376 3851 475 3912 atero,
502 3845 570 3900 soei
586 3852 624 3900 tc.
669 3843 708 3902 Et
726 3846 857 3920 quamvis
877 3849 974 3906 anima
991 3849 1033 3906 sic
1047 3849 1094 3906 vel
1108 3849 1154 3906 sic
1170 3849 1281 3910 affecta
