2538 4392
247 229 551 294 DE'GIVITA'I'E
573 235 655 295 DEI
681 237 760 296 LIB.
781 237 908 302 XVIII.
1037 255 1096 311 177

51 403 106 444 eos
119 381 253 442 iudicare
264 401 320 442 ucc
331 385 434 460 Apollo
447 391 599 447 consultus
612 389 747 462 auderet,
766 391 817 450 sed
830 393 953 455 deorum
965 402 1096 482 Iurgium

48 467 226 539 finiendum,
238 469 316 526 sicut
325 480 551 529 memoratarum
561 475 652 530 trium
662 474 781 532 dearum
791 477 827 533 ad
833 477 967 538 Paridem
972 481 1094 561 Iupiter,

1 571 2 578 ¹
46 554 91 612 ita
105 561 136 608 et
148 553 206 608 istc
219 551 256 608 ad
266 550 401 610 homines
411 556 556 628 mitteret,
580 557 630 614 ubi
642 558 776 615 vinceret
786 559 921 620 blinerva
933 563 1094 646 suffragiis,

1 674 5 704 ,
45 646 78 693 et
91 639 126 692 in
137 653 236 711 poena
246 653 364 692 suarum
376 634 624 716 suffragatricium
634 643 815 716 vinceretur,
826 663 902 720 qnae
913 647 947 704 in
958 649 1098 709 edversa-

1 757 3 790 ,
43 721 103 778 riis
118 721 181 776 suis
195 720 268 776 viris
287 719 421 777 othncre
433 721 564 780 Athenas
576 726 688 798 potuit,
716 734 747 781 et
758 729 867 785 amicas
881 745 950 786 suas
970 732 1095 792 feminas

1 841 2 870 r
42 801 218 862 Athenaeus
232 801 339 859 hebere
352 822 413 862 non
424 807 528 880 potuit.
555 805 613 864 His
625 809 815 883 temporibus,
828 821 863 868 ut
872 811 966 871 Varro
981 819 1095 892 scribit,

43 895 198 964 regnante
211 883 441 945 Atheniensibus
454 887 569 948 Crasso
583 909 752 948 successore
766 892 920 970 Cecropis,
946 907 981 955 ut
998 909 1096 958 autem

43 970 151 1028 nostri
162 967 309 1026 Eusebius
323 979 353 1026 et
367 969 582 1049 Hieronymus,
608 973 703 1032 adhuc
716 975 819 1034 eodem
832 977 961 1056 Cecrope
977 1003 1093 1059 perma-

42 1061 154 1124 nente,
166 1051 309 1110 diluvium
321 1052 389 1126 luit,
404 1053 481 1132 quod
493 1059 670 1133 appellatum
683 1067 729 1115 est
742 1059 946 1136 Deucalionis,
966 1085 1001 1122 eo
1017 1067 1095 1142 quod

41 1140 112 1212 ipse
131 1137 279 1214 regnabat
290 1137 323 1194 in
336 1157 438 1196 earum
450 1149 595 1198 terrarum
607 1142 757 1216 partibus,
779 1143 830 1200 ubi
844 1148 972 1205 mexIme
984 1149 1094 1206 Iactum

42 1230 102 1276 est.
117 1218 187 1276 Hoc
200 1229 297 1276 eutem
310 1221 452 1280 diluvium
465 1240 650 1300 nequequam
662 1225 699 1282 ad
704 1226 871 1304 Aegyptum
881 1237 969 1304 atque
979 1232 1016 1288 ad
1030 1235 1094 1290 eius

42 1305 154 1361 vicina
165 1305 312 1378 pervenit.

30 1380 33 1388 ’
455 1387 478 1447 G
501 1393 526 1448 A
547 1389 580 1447 Ρ.
622 1389 656 1448 Χ
670 1389 693 1450 l.

40 1483 111 1550 Quo
120 1482 355 1566 temporellleyses
362 1485 492 1554 populum
506 1487 538 1540 de
547 1484 671 1562 Aegypto
685 1488 827 1542 eduxerit:
847 1499 875 1545 et
889 1491 922 1545 de
936 1493 1000 1549 Iesu
1010 1493 1094 1563 Nare,

163 1570 210 1622 qus
220 1555 304 1608 eedem
313 1555 454 1620 successit,
469 1571 582 1626 quorum
592 1573 688 1628 regern
697 1567 790 1612 uncte
800 1559 980 1617 citatorium.

108 1641 226 1701 Eduxit
244 1661 315 1722 ergo
334 1643 451 1720 Moyses
469 1661 508 1700 ex
525 1645 659 1725 Aegypto
681 1651 820 1724 populum
832 1648 907 1723 Del,
931 1655 1092 1714 novissimo

36 1737 181 1804 tempore
195 1726 334 1802 Cecropis
346 1727 571 1786 Atheniensium
582 1733 678 1809 regis,
699 1749 787 1808 quum
800 1735 877 1808 opud
891 1737 1029 1812 Assyrios
1044 1757 1092 1794 re-

35 1821 158 1893 gnaret
170 1811 341 1882 Ascatades,
355 1811 430 1887 apud
440 1811 596 1888 Sicyonios
607 1813 766 1886 Marathus,
781 1817 860 1892 quod
869 1821 997 1898 Argiuos
1003 1821 1090 1880 'l'rIo-

33 1915 108 1976 pas.
143 1893 261 1952 diducto
281 1903 379 1952 autem
398 1898 504 1970 populo
523 1898 556 1954 in
574 1908 676 1955 monte
689 1898 763 1956 Sina
781 1901 925 1961 divinitus
940 1915 1091 1980 acceptam

33 1977 172 2037 tradidit
184 1979 296 2058 legem:
315 1978 394 2053 quod
407 1988 491 2036 vetus
506 1979 616 2037 dicitur
628 1981 863 2056 Testamentum,
884 1988 953 2062 quia
964 1992 1090 2060 promis·

30 2067 145 2124 siones
166 2070 299 2118 terrenas
320 2061 422 2134 habet3
449 2071 479 2118 et
495 2080 548 2136 per
566 2061 664 2120 Iesum
676 2063 826 2122 Christum
843 2067 975 2124 futurum
994 2070 1092 2128 luerat

30 2147 273 2205 Testamentum
297 2161 418 2216 novum,
444 2163 503 2220 quo
529 2163 656 2223 regnum
682 2149 834 2205 coelorum
857 2151 1090 2224 promitteretur.

27 2230 135 2291 Hunc
150 2230 229 2284 enim
243 2226 379 2285 ordinem
393 2230 506 2284 servari
519 2229 686 2303 oportebat,
711 2232 788 2286 sicut
800 2232 832 2287 in
846 2250 1024 2310 unoquoque
1037 2233 1090 2293 ho-

25 2317 135 2383 mine,
161 2313 257 2387 quiin
270 2308 367 2368 Deum
379 2311 510 2386 prolicit,
537 2311 569 2367 id
581 2313 692 2390 egitur,
706 2313 785 2390 quod
798 2315 841 2370 ait
852 2316 1029 2392 Apostolus,
1057 2329 1091 2376 ut

24 2417 99 2460 non
113 2395 256 2473 sitprius
270 2397 348 2472 quod
360 2395 502 2472 spiritale
515 2404 574 2452 est:
601 2397 655 2454 sed
668 2398 746 2474 quod
757 2399 895 2470 entmale,
903 2409 1015 2477 posteo
1028 2403 1090 2482 spr'-

22 2479 157 2543 ritule:
172 2480 311 2552 quoniam
324 2480 402 2534 sicut
414 2477 496 2549 dicit,
510 2488 541 2534 et
552 2497 653 2536 verum
668 2489 723 2550 est,
750 2477 868 2538 Primus
880 2481 962 2540 bomo
977 2485 1013 2541 de
1026 2495 1089 2542 ter-

20 2585 85 2635 ra,
114 2572 275 2635 terrenus,⁶
297 2561 442 2619 secundus
454 2559 537 2618 borno
551 2562 588 2618 de
600 2562 689 2630 coelo,
704 2562 850 2620 coelestis.
889 2563 981 2622 Rexit
993 2577 1090 2624 autem

18 2646 188 2726 populum
201 2641 319 2720 Moyses
333 2659 493 2718 perennes
508 2643 704 2722 quadraginta
716 2647 748 2701 in
762 2645 893 2704 deserto:
915 2657 945 2704 et
956 2647 1088 2706 mortuus

17 2741 83 2789 est
98 2745 251 2786 annorum
264 2737 384 2784 centum
397 2737 427 2784 et
439 2728 565 2806 viginti3
591 2745 656 2784 cum
668 2727 817 2786 Christum
826 2731 923 2787 etiem
942 2733 1005 2806 ipse
1017 2751 1087 2806 pro-

12 2815 196 2896 phetasset
208 2829 261 2889 per
273 2812 386 2892 figuras
400 2811 641 2870 observationum
654 2813 817 2870 carnalium
833 2815 866 2870 in
888 2816 1087 2890 tabernaculo,

15 2910 67 2958 et
83 2893 269 2968 sacerdotio,
284 2906 314 2952 et
326 2895 490 2969 sacrificiis,
512 2897 638 2972 aliisque
650 2897 783 2973 mysticis
797 2899 989 2975 plurimisque
1003 2919 1087 2958 man·

15 2983 130 3041 datis.
156 2977 255 3054 Moysi
268 2981 412 3036 successit
424 2979 505 3038 Iesus
521 2979 618 3038 Neve:
640 2981 715 3038 etin
728 2990 808 3037 terra
820 2985 1025 3056 promissionis
1039 2985 1087 3040 in-

11 3063 219 3126 troductum
230 3064 367 3138 populum
379 3066 551 3132 collocavit,
580 3081 618 3120 ex
631 3066 807 3122 auctoritate
821 3065 922 3124 divino
935 3067 1086 3125 debellatis

8 3147 202 3233 gentibus,
224 3146 361 3221 aquibus
374 3146 476 3202 eadem
488 3150 554 3204 loca
567 3148 752 3204 tenebantur.
788 3150 849 3215 Qui
865 3167 932 3206 curn
949 3154 1087 3226 populum

2 3233 176 3299 rexisset
188 3238 257 3303 post
269 3237 393 3286 mortem
406 3228 501 3308 Moysi
515 3231 625 3308 viginti
637 3239 668 3286 et
681 3240 793 3305 septem
805 3247 909 3304 annos,
923 3235 1012 3290 etiam
1023 3233 1087 3308 ipse

5 3316 206 3379 defunctus
221 3322 279 3370 est:
306 3322 452 3390 regnante
466 3313 541 3388 apud
553 3314 690 3390 Assyrios
704 3322 807 3369 octaro
822 3312 935 3370 decimo
947 3315 1086 3390 Amynta,

7 3433 19 3458 τ
31 3399 120 3480 pud
145 3394 305 3472 Sicyonios
330 3404 415 3453 sexto
440 3394 553 3452 decimo
574 3396 699 3467 Corace,
726 3395 803 3469 apud
822 3395 949 3473 Argivos
973 3395 1086 3453 decimo

0 3497 34 3545 ιι
53 3499 165 3553 anso,
178 3478 255 3554 apud
266 3479 462 3538 Athenienses
476 3489 580 3555 quarto
592 3477 795 3538 Erichthonio.

436 3594 556 3654 CAP.
599 3595 695 3654 Xll.

9 3694 30 3737 Ι
46 3701 75 3739 e
92 3675 188 3733 sacris
198 3676 338 3750 falsorum
348 3677 470 3740 deorum,
489 3675 558 3744 quoe
573 3692 650 3746 reges
665 3674 798 3728 Graeciae
811 3673 867 3726 illis
882 3673 1088 3742 temporibusve

98 3747 274 3812 stituerunt,
293 3763 362 3816 puae
371 3747 406 3800 ab
417 3747 495 3800 exitu
505 3745 595 3800 lsrael
603 3761 638 3798 err
647 3743 780 3816 Aegypto,
791 3757 874 3814 usque
884 3743 921 3799 sd
929 3742 1030 3796 obitum

72 3825 88 3832 ”
381 3817 443 3870 Iesu
454 3813 532 3868 Nure
546 3815 760 3869 dinumerentur.
902 3820 905 3829 ⁴

104 3897 168 3956 Per
180 3897 254 3956 haec
267 3908 409 3976 tempora,
427 3899 458 3958 id
472 3910 528 3976 est,
543 3901 578 3958 ab
592 3902 674 3957 exitu
687 3897 778 3956 lsratl
791 3915 827 3953 ex
840 3896 984 3976 Aegypto,
998 3913 1088 3972 usque

55 3979 130 4051 II·
769 3980 800 4041 M

692 4051 702 4084 h
