2510 4404
80 211 86 220 ¹
186 261 248 320 sot
414 251 516 312 DlVl
536 247 724 308 AVRELll
749 241 1009 304 AVGVSTlNl

188 420 308 471 aeterna
322 408 387 464 siue
400 405 459 462 line
473 405 540 474 erit,
554 401 725 477 supplicium
738 408 890 462 aeteruum
902 396 992 452 finem
1004 395 1145 471 habebit,
1157 401 1220 454 mol-

190 508 251 553 tum
264 489 422 550 absurdum
436 496 490 543 est.
509 486 603 556 Vnde,
617 486 684 559 quia
697 484 760 540 vita
773 491 894 538 aeterna
906 489 1081 536 sanctorum
1094 483 1162 539 sinc
1174 483 1221 538 inc

189 578 257 650 orit,
270 573 443 652 supplicium
457 587 571 646 quoque
583 577 738 624 aeteruum
752 566 854 642 quibus
869 565 937 633 erit,
956 563 1048 620 linem
1061 568 1170 639 procul
1181 565 1221 620 dn.

188 659 236 719 bio
249 677 310 718 non
322 656 448 714 habebit.

552 733 574 792 C
595 735 621 790 A
642 731 674 789 Ρ.
717 730 750 788 X
762 729 869 788 XIV.

193 837 296 895 Οιιιιι
308 849 522 896 teramnensem,
536 830 583 900 qui
592 829 623 883 in
631 827 733 880 iudicio
742 824 799 879 Dei
808 825 928 879 omnibus
938 826 993 878 reis
999 835 1125 896 propter
1135 837 1223 882 sancto

457 919 518 955 rum
524 915 618 969 preces
625 906 728 967 putant
738 913 794 948 ιιιι
799 898 974 966 parcendum.

253 993 319 1052 Hoc
333 1001 429 1048 autem
445 1001 474 1048 et
487 990 629 1048 adversus
644 1006 693 1044 eos
706 989 800 1058 valet,
826 987 878 1061 qui
896 1003 965 1042 suas
984 995 1117 1064 agentes
1137 1005 1225 1044 causas

191 1087 294 1136 oontm
307 1074 364 1132 Dei
384 1077 487 1134 venire
506 1075 610 1145 verba,
632 1073 713 1130 velut
725 1068 927 1126 misericordia
939 1071 1055 1126 maiore
1074 1082 1225 1133 conantur:

193 1170 225 1220 ct
239 1160 304 1217 idco
317 1159 452 1217 videlicet
465 1176 536 1215 vera
549 1159 620 1228 sint,
635 1156 703 1230 quia
716 1171 751 1210 ea
764 1171 837 1228 quae
848 1152 924 1208 dixit
935 1150 1074 1209 homines
1092 1172 1160 1210 esse
1172 1173 1225 1230 pac

193 1263 295 1315 suros,
318 1244 380 1319 pati
393 1243 478 1320 digni
491 1249 575 1312 suut,
597 1257 658 1296 non
672 1239 740 1314 quia
758 1238 876 1312 passuri
886 1245 966 1292 sunt.
1004 1235 1150 1294 Donabit
1162 1240 1225 1294 cuin

193 1346 254 1400 eos,
273 1328 428 1402 inquiunt,
451 1325 587 1402 precibus
607 1331 776 1379 sanctorum
794 1338 932 1390 suorum,
956 1320 1050 1376 etiam
1067 1330 1146 1378 tunc
1158 1330 1225 1377 tanto

194 1411 286 1490 magis
301 1412 448 1468 orantium
460 1427 513 1484 pro
527 1408 655 1464 inimicis
669 1405 745 1476 suis,
772 1413 880 1478 quanto
898 1411 970 1458 sunt
986 1404 1096 1478 utique
1111 1406 1225 1460 sanctio

195 1513 252 1566 res,
267 1511 427 1568 eorumque
441 1491 586 1548 efficacior
601 1499 646 1545 cst
659 1489 765 1558 oratio,
785 1496 815 1542 et
831 1485 1019 1542 exauditione
1033 1485 1097 1542 Dei
1111 1488 1226 1566 dignior,

194 1580 251 1634 iam
264 1578 376 1634 nullum
388 1575 556 1632 habentium
569 1573 688 1631 omnino
701 1577 860 1644 peccatum.
893 1566 951 1625 Cur
965 1587 1040 1645 ergo
1055 1571 1162 1626 cadem
1173 1589 1227 1645 per·

194 1660 352 1716 lectissima
366 1659 538 1728 sanctitate,
563 1665 592 1711 ct
604 1663 710 1710 cuncto
726 1654 883 1726 impetrare
895 1653 1066 1708 valentibus
1082 1655 1228 1710 mundissi-

193 1743 248 1798 mis
263 1751 294 1798 et
306 1741 586 1796 misericordissimis
600 1737 752 1810 precibus,
773 1737 861 1792 etiam
878 1753 931 1808 pro
951 1737 1072 1811 angelis
1092 1753 1157 1794 non
1175 1755 1226 1793 ora-

193 1825 284 1894 bunt,
309 1823 414 1896 quibus
433 1831 550 1896 pascuis
571 1829 617 1875 ιιι
636 1821 715 1897 ignis
729 1828 883 1888 aeternus,
910 1826 944 1874 ut
957 1816 1044 1874 Deus
1059 1823 1227 1877 sententiam

194 1923 276 1964 suam
288 1906 419 1982 mitiget,
444 1915 474 1960 et
485 1901 619 1960 reflectat
632 1903 663 1958 iu
677 1903 800 1973 melius,
823 1919 930 1976 eosque
943 1900 978 1956 ab
993 1902 1046 1957 illo
1062 1904 1140 1980 igne
1154 1905 1228 1960 faciat

194 1985 323 2048 alienosl
347 1989 394 2044 Au
413 1989 470 2044 crit
487 1987 612 2044 forsitan
627 1987 801 2060 quisquam,
828 1987 924 2060 quiet
942 1983 997 2039 hoc
1015 1984 1160 2043 futurum
1176 2005 1228 2042 esse

194 2081 372 2148 praesumat,
400 2069 547 2128 affirmans
562 2071 650 2126 ctiam
664 2079 781 2126 sanctos
794 2067 924 2146 Angelos
938 2069 1028 2124 simul
1043 2087 1117 2126 cunr
1132 2071 1228 2126 sanctis

194 2155 371 2225 hominibus,
396 2157 446 2230 qui
459 2163 528 2212 tuno
542 2155 677 2228 aequales
691 2162 780 2208 erunt
792 2152 913 2228 Angelis
928 2150 1002 2222 Dei,
1025 2169 1083 2226 pro
1099 2153 1228 2210 damnan-

194 2239 239 2296 dis
256 2248 286 2296 ot
297 2237 463 2296 homiuibus
477 2247 624 2306 oraturos,
638 2246 672 2292 ut
683 2236 885 2292 misericordia
898 2253 958 2290 nou
971 2237 1147 2309 patiantur,
1167 2234 1229 2311 quod

194 2323 319 2378 veritate
331 2330 482 2378 sacrentur
492 2316 575 2394 petil
601 2318 685 2385 Quod
698 2337 783 2375 nemo
796 2335 884 2374 sanae
897 2317 966 2374 fidei
980 2317 1071 2390 dixit,
1094 2339 1183 2376 nemo
1195 2319 1229 2373 di·

194 2413 296 2462 cturus
311 2411 364 2459 ιιι.
377 2403 497 2477 Alioqui
510 2403 591 2458 nulla
601 2419 689 2458 causa
702 2411 757 2473 est,
771 2419 823 2456 cur
836 2419 897 2457 non
912 2401 1000 2456 etiam
1013 2419 1100 2459 nunc
1114 2422 1167 2480 pro
1178 2403 1229 2458 dia·

194 2487 260 2542 bolo
275 2494 305 2542 et
318 2487 432 2564 angelis
447 2487 508 2542 eius
523 2493 588 2542 oret
600 2483 745 2555 Ecclesia,
760 2502 846 2558 quam
858 2483 1001 2562 Magister
1011 2481 1103 2541 Deus
1115 2506 1170 2562 pro
1182 2487 1229 2541 ini-

195 2571 278 2624 micis
293 2571 353 2626 suis
367 2570 455 2626 iussit
468 2587 562 2625 orare.
595 2565 677 2624 Haec
689 2567 781 2644 igitur
793 2583 897 2638 causa,
920 2583 976 2641 qua
990 2567 1025 2622 lit
1039 2577 1075 2623 ut
1088 2589 1171 2626 nnnc
1182 2568 1228 2624 Ec-

197 2654 285 2709 clesia
296 2671 357 2710 non
368 2661 432 2708 oret
444 2671 497 2726 pro
508 2651 592 2708 malis
603 2651 729 2727 angelis,
742 2667 813 2724 quos
828 2668 896 2706 suos
911 2667 975 2704 esse
989 2653 1079 2707 novit
1092 2654 1228 2713 inimicos

195 2735 297 2793 eadem
309 2737 373 2810 ipsa
386 2753 475 2793 causa
489 2744 549 2806 ιιι,
576 2751 633 2810 qua
646 2734 698 2790 liet
711 2741 746 2789 ut
760 2735 793 2789 in
805 2733 856 2788 illo
868 2743 943 2790 tunc
955 2732 1068 2788 iudicio
1084 2738 1176 2792 etiam
1187 2753 1227 2810 pro

195 2818 362 2876 hominibus
375 2827 495 2876 aeterno
509 2821 580 2896 igne
591 2817 769 2890 cruciandis,
782 2817 913 2892 quamvis
927 2815 1061 2890 perfecta
1074 2821 1118 2876 sit
1131 2820 1227 2876 saucti-

195 2911 267 2972 tate,
280 2920 341 2958 uon
355 2911 428 2958 oret.
463 2901 549 2958 Nunc
562 2902 641 2957 enim
652 2909 808 2974 propterea
820 2918 874 2974 pro
887 2901 930 2956 eis
945 2909 1027 2972 orat,
1054 2919 1133 2976 quos
1146 2905 1177 2960 in
1188 2919 1228 2979 ge-

196 3002 266 3040 nere
278 2982 404 3040 humano
418 2982 504 3039 habet
517 2985 664 3055 inimicos,
692 2985 760 3059 quia
772 2993 886 3058 tempus
903 2991 951 3039 est
960 2985 1168 3058 poenitentiae
1179 2986 1227 3040 fro-

197 3075 324 3122 ctuosae.
356 3064 431 3122 Nam
446 3065 516 3140 quid
529 3067 656 3122 maxime
669 3085 723 3140 pro
737 3067 779 3122 eis
793 3075 868 3138 orat,
882 3068 941 3125 nisi
954 3065 989 3123 ιιι
1002 3068 1056 3125 det
1069 3069 1136 3126 illia
1149 3069 1227 3126 Desa

196 3150 272 3204 sicut
282 3146 354 3204 dicit
363 3149 529 3223 Apostolus,
536 3151 764 3227 poenitentiam,
773 3159 809 3208 ἰι
822 3152 1006 3228 ιιιὴιίιιιιιι
1019 3151 1057 3208 dc
1071 3152 1183 3209 diaboli
1192 3151 1227 3205 lr-

195 3233 287 3309 qoct's,
302 3250 322 3288 o
335 3250 390 3310 quo
402 3234 517 3311 captivi
529 3243 669 3292 teneatur
682 3234 838 3291 secondum
852 3235 946 3312 qaino
957 3232 1163 3293 voluntatem?
1179 3233 1226 3290 De-

196 3317 285 3391 nique
298 3317 324 3371 si
339 3315 374 3372 de
391 3317 536 3390 aliquibus
550 3317 593 3372 ita
606 3325 686 3372 certa
699 3326 787 3386 esset,
807 3317 905 3391 utqui
918 3317 980 3372 siut
993 3317 1050 3387 illi,
1065 3319 1157 3374 etiam
1169 3333 1226 3374 nor·

196 3409 251 3470 set,
266 3401 317 3474 qui
330 3400 398 3456 licet
410 3399 504 3457 adhuc
515 3401 548 3456 iu
562 3399 615 3456 hac
629 3401 689 3456 vita
704 3401 765 3456 siut
778 3399 947 3470 constituti,
962 3408 1063 3456 tamen
1076 3399 1225 3475 praedesti·

197 3483 259 3540 nati
272 3491 342 3539 sunt
354 3483 387 3538 in
400 3492 553 3540 aeternum
566 3484 667 3560 ignem
680 3484 724 3538 ire
739 3501 805 3540 oum
817 3482 946 3552 diabolo;
972 3491 1033 3538 tam
1051 3501 1108 3556 pro
1124 3486 1166 3540 cis
1179 3498 1223 3538 nor

196 3575 306 3637 oraret,
319 3584 407 3640 quam
421 3585 475 3624 nec
489 3583 543 3640 pro
557 3567 630 3640 ipso.
669 3564 728 3622 Sed
748 3567 817 3642 quio
837 3563 874 3621 de
890 3567 970 3622 nullo
984 3575 1068 3622 certa
1085 3576 1149 3638 ιιι,
1174 3572 1224 3620 orat

195 3665 249 3720 pro
272 3650 407 3706 omnibus
427 3649 572 3706 duntaxat
589 3647 756 3706 hominibus
779 3650 907 3706 inimicis
927 3649 987 3705 suis
1000 3647 1104 3705 iubae
1119 3662 1223 3723 corpore

195 3732 378 3787 constitutis:
405 3751 461 3790 nec
479 3741 577 3788 tamen
594 3751 648 3807 pro
668 3733 803 3790 omuibus
824 3731 987 3788 exauditur.
1030 3731 1090 3789 Pro
1102 3731 1149 3788 lsis
1161 3731 1224 3788 enin

195 3813 266 3868 solis
281 3814 450 3886 exauditur,
474 3817 524 3890 qui
538 3817 595 3870 etsi
608 3813 801 3872 adversantur
813 3815 980 3886 Ecclesiae,
1000 3817 1043 3871 ita
1057 3826 1157 3873 tamen
1170 3821 1224 3868 auat

195 3891 417 3968 praedestinati,
432 3907 465 3954 ut
475 3915 529 3972 pro
544 3899 586 3952 cis
601 3897 777 3956 exaudiatur
789 3899 935 3970 Ecclesia,
962 3907 992 3954 et
1005 3898 1059 3956 filii
1075 3897 1224 3954 efficiantur
