2576 4396
206 195 268 251 260
435 183 535 246 DlVl
560 179 749 243 AVRELII
772 181 1027 242 AVGVSTlNl

140 393 143 397 .
208 345 251 400 eis
265 343 316 418 qui
328 339 464 408 aderant,
485 337 616 412 quamvis
631 337 663 392 in
676 335 778 391 mortis
792 335 912 406 ricinia,
931 333 1130 390 curiosissime
1145 344 1248 393 atten-

207 427 260 499 tis,
274 434 410 482 utrumne
422 417 611 496 philosophus
626 419 724 474 animo
737 416 913 474 turbaretur.
940 415 1056 472 Deinde
1069 427 1251 491 tempestate

208 515 369 577 transacta,
383 521 452 560 mox
466 511 500 559 ut
512 502 654 558 securitas
667 499 802 575 praebuit
814 498 999 573 colloquendi
1011 501 1060 556 vel
1072 501 1160 556 etiarn
1174 519 1250 578 gar-

207 590 305 647 riendi
317 591 425 657 locum,
439 584 557 660 quidam
570 601 609 638 ex
620 581 678 654 his,
692 600 766 657 quos
780 583 864 638 naris
878 583 929 637 illa
941 581 1085 656 portabat,
1101 582 1185 640 dives
1199 585 1252 640 lu-

208 673 349 728 xuriosus
362 669 508 725 Asiaticus
523 664 725 740 philosophum
739 665 910 738 compellat,
936 665 1061 722 illudens
1075 665 1152 740 quod
1166 669 1251 723 exti-

208 757 330 811 muisset
343 761 430 826 atque
447 749 613 824 palluisset,
638 749 783 822 cumipse
800 747 959 804 mansisset
976 747 1139 822 intrepidus
1159 750 1193 805 in
1212 769 1252 806 eo

208 837 286 912 quod
299 832 484 909 impendebat
497 831 598 888 exitio.
624 830 663 888 At
681 832 731 886 ille
748 830 889 905 Aristippi
907 829 1053 886 Socratici
1071 849 1254 904 responsum

208 920 325 989 retulit,
349 917 399 990 qui
412 934 478 971 cum
491 916 522 971 in
536 932 569 969 re
582 913 672 970 simili
686 913 786 969 eadem
799 913 890 970 verba
903 913 938 968 ab
951 911 1070 969 homine
1083 915 1174 969 simili
1194 933 1253 971 au-

207 1001 318 1072 disset,
344 996 496 1072 respondit
512 997 596 1052 illurn
607 1013 660 1072 pro
675 997 773 1052 aniana
785 995 957 1070 nequissimi
969 995 1124 1052 nebulonis
1137 999 1253 1053 merito

207 1102 269 1140 nan
283 1083 376 1139 fuisse
389 1081 564 1150 sollicitum,
578 1097 611 1135 se
630 1087 727 1136 autem
745 1097 798 1152 pro
810 1078 954 1153 Aristippi
967 1079 1065 1135 anima
1077 1080 1182 1135 timere
1195 1080 1253 1135 dc-

209 1168 316 1223 buisse.
342 1163 406 1220 Hac
427 1165 478 1219 illo
497 1162 589 1219 divite
607 1163 801 1236 responsione
815 1159 952 1234 depulso,
978 1171 1081 1235 postea
1099 1164 1256 1236 quaesivit

207 1249 340 1327 Agellius
351 1244 547 1322 aphilosopha
560 1263 621 1300 non
633 1243 804 1322 exagitandi
814 1245 922 1315 animo,
937 1242 988 1299 sed
999 1243 1141 1315 discendi,
1155 1264 1255 1320 quae-

208 1350 277 1388 nam
288 1333 340 1388 illa
352 1331 428 1386 ratio
443 1337 521 1385 esset
532 1329 651 1403 pavoris
666 1329 722 1384 sui.
738 1327 795 1394 Qui
811 1335 844 1382 ut
856 1326 976 1382 doceret
987 1324 1135 1384 hominem
1148 1329 1255 1385 scien-

209 1415 240 1470 di
253 1413 349 1470 studio
363 1413 500 1491 gnaviter
517 1429 688 1481 accensum,
711 1410 836 1484 protulit
854 1411 953 1466 statim
971 1410 1007 1466 de
1026 1411 1174 1466 sarcinula
1194 1430 1257 1494 sua

209 1497 305 1556 Stoici
317 1496 447 1570 Epicteti
459 1494 577 1564 librum,
589 1494 621 1548 ia
635 1511 693 1567 quo
707 1511 742 1548 ea
753 1493 865 1564 scripta
878 1501 991 1563 essent,
1011 1511 1087 1568 quac
1100 1511 1256 1571 congrue-

209 1589 278 1636 rent
291 1578 417 1634 decretis
426 1575 558 1632 Zenonis
573 1585 603 1631 et
614 1573 779 1650 Chrysippi,
793 1592 865 1649 quoa
878 1575 971 1631 fuisse
985 1573 1152 1632 Stoicorum
1164 1579 1256 1650 prin-

210 1665 289 1738 cipes
303 1661 448 1718 novimus.
473 1656 508 1714 ln
522 1676 556 1714 eo
570 1659 644 1714 libro
659 1658 813 1734 selegisse
827 1656 898 1714 dicit
910 1659 1053 1736 Agellius,
1066 1656 1123 1715 boc
1137 1658 1256 1718 Stoicis

209 1745 375 1819 placuisse,
400 1741 479 1818 quod
492 1741 583 1798 animi
596 1742 675 1812 visa,
699 1757 770 1814 quas
784 1743 933 1814 appellant
944 1739 1123 1816 phantasias,
1147 1762 1205 1800 nec
1221 1746 1257 1802 in

209 1835 353 1902 potestate
367 1835 413 1881 est
424 1833 524 1881 utrum
537 1833 567 1880 et
580 1823 695 1900 quando
709 1823 843 1880 incidant
855 1825 967 1894 annno,
993 1843 1060 1880 cum
1072 1827 1200 1882 veniunt
1215 1847 1257 1884 ex

209 1909 389 1966 terribilibus
403 1916 433 1964 ct
446 1907 676 1965 formidabilibus
689 1908 794 1980 rebus,
814 1925 936 1964 necesse
950 1925 1014 1964 esse
1027 1909 1117 1964 etiarn
1130 1911 1257 1983 sapien-

209 1995 248 2049 tis
262 1987 391 2048 animum
402 2001 556 2064 moveant3
581 1993 624 2048 ita
642 2001 676 2048 ut
693 1993 843 2066 paulisper
859 1993 908 2047 rel
924 1999 1062 2065 pavescat
1078 2001 1179 2065 metu,
1203 1997 1259 2050 vel

210 2077 333 2132 tristitia
347 2073 554 2148 contrahatur,
577 2084 716 2152 tanquam
729 2073 775 2130 his
788 2075 975 2148 passionibus
987 2076 1258 2148 praevenientibus

210 2159 317 2216 mentis
332 2167 362 2214 et
374 2159 498 2214 rationis
513 2148 654 2215 officium:
680 2177 736 2216 neo
754 2156 820 2214 ideo
834 2167 933 2215 tamen
947 2157 979 2214 in
992 2166 1091 2214 mento
1105 2157 1174 2214 fieri
1188 2164 1259 2236 opi-

210 2244 330 2297 nionem
342 2243 427 2311 mali,
451 2259 506 2296 nec
524 2241 680 2315 approbari
692 2243 750 2297 ista
764 2241 866 2317 eisquc
878 2243 1048 2298 consentiri.
1088 2239 1156 2298 Hoc
1172 2246 1260 2303 enim

210 2342 274 2379 esse
289 2325 391 2379 volunt
405 2324 435 2378 in
449 2332 611 2397 potestate,
630 2324 718 2400 idque
731 2325 875 2382 interesse
889 2335 1012 2382 censent
1026 2327 1104 2380 inter
1117 2327 1261 2386 animum

211 2407 352 2479 sapientis
367 2415 397 2461 ct
410 2407 504 2478 stulti,
519 2408 596 2482 quod
610 2409 693 2462 stulti
706 2407 822 2464 animus
837 2407 946 2464 eisdem
958 2409 1144 2484 passionibus
1160 2410 1259 2484 cedit,

209 2500 297 2564 atque
312 2489 509 2545 accoamradat
521 2491 628 2546 mentis
647 2506 816 2564 assensum3
830 2493 972 2568 sapientis
991 2501 1099 2562 autem,
1114 2498 1259 2566 quamvis

210 2590 258 2627 cas
273 2574 450 2628 necessitate
463 2575 604 2645 patiatur,
617 2575 728 2629 retinet
741 2583 839 2630 temen
853 2574 888 2630 de
901 2572 947 2630 his
962 2593 1036 2650 quae
1048 2584 1191 2649 appetere
1206 2583 1261 2636 vel

210 2653 311 2732 fugero
324 2655 540 2711 rationabiliter
554 2655 650 2727 debet,
667 2675 767 2712 veram
781 2667 811 2713 et
825 2657 958 2714 stabilem
971 2659 1148 2714 inconcussa
1165 2679 1259 2719 men-

209 2747 238 2792 te
251 2741 437 2794 scntentiem.
462 2736 544 2793 Hace
557 2748 592 2793 ut
603 2740 700 2812 potui,
725 2757 785 2794 nan
799 2739 917 2815 quidem
929 2741 1106 2798 commodius
1119 2741 1260 2820 Agellie,

208 2821 259 2876 sed
274 2830 354 2875 certe
367 2821 501 2889 brevius,
521 2829 565 2888 ct,
579 2829 612 2874 ut
624 2829 710 2892 puto,
725 2821 841 2894 planius
856 2825 995 2896 cxposaiâ€š
1016 2842 1091 2899 quae
1104 2826 1156 2880 ille
1171 2845 1207 2882 se
1224 2832 1261 2886 in

208 2901 336 2974 Epicteti
349 2903 424 2956 libro
438 2902 547 2978 legisse
561 2913 778 2978 commemorat,
802 2924 870 2963 eum
884 2925 922 2962 ex
935 2907 1061 2964 decretis
1075 2904 1261 2971 Stoicorum

208 2984 319 3038 dixisse
332 2993 419 3056 atque
432 2985 570 3040 sensisse.
1065 3028 1069 3036 e

274 3067 357 3131 Quae
372 3067 398 3120 si
411 3067 453 3121 ita
467 3076 546 3138 sunt,
561 3077 613 3124 aut
625 3066 710 3141 nihil,
734 3080 785 3126 aut
796 3091 872 3146 pene
884 3071 958 3130 nihil
972 3072 1061 3130 distat
1073 3075 1154 3132 iuter
1170 3074 1262 3136 Stoi-

209 3167 310 3204 corum
324 3149 506 3225 aliorumque
517 3148 754 3225 philosophorum
773 3156 943 3226 opinionem
963 3157 998 3213 de
1017 3159 1213 3231 passionibus
1230 3175 1264 3220 et

208 3231 476 3302 perturbationibus
491 3235 668 3290 animorum:
683 3237 801 3310 utrique
812 3239 891 3294 enirn
901 3248 1029 3296 mentem
1042 3241 1263 3321 rationemque

208 3315 350 3387 sapientis
363 3315 398 3370 ab
413 3334 514 3371 earum
527 3315 727 3375 dominatione
741 3318 912 3378 defendunt.
931 3321 973 3378 Et
985 3322 1050 3379 ideo
1064 3322 1195 3382 fortasse
1210 3330 1262 3386 di-

208 3405 280 3452 cunt
295 3415 344 3452 eas
357 3398 389 3453 in
403 3400 565 3471 sapientem
578 3419 639 3456 non
654 3399 759 3456 cadere
772 3399 882 3474 Stoici,
901 3407 971 3480 quia
983 3423 1175 3480 nequaquam
1189 3413 1262 3468 eius

208 3481 397 3554 sapientiam,
412 3499 469 3555 qua
483 3484 586 3556 utique
599 3483 716 3554 sapiens
732 3493 791 3554 est,
806 3486 867 3540 ullo
882 3505 983 3543 errore
997 3487 1186 3563 obnubilant,
1202 3507 1264 3550 aut

160 3573 172 3590 â¶
206 3563 271 3618 labc
285 3565 469 3620 subvertunt.
501 3564 647 3620 Accidunt
659 3575 757 3621 autem
771 3569 869 3623 animo
884 3572 1042 3644 sapientis,
1069 3573 1154 3629 salva
1169 3593 1258 3632 sere-

207 3646 299 3700 nitate
313 3648 485 3720 sapientiac,
499 3656 617 3720 propter
631 3647 681 3702 illa
694 3666 768 3722 quae
780 3650 931 3708 commoda
941 3656 989 3710 vel
1000 3655 1189 3713 incommoda
1201 3677 1262 3734 ap-

205 3729 331 3800 pellant,
345 3730 477 3803 quamvis
492 3747 526 3782 ea
539 3730 636 3784 nolint
650 3728 747 3786 diacre
762 3733 840 3788 bona
853 3736 901 3790 vel
912 3738 997 3793 mala
1024 3734 1100 3792 Nam
1112 3740 1263 3812 profecto

206 3810 232 3863 si
252 3808 337 3866 nihili
354 3809 497 3883 penderet
510 3829 558 3866 eas
580 3829 627 3865 res
642 3813 691 3867 ille
704 3812 909 3890 philosophus,
936 3837 1008 3894 quas
1023 3820 1209 3882 amissurum
1226 3845 1265 3884 se
