2586 4396
243 176 306 236 nu
331 175 546 236 crunnus
574 177 654 237 oar
691 181 769 240 urs.
792 185 880 245 vus.
1025 197 1087 254 233

457 329 521 387 CA
545 331 576 386 P.
619 330 686 388 lx.

90 425 138 480 De
149 445 184 480 en
198 425 377 496 philosophia
387 443 454 495 qnae
465 427 501 477 od
510 427 652 550 veritotpns
660 429 731 500 fidei
741 429 915 487 Christianae
922 439 1034 506 propino

510 513 612 550 neeesse
627 535 633 550 .

103 589 291 662 Quicunque
304 587 398 664 igitur
409 584 573 659 philosophi
587 587 690 646 deDeo
704 609 815 647 summo
828 601 858 648 et
867 611 938 650 vero
950 595 1007 650 ista
1019 612 1086 651 seu-

40 680 162 742 serunt,
192 671 275 746 quod
289 679 319 726 et
332 687 431 725 rerum
444 677 607 726 creatarum
619 673 659 728 sit
672 671 806 747 effector,
820 677 962 732 etlumen
976 695 1086 755 eogno-

40 755 233 825 sceudarum,
249 763 279 810 et
288 755 396 810 bonum
408 751 600 832 agendarum
614 755 690 832 quod
702 757 737 813 ab
750 757 802 814 illo
815 759 899 816 uobis
910 761 950 815 sit
961 769 992 817 et
1003 761 1087 836 prin-

41 841 149 913 cipium
172 849 320 908 naturae,
346 846 376 892 et
392 839 500 893 veritas
520 837 683 910 doetrinae,
711 851 744 896 et·
759 841 884 899 felicitas
904 845 997 915 vitse3
1023 845 1086 901 sive

40 921 191 978 Platonici
207 921 452 978 accommodatius
466 933 685 996 nuncupentur,
710 926 773 983 sive
786 927 935 1000 quodlibet
945 927 1025 984 uliud
1038 945 1085 983 se-

39 1016 101 1061 ctae
127 1023 205 1061 suae
229 1021 339 1061 nomen
358 1005 525 1080 imponaut;
549 1007 613 1064 sive
632 1011 832 1066 tantummodo
845 1009 937 1068 ionici
954 1013 1085 1090 generis,

40 1091 87 1164 qui
101 1091 146 1144 eis
161 1090 319 1164 praecipui
330 1087 464 1161 fixerunt,
489 1091 723 1163 intumuerint,
750 1095 916 1151 sioutidem
928 1094 1027 1167 Plato,
1055 1105 1086 1151 et

40 1176 88 1248 qui
102 1191 173 1229 eum
188 1173 268 1228 bene
281 1173 509 1245 intellexerunt3
534 1173 597 1230 sive
611 1177 699 1232 etiam
711 1175 822 1249 italici,
845 1187 963 1253 propter
975 1177 1084 1252 Pytha·

40 1277 160 1334 goram,
177 1265 209 1312 et
221 1255 461 1334 Pythagoraeos,
481 1259 549 1313 etsi
562 1259 612 1332 qui
625 1259 701 1316 forte
714 1261 766 1316 alii
779 1262 908 1318 eiusdem
921 1262 1085 1318 tententiae

42 1340 205 1396 identidem
217 1340 355 1412 fiserunt3
382 1342 444 1397 sive
457 1343 581 1397 aliarum
600 1359 715 1418 quoque
728 1345 877 1421 gentium,
905 1345 955 1418 qui
968 1346 1084 1417 sapien-

42 1433 89 1479 tes
105 1425 155 1480 vel
165 1422 334 1499 philosophi
347 1423 438 1480 habiti
451 1434 530 1496 sunt,
543 1424 701 1497 Atlantici,
714 1426 832 1503 Lybiei,
845 1428 994 1506 Aegyptii,
1008 1426 1084 1498 Indi,

40 1507 166 1580 Persae,
181 1507 335 1579 Chaldaei,
349 1506 487 1584 Scythae,
502 1508 598 1582 Galli,
613 1508 753 1586 Hispani,
766 1513 875 1588 aliique
888 1512 1084 1586 reperiuntur,

13 1619 14 1622 ¹
42 1594 90 1666 qui
110 1591 167 1648 hoc
187 1593 323 1649 viderint
342 1611 376 1647 ac
401 1592 569 1664 docuerint,
595 1611 645 1650 eos
665 1613 766 1652 omnes
787 1596 910 1654 caeteris
929 1596 1084 1671 auteponi-

42 1695 120 1748 usus,
148 1695 261 1752 eosque
274 1676 360 1732 nobis
380 1678 599 1752 propinquiores
618 1677 752 1736 fatemur.

462 1826 583 1885 CAP.
627 1827 669 1886 X.

73 1927 150 1992 Quas
161 1927 203 1979 sit
211 1927 287 1980 inter
293 1925 495 1994 philosophicos
504 1935 580 1979 ortes
589 1925 714 1996 religiosi
722 1927 882 1982 excellentia
888 1928 1048 1984 Christiani.

99 2019 249 2084 Quamvis
264 2019 345 2074 enim
356 2015 442 2072 homo
454 2015 640 2084 Christianus
659 2018 754 2073 literis
772 2027 887 2076 tautum
905 2023 1082 2078 ecclesiasti·

41 2105 78 2159 eis
88 2103 245 2172 eruditus,
260 2101 481 2157 Platonicorum
494 2101 570 2158 forte
584 2118 692 2157 nomen
705 2102 834 2179 ignoret,
849 2121 904 2159 nee
915 2113 1013 2162 utrum
1027 2105 1083 2162 duo

41 2205 149 2264 genera
166 2183 413 2262 philosophorum
429 2185 599 2241 exstiterint
617 2186 649 2241 in
669 2184 784 2241 Graeca
801 2187 906 2265 lingua
918 2185 1083 2245 lonicorum

42 2282 68 2326 et
77 2271 254 2326 italicorum
268 2271 359 2340 sciat,
374 2286 434 2324 non
447 2279 545 2325 tamen
559 2270 602 2325 ita
615 2268 719 2326 surdus
733 2279 778 2326 est
791 2269 824 2326 in
837 2269 923 2327 rebus
936 2269 1082 2345 humanis,

41 2366 70 2410 ut
82 2356 203 2412 nesciat
214 2351 405 2428 philosophos
418 2354 466 2409 vel
476 2352 604 2410 studium
613 2355 787 2428 sapientiae,
803 2356 849 2411 vel
860 2355 955 2430 ipsam
967 2358 1082 2431 sapien-

42 2440 110 2495 tiam
122 2437 273 2512 profiteri.
310 2436 402 2494 Caret
414 2455 463 2493 eos
477 2446 592 2508 tamen,
606 2439 657 2512 qui
668 2437 827 2493 secuudum
841 2439 984 2495 elementa
998 2437 1082 2494 huius

42 2523 139 2579 muudi
152 2518 416 2597 philosophantur,
439 2539 501 2576 non
515 2519 674 2575 seeundum
687 2519 798 2590 Deum,
813 2537 831 2574 a
844 2538 900 2594 quo
913 2521 975 2594 ipse
986 2521 1082 2576 'incuss

42 2617 85 2662 est
95 2605 236 2663 mundus.
279 2604 460 2660 Admonetur
474 2605 553 2659 enisu
565 2611 720 2676 praecepto
733 2603 918 2676 Apostolico,
942 2595 1082 2658 fideliter'-

41 2709 95 2766 que
108 2685 192 2747 audit
202 2689 283 2765 quod
294 2689 404 2744 dietum
416 2697 475 2744 est:
493 2686 603 2744 Cavete
616 2705 652 2742 ne
666 2686 730 2762 quis
740 2703 793 2746 ont
803 2685 935 2762 decipiat
943 2703 1003 2762 per
1009 2683 1081 2764 pls·-

42 2773 205 2850 losopbiem
225 2775 391 2831 reinonem
409 2771 624 2840 seductionem,
643 2769 801 2826 seeundum
815 2767 959 2828 elementa
971 2769 1080 2827 mnndi.

43 2855 157 2913 Deinde
177 2877 218 2913 ne
241 2874 343 2914 omues
362 2857 436 2911 tales
455 2873 519 2911 esse
538 2853 714 2925 arbitretur,
740 2854 822 2910 audit
835 2853 870 2909 ab
890 2853 990 2912 eodem
1002 2854 1080 2929 Apo·

44 2942 117 2997 stolo
129 2941 190 2997 diei
210 2941 247 2997 de
266 2939 454 3017 quibusdam,
482 2937 562 3008 Quia
580 2939 658 3016 qnod
673 2947 773 2996 notum
792 2947 838 2996 est
851 2935 926 3009 Dei,
953 2937 1081 3010 monife·

43 3035 117 3081 stum
131 3035 180 3082 est
193 3027 224 3082 in
238 3025 318 3080 illis:
333 3021 416 3081 Deos
431 3025 506 3080 enim
519 3023 566 3080 illi
577 3023 798 3094 manifestavit.
822 3018 992 3080 invisibilia
1005 3025 1081 3082 enim

43 3111 103 3164 eins
122 3127 143 3165 a
161 3109 377 3166 constitutione
388 3107 489 3164 mnndi
503 3125 564 3185 per
578 3125 614 3164 en
628 3125 703 3184 qnae
717 3105 815 3176 fecto
835 3116 906 3162 sunt
928 3105 1081 3164 intellecta

44 3193 283 3270 conspiciuntur,
310 3191 493 3266 sempiterno
506 3209 617 3268 qnoque
628 3192 728 3247 os'rtns
742 3193 805 3248 eins
820 3201 850 3248 et
864 3189 1017 3246 divinitas.
1042 3187 1082 3244 Et

42 3276 90 3330 ubi
101 3275 333 3332 Atheniensibus
346 3275 487 3349 loquens,
514 3293 581 3330 cum
592 3291 655 3330 rem
667 3273 853 3351 magnetrude
867 3271 931 3328 Deo
946 3271 1081 3342 dixisset,

44 3369 71 3414 et
84 3377 160 3435 quae
174 3377 191 3415 a
203 3360 306 3434 paucis
326 3358 422 3432 possit
438 3357 583 3435 intelligi,
609 3357 687 3434 qnod
702 3359 733 3412 in
753 3355 805 3412 illo
822 3356 963 3424 vivimus,
988 3371 1083 3409 mooe-

42 3461 105 3499 rnnr
118 3453 150 3502 et
164 3460 282 3519 snmus,·
308 3441 416 3498 adiecit
428 3450 458 3497 et
471 3443 527 3498 sit:
545 3439 631 3498 Sient
644 3449 675 3497 et
686 3440 783 3495 vestri
798 3437 917 3514 qnidam
931 3438 1081 3494 eliserunt.

44 3524 133 3583 Novit
146 3545 220 3583 sane
233 3527 324 3582 etiam
336 3526 435 3599 ipsos,
461 3524 612 3600 inquibus
631 3530 748 3592 cuent,
776 3536 889 3576 cavere.
932 3517 988 3572 Vbi
1005 3517 1083 3573 enim

45 3609 152 3666 dietum
166 3619 226 3682 est,
253 3609 333 3687 qued
347 3627 398 3684 per
412 3627 446 3664 ea
459 3627 532 3684 quae
545 3608 623 3664 facta
636 3613 719 3676 sunt,
743 3603 824 3660 Deus
838 3601 898 3656 illis
911 3595 1081 3655 manifesta-
1167 3647 1173 3654 .

44 3695 87 3750 vit
99 3695 255 3750 intellectu
269 3692 478 3767 conspicienda
491 3691 654 3748 invisibilia
665 3702 735 3758 sua,
748 3685 790 3742 ibi
803 3685 893 3740 etiam
906 3682 1081 3752 dictumest,

47 3793 104 3833 non
117 3779 186 3834 illos
200 3780 299 3852 ipsum
311 3775 408 3834 Deum
419 3785 501 3832 reete
515 3775 658 3844 coluisse,
686 3771 754 3845 quia
767 3777 797 3824 et
809 3768 875 3824 aliis
889 3765 991 3840 rebus,
1018 3769 1080 3846 qui·

49 3859 99 3918 bus
112 3881 171 3921 uon
186 3862 357 3940 oportebat,
384 3857 641 3920 divinosbouores
655 3856 700 3911 illi
713 3854 766 3912 uni
780 3861 893 3910 tannim
908 3850 1018 3910 debitos
1032 3851 1081 3908 de·
