2530 4392
202 221 262 280 298
430 208 528 268 DlVl
548 205 738 266 AVRELll
761 203 1014 264 AVGVSTlNl

203 367 256 426 sed
267 381 363 423 omnes
376 363 630 441 inpoenitentiom
644 358 782 417 concerti.
806 357 907 416 Veniet
922 367 1020 416 entem
1034 359 1102 418 dies
1118 358 1233 418 Domini
1260 357 1261 384 ¹

204 461 238 510 nt
244 450 321 522 for,
335 448 366 504 in
382 464 436 524 qno
449 443 523 502 coeli
536 462 641 519 magno
654 445 763 522 impetn
777 452 1001 500 transcurrent:
1022 443 1177 504 elemento
1189 464 1232 502 oo-
1260 489 1261 492 ι

204 546 261 592 tem
276 531 417 588 ardentia
430 527 629 600 resolventem
647 537 676 583 et
689 536 790 597 terra,
804 535 835 584 et
847 544 920 602 quae
934 527 964 581 in
978 527 1050 602 ipsa
1064 539 1142 585 sunt
1155 548 1232 607 opero

203 624 375 676 exurentur.
401 610 462 670 His
477 630 547 688 ergo
561 609 689 690 omnibns
695 608 906 686 pereuntibus,
925 609 1028 686 prcoles
1043 622 1170 690 oportet
1183 629 1233 669 esee

202 701 298 757 cosin
320 699 434 754 sanctis
453 693 722 752 conversationibus
742 702 962 771 exspectantes,
990 703 1020 750 et
1034 705 1233 772 properanter
1260 721 1261 726 1

203 783 244 842 ad
253 781 460 862 praesentiam
483 777 544 834 diei
555 776 691 847 Domini,
710 794 770 853 per
784 795 869 853 qoam
882 775 956 833 coeli
968 777 1121 836 ardentes
1135 779 1234 836 soloen

204 876 270 936 tur,
288 873 318 921 et
331 863 473 920 elemento
486 862 566 936 ignis
579 859 688 918 ardore
702 857 917 936 decoquentur?
942 855 1040 918 Nouos
1051 880 1130 918 cero
1144 862 1232 930 coelos,

205 959 235 1008 et
249 958 363 1006 terram
376 963 493 1013 novem,
512 943 668 1002 secondom
675 945 828 1020 promisso
840 945 949 1020 iprsios,
970 954 1197 1022 erepectaoeao,
1209 947 1234 999 io
1260 951 1261 1020 j

204 1031 305 1109 quiin
319 1029 423 1086 insitio
438 1025 597 1086 inhabitat.
641 1025 721 1086 Nihil
732 1024 780 1082 hic
794 1026 869 1082 dixit
878 1027 913 1082 de
925 1029 1154 1084 reurrectione
1164 1046 1232 1082 mor·
1260 1077 1261 1080 ,

204 1124 335 1170 tuorum:
363 1111 414 1168 sed
427 1129 498 1168 seue
512 1109 547 1166 de
559 1111 723 1186 perditione
736 1110 838 1168 mundi
850 1109 935 1168 huius
948 1111 1031 1166 sctis.
1079 1110 1144 1168 Vbi
1161 1113 1234 1168 etism

205 1214 434 1255 commemorans
448 1195 556 1251 foetum
571 1205 639 1252 ante
653 1195 808 1266 diluvium,
835 1194 950 1252 videtur
962 1194 1163 1252 admonuisse
1175 1213 1233 1270 quo-

205 1281 270 1348 dam
287 1279 388 1350 ruodo,
415 1287 555 1354 quotenus
569 1281 600 1335 in
613 1277 674 1334 fine
685 1277 773 1335 huius
788 1279 897 1334 soeculi
915 1278 1060 1336 mundum
1073 1277 1169 1335 istum
1180 1297 1234 1352 per-

164 1405 177 1414 -,
204 1367 313 1422 iturum
327 1382 391 1420 csso
405 1362 563 1421 credamus.
607 1361 682 1419 Nem
695 1359 723 1418 e‘t
736 1363 787 1418 illo
800 1371 930 1435 tempore
942 1363 1060 1438 perisse
1076 1361 1176 1434 dixit,
1197 1363 1235 1436 qni

163 1513 165 1518 ,
205 1459 276 1508 tunc
289 1448 364 1518 erit,
390 1445 542 1504 mundum:
570 1465 623 1503 nec
646 1448 740 1502 solum
763 1445 862 1504 orbem
885 1455 998 1516 torres,
1022 1448 1233 1504 verumetiam

207 1533 320 1601 coelos,
338 1549 409 1606 quos
423 1531 525 1604 utique
538 1531 611 1586 istor
624 1531 719 1586 nirios
734 1531 942 1607 intelligimus,
956 1548 1087 1606 quorum
1101 1533 1198 1588 locum
1208 1548 1234 1584 sc

206 1615 330 1690 spatium
341 1623 412 1670 tunc
426 1631 500 1686 nque
513 1614 670 1672 crescendo
683 1623 878 1688 superaverat.
903 1613 983 1690 Ergo
995 1623 1093 1686 totus,
1111 1625 1165 1672 aut
1175 1633 1235 1690 pene
1260 1619 1261 1622 ’

205 1707 286 1756 totus
305 1701 354 1752 eir
368 1697 424 1752 iste
444 1705 601 1766 ventosus,
627 1693 717 1774 (quod
731 1700 843 1756 coelum
855 1699 903 1754 vol
914 1697 1011 1773 potius
1027 1700 1137 1756 coelos
1150 1707 1234 1764 vocnt,

130 1830 135 1841 .
205 1779 339 1838 sedistos
353 1779 554 1852 utiqueimos,
579 1796 638 1836 uon
652 1782 717 1836 illos
730 1799 894 1856 supremos,
918 1781 967 1837 ubi
980 1783 1041 1852 sol,
1072 1792 1106 1838 et
1118 1784 1236 1851 luus,et

206 1863 303 1920 sidere
317 1863 478 1918 constituta
491 1858 595 1938 sunt‚)
624 1882 784 1920 conversus
798 1865 894 1922 fueret
906 1867 937 1921 in
952 1863 1109 1922 humidam
1124 1867 1235 1941 quillto·

206 1959 281 2018 tem3
305 1945 556 2022 etquehocmodo
571 1955 727 2007 conterre
749 1951 892 2022 perierat,
920 1950 1001 2004 cuius
1021 1957 1130 2006 terrae
1148 1951 1236 2024 utique
1260 1969 1261 1982 ι

204 2033 285 2110 prior
298 2030 388 2087 facies
402 2030 497 2088 fueret
510 2029 603 2088 delete
616 2030 736 2088 diluvio.
782 2030 843 2100 Qut
861 2043 959 2090 antem
981 2051 1062 2090 nnnc
1085 2044 1176 2105 sant,
1200 2035 1235 2088 in·

166 2165 167 2168 ,
207 2117 286 2192 quit,
298 2114 372 2174 coeli
385 2123 414 2174 et
428 2123 530 2184 terro,
545 2116 642 2174 eodone
654 2115 740 2174 corbo
753 2117 879 2193 repositi
890 2125 972 2186 sant,
986 2117 1055 2191 igni
1066 2116 1235 2176 reservando

206 2203 237 2258 in
251 2201 327 2258 diem
341 2199 446 2256 indicii
459 2208 488 2258 et
505 2199 688 2275 perditionis
701 2197 846 2256 bominum
859 2201 1021 2279 impiorum.
1049 2197 1185 2258 Proinde
1198 2200 1235 2275 qui

207 2285 297 2352 coeli,
322 2291 351 2338 et
364 2299 438 2358 quse
451 2292 545 2352 terre,
559 2281 589 2336 id
603 2292 663 2354 cet,
678 2283 728 2357 qui
740 2283 880 2354 mundus,
894 2301 991 2358 proco
1005 2282 1122 2338 mundo
1137 2286 1188 2360 qui
1201 2285 1236 2338 di·

205 2367 287 2424 luvio
299 2366 406 2440 periit,
434 2382 472 2421 ex
486 2364 585 2422 endem
598 2384 673 2440 aque
686 2367 831 2440 repositus
847 2376 908 2437 cst,
921 2368 983 2441 ipse
996 2367 1064 2444 igni
1077 2369 1236 2424 novissimo

205 2457 374 2506 reservetur
395 2449 427 2502 in
451 2447 527 2504 disin
549 2449 650 2506 iudicii
663 2458 692 2504 et
708 2448 880 2524 perditionis
899 2449 1051 2506 hominum
1075 2452 1235 2524 impiorum.

205 2531 280 2590 Nam
293 2541 322 2588 et
342 2529 507 2603 hominum,
532 2541 651 2607 propter
663 2551 797 2609 magnam
812 2533 954 2608 quendem
967 2537 1236 2602 commutationem,

206 2635 267 2673 non
289 2616 402 2674 dubitat
424 2615 522 2672 dicere
543 2615 737 2689 perditionem
758 2615 900 2688 futurem3
927 2635 991 2673 cum
1006 2625 1109 2673 temen
1131 2638 1236 2677 eorum.

206 2703 338 2777 quemvis
352 2701 383 2755 in
397 2701 525 2756 aeternis
537 2701 660 2774 poenis,
674 2708 708 2754 ut
719 2717 855 2756 mensure
868 2709 981 2758 natura.
1004 2701 1141 2766 Quaeret
1155 2703 1235 2760 lorei-

205 2794 256 2842 tsn
270 2785 403 2858 aliquis„
418 2785 443 2840 si
456 2791 523 2857 post
538 2783 648 2840 factum
661 2781 801 2842 iudicium
813 2783 937 2840 mundus
949 2784 1006 2839 iste
1019 2783 1157 2857 ardebit,
1176 2797 1235 2842 ante

205 2887 290 2942 quem
301 2871 355 2940 ‘pro
369 2867 420 2922 illo
436 2868 548 2924 coelum
559 2885 685 2938 novum,
708 2875 737 2924 et
749 2876 829 2923 terre
841 2885 918 2924 novo
929 2877 1110 2941 reponetur,
1131 2889 1169 2926 eo
1182 2872 1235 2944 ipsc
1260 2929 1261 2938 χ

205 2960 334 3023 tempore
348 2946 586 3025 conflagrationis
600 2950 663 3007 eius
676 2951 726 3008 ubi
739 2960 826 3009 erunt
838 2953 946 3021 sancti,
960 2968 1050 3026 quum
1065 2971 1117 3008 eos
1132 2952 1234 3012 baber—
1260 2941 1261 2964 ¹

205 3042 249 3088 tes
264 3049 388 3104 corporo
400 3033 543 3106 ineliquo
557 3035 700 3107 corporali
712 3037 776 3092 loco
790 3053 852 3090 esse
866 3052 984 3090 necesse
998 3035 1047 3092 eit.
1079 3034 1234 3094 Possumne

203 3113 398 3190 respondere,
424 3111 539 3172 futuros
552 3133 601 3174 eos
616 3135 680 3173 esse
693 3119 725 3176 in
738 3118 932 3194 superioribus
944 3119 1099 3192 portibus,
1129 3139 1187 3196 quo
1199 3123 1233 3176 its

203 3217 263 3258 nou
277 3197 434 3258 adscendet
447 3196 562 3258 flemme
574 3201 653 3258 illius
666 3201 813 3274 incendii,
836 3201 1078 3279 quemadmodum
1091 3223 1150 3261 nee
1163 3202 1233 3260 unde

204 3283 317 3344 diluvii.
342 3282 427 3340 Tulin
440 3275 545 3360 quippe
558 3287 616 3342 illis
628 3289 748 3344 inerunt
760 3303 892 3360 corpore,
905 3295 937 3342 ut
948 3287 1010 3342 illic
1025 3288 1099 3359 sint,
1114 3289 1166 3346 ubi
1176 3305 1232 3343 esse

202 3369 358 3444 voluerint.
399 3365 459 3426 Sed
480 3387 536 3426 neo
552 3371 652 3448 ignem
671 3369 912 3448 conflagrationis
929 3371 1008 3428 illius
1025 3374 1232 3445 pertimescent

203 3454 381 3511 immortales
395 3461 483 3527 etque
496 3453 714 3528 incoruptibiles
728 3454 815 3510 lecti:
833 3455 909 3510 siout
920 3455 1056 3512 virorum
1068 3458 1164 3514 trium
1174 3473 1230 3512 eor·

203 3536 352 3612 reptibilia
366 3553 489 3610 corporo
501 3546 588 3613 utque
606 3539 755 3610 mortalis,
781 3540 811 3594 in
826 3537 939 3596 csm’no
952 3537 1072 3597 ardenti
1085 3541 1188 3600 vivere
1200 3539 1228 3594 il-

203 3621 282 3677 lsese
295 3628 459 3696 potuerunt.
