<?xml version="1.0" encoding="UTF-8"?>
<!DOCTYPE html PUBLIC "-//W3C//DTD XHTML 1.0 Transitional//EN"
    "http://www.w3.org/TR/xhtml1/DTD/xhtml1-transitional.dtd">
<html xmlns="http://www.w3.org/1999/xhtml" xml:lang="en" lang="en">
 <head>
  <title>
</title>
<meta http-equiv="Content-Type" content="text/html;charset=utf-8" />
  <meta name='ocr-system' content='tesseract 3.04.00' />
  <meta name='ocr-capabilities' content='ocr_page ocr_carea ocr_par ocr_line ocrx_word'/>
</head>
<body>
  <div class='ocr_page' id='page_1' title='image "./saureliiaugusti02augugoog_0507.png"; bbox 0 0 2586 4396; ppageno 0'>
   <div class='ocr_carea' id='block_1_1' title="bbox 224 149 1019 254">
    <p class='ocr_par' dir='ltr' id='par_1_1' title="bbox 224 149 1019 254">
     <span class='ocr_line' id='line_1_1' title="bbox 224 149 1019 254; baseline -0.026 0"><span class='ocrx_word' id='word_1_1' title='bbox 224 196 262 254; x_wconf 82' lang='lat' dir='ltr'><strong>ro</strong></span> <span class='ocrx_word' id='word_1_2' title='bbox 440 149 546 246; x_wconf 84' lang='lat' dir='ltr'><strong>¹orvr</strong></span> <span class='ocrx_word' id='word_1_3' title='bbox 567 180 752 242; x_wconf 78' lang='lat' dir='ltr'><strong>svuuun</strong></span> <span class='ocrx_word' id='word_1_4' title='bbox 774 177 1019 238; x_wconf 76' lang='lat' dir='ltr'><strong>svovsrnur</strong></span> 
     </span>
    </p>
   </div>
   <div class='ocr_carea' id='block_1_2' title="bbox 224 328 1245 1402">
    <p class='ocr_par' dir='ltr' id='par_1_2' title="bbox 224 328 1245 1402">
     <span class='ocr_line' id='line_1_2' title="bbox 224 328 1242 421; baseline -0.013 -18"><span class='ocrx_word' id='word_1_5' title='bbox 224 352 373 421; x_wconf 83' lang='lat' dir='ltr'><strong>reporctce</strong></span> <span class='ocrx_word' id='word_1_6' title='bbox 387 347 467 396; x_wconf 88' lang='lat' dir='ltr'><strong>sunt:</strong></span> <span class='ocrx_word' id='word_1_7' title='bbox 488 336 539 393; x_wconf 88' lang='lat' dir='ltr'><strong>sed</strong></span> <span class='ocrx_word' id='word_1_8' title='bbox 551 334 631 392; x_wconf 88' lang='lat' dir='ltr'><strong>eliud</strong></span> <span class='ocrx_word' id='word_1_9' title='bbox 644 335 721 390; x_wconf 85' lang='lat' dir='ltr'><strong>dicct</strong></span> <span class='ocrx_word' id='word_1_10' title='bbox 735 331 859 407; x_wconf 77' lang='lat' dir='ltr'><strong>aliquid,</strong></span> <span class='ocrx_word' id='word_1_11' title='bbox 874 329 949 406; x_wconf 84' lang='lat' dir='ltr'><strong>quod</strong></span> <span class='ocrx_word' id='word_1_12' title='bbox 959 348 977 386; x_wconf 85' lang='lat' dir='ltr'><strong>c</strong></span> <span class='ocrx_word' id='word_1_13' title='bbox 989 328 1057 386; x_wconf 89' lang='lat' dir='ltr'><strong>fidei</strong></span> <span class='ocrx_word' id='word_1_14' title='bbox 1069 332 1173 409; x_wconf 82' lang='lat' dir='ltr'><strong>regule</strong></span> <span class='ocrx_word' id='word_1_15' title='bbox 1186 351 1242 390; x_wconf 90' lang='lat' dir='ltr'><strong>non</strong></span> 
     </span>
     <span class='ocr_line' id='line_1_3' title="bbox 225 414 1241 496; baseline -0.013 -10"><span class='ocrx_word' id='word_1_16' title='bbox 225 431 264 486; x_wconf 89' lang='lat' dir='ltr'><strong>sit</strong></span> <span class='ocrx_word' id='word_1_17' title='bbox 276 429 409 484; x_wconf 81' lang='lat' dir='ltr'><strong>alienum.</strong></span> <span class='ocrx_word' id='word_1_18' title='bbox 453 420 528 478; x_wconf 85' lang='lat' dir='ltr'><strong>Nom</strong></span> <span class='ocrx_word' id='word_1_19' title='bbox 545 421 681 496; x_wconf 80' lang='lat' dir='ltr'><strong>quonism</strong></span> <span class='ocrx_word' id='word_1_20' title='bbox 698 435 757 473; x_wconf 89' lang='lat' dir='ltr'><strong>non</strong></span> <span class='ocrx_word' id='word_1_21' title='bbox 774 417 850 472; x_wconf 78' lang='lat' dir='ltr'><strong>solus</strong></span> <span class='ocrx_word' id='word_1_22' title='bbox 868 416 900 470; x_wconf 91' lang='lat' dir='ltr'><strong>in</strong></span> <span class='ocrx_word' id='word_1_23' title='bbox 917 414 1106 472; x_wconf 77' lang='lat' dir='ltr'><strong>inferioribus</strong></span> <span class='ocrx_word' id='word_1_24' title='bbox 1118 419 1241 474; x_wconf 83' lang='lat' dir='ltr'><strong>mensio-</strong></span> 
     </span>
     <span class='ocr_line' id='line_1_4' title="bbox 225 495 1242 575; baseline -0.013 -5"><span class='ocrx_word' id='word_1_25' title='bbox 225 530 276 570; x_wconf 87' lang='lat' dir='ltr'><strong>nes</strong></span> <span class='ocrx_word' id='word_1_26' title='bbox 288 509 393 566; x_wconf 84' lang='lat' dir='ltr'><strong>hebere</strong></span> <span class='ocrx_word' id='word_1_27' title='bbox 406 523 503 564; x_wconf 80' lang='lat' dir='ltr'><strong>urcem</strong></span> <span class='ocrx_word' id='word_1_28' title='bbox 515 504 622 575; x_wconf 83' lang='lat' dir='ltr'><strong>uoluit,</strong></span> <span class='ocrx_word' id='word_1_29' title='bbox 639 519 740 560; x_wconf 83' lang='lat' dir='ltr'><strong>verum</strong></span> <span class='ocrx_word' id='word_1_30' title='bbox 754 501 840 556; x_wconf 80' lang='lat' dir='ltr'><strong>etiam</strong></span> <span class='ocrx_word' id='word_1_31' title='bbox 853 500 885 554; x_wconf 87' lang='lat' dir='ltr'><strong>in</strong></span> <span class='ocrx_word' id='word_1_32' title='bbox 898 498 1107 574; x_wconf 87' lang='lat' dir='ltr'><strong>superioribus,</strong></span> <span class='ocrx_word' id='word_1_33' title='bbox 1130 506 1159 554; x_wconf 90' lang='lat' dir='ltr'><strong>et</strong></span> <span class='ocrx_word' id='word_1_34' title='bbox 1170 495 1242 557; x_wconf 84' lang='lat' dir='ltr'><strong>boec</strong></span> 
     </span>
     <span class='ocr_line' id='line_1_5' title="bbox 224 583 1242 669; baseline -0.01 -19"><span class='ocrx_word' id='word_1_35' title='bbox 224 592 379 669; x_wconf 71' lang='lat' dir='ltr'><strong>appellarit</strong></span> <span class='ocrx_word' id='word_1_36' title='bbox 392 591 591 658; x_wconf 72' lang='lat' dir='ltr'><strong>tricameruts3</strong></span> <span class='ocrx_word' id='word_1_37' title='bbox 614 596 646 644; x_wconf 94' lang='lat' dir='ltr'><strong>ut</strong></span> <span class='ocrx_word' id='word_1_38' title='bbox 660 585 695 642; x_wconf 83' lang='lat' dir='ltr'><strong>ob</strong></span> <span class='ocrx_word' id='word_1_39' title='bbox 708 586 766 640; x_wconf 88' lang='lat' dir='ltr'><strong>imo</strong></span> <span class='ocrx_word' id='word_1_40' title='bbox 780 599 896 640; x_wconf 88' lang='lat' dir='ltr'><strong>sursum</strong></span> <span class='ocrx_word' id='word_1_41' title='bbox 907 600 1011 640; x_wconf 85' lang='lat' dir='ltr'><strong>versus</strong></span> <span class='ocrx_word' id='word_1_42' title='bbox 1025 583 1114 640; x_wconf 85' lang='lat' dir='ltr'><strong>tertis</strong></span> <span class='ocrx_word' id='word_1_43' title='bbox 1125 597 1242 640; x_wconf 87' lang='lat' dir='ltr'><strong>consur-</strong></span> 
     </span>
     <span class='ocr_line' id='line_1_6' title="bbox 225 667 1243 756; baseline -0.01 -23"><span class='ocrx_word' id='word_1_44' title='bbox 225 686 309 756; x_wconf 89' lang='lat' dir='ltr'><strong>geret</strong></span> <span class='ocrx_word' id='word_1_45' title='bbox 320 674 469 732; x_wconf 82' lang='lat' dir='ltr'><strong>hebitutio.</strong></span> <span class='ocrx_word' id='word_1_46' title='bbox 499 671 628 728; x_wconf 76' lang='lat' dir='ltr'><strong>Possunt</strong></span> <span class='ocrx_word' id='word_1_47' title='bbox 639 669 687 726; x_wconf 90' lang='lat' dir='ltr'><strong>bio</strong></span> <span class='ocrx_word' id='word_1_48' title='bbox 699 669 827 746; x_wconf 76' lang='lat' dir='ltr'><strong>intelligi</strong></span> <span class='ocrx_word' id='word_1_49' title='bbox 840 676 870 724; x_wconf 91' lang='lat' dir='ltr'><strong>et</strong></span> <span class='ocrx_word' id='word_1_50' title='bbox 882 667 932 724; x_wconf 90' lang='lat' dir='ltr'><strong>illu</strong></span> <span class='ocrx_word' id='word_1_51' title='bbox 945 667 1003 722; x_wconf 84' lang='lat' dir='ltr'><strong>trie</strong></span> <span class='ocrx_word' id='word_1_52' title='bbox 1015 683 1091 742; x_wconf 79' lang='lat' dir='ltr'><strong>quae</strong></span> <span class='ocrx_word' id='word_1_53' title='bbox 1103 683 1227 724; x_wconf 87' lang='lat' dir='ltr'><strong>commen</strong></span> <span class='ocrx_word' id='word_1_54' title='bbox 1239 703 1243 712; x_wconf 85' lang='lat'>-</span> 
     </span>
     <span class='ocr_line' id='line_1_7' title="bbox 225 749 1245 834; baseline -0.009 -18"><span class='ocrx_word' id='word_1_55' title='bbox 225 759 274 819; x_wconf 89' lang='lat' dir='ltr'><strong>dut</strong></span> <span class='ocrx_word' id='word_1_56' title='bbox 283 759 451 834; x_wconf 72' lang='lat' dir='ltr'>Apostolus,</span> <span class='ocrx_word' id='word_1_57' title='bbox 471 754 559 826; x_wconf 90' lang='lat' dir='ltr'><strong>fides,</strong></span> <span class='ocrx_word' id='word_1_58' title='bbox 580 773 662 828; x_wconf 84' lang='lat' dir='ltr'><strong>spes,</strong></span> <span class='ocrx_word' id='word_1_59' title='bbox 677 754 792 810; x_wconf 78' lang='lat' dir='ltr'><strong>conitus.</strong></span> <span class='ocrx_word' id='word_1_60' title='bbox 835 749 961 808; x_wconf 88' lang='lat' dir='ltr'><strong>Possunt</strong></span> <span class='ocrx_word' id='word_1_61' title='bbox 974 750 1061 806; x_wconf 81' lang='lat' dir='ltr'><strong>etium</strong></span> <span class='ocrx_word' id='word_1_62' title='bbox 1073 751 1162 808; x_wconf 87' lang='lat' dir='ltr'><strong>multo</strong></span> <span class='ocrx_word' id='word_1_63' title='bbox 1176 769 1245 808; x_wconf 91' lang='lat' dir='ltr'><strong>con-</strong></span> 
     </span>
     <span class='ocr_line' id='line_1_8' title="bbox 225 834 1244 914; baseline -0.012 -12"><span class='ocrx_word' id='word_1_64' title='bbox 225 843 389 902; x_wconf 83' lang='lat' dir='ltr'><strong>venientius</strong></span> <span class='ocrx_word' id='word_1_65' title='bbox 402 850 463 898; x_wconf 88' lang='lat' dir='ltr'><strong>tres</strong></span> <span class='ocrx_word' id='word_1_66' title='bbox 478 841 544 896; x_wconf 80' lang='lat' dir='ltr'><strong>illae</strong></span> <span class='ocrx_word' id='word_1_67' title='bbox 559 839 705 896; x_wconf 75' lang='lat' dir='ltr'><strong>ubertates</strong></span> <span class='ocrx_word' id='word_1_68' title='bbox 719 834 932 914; x_wconf 79' lang='lat' dir='ltr'><strong>Evangelicse,</strong></span> <span class='ocrx_word' id='word_1_69' title='bbox 945 835 1074 905; x_wconf 80' lang='lat' dir='ltr'><strong>nicene,</strong></span> <span class='ocrx_word' id='word_1_70' title='bbox 1086 850 1244 912; x_wconf 74' lang='lat' dir='ltr'><strong>sexageno,</strong></span> 
     </span>
     <span class='ocr_line' id='line_1_9' title="bbox 226 916 1244 996; baseline -0.013 -10"><span class='ocrx_word' id='word_1_71' title='bbox 226 937 365 995; x_wconf 81' lang='lat' dir='ltr'><strong>centene3</strong></span> <span class='ocrx_word' id='word_1_72' title='bbox 387 933 420 980; x_wconf 93' lang='lat' dir='ltr'><strong>ut</strong></span> <span class='ocrx_word' id='word_1_73' title='bbox 432 922 533 980; x_wconf 85' lang='lat' dir='ltr'><strong>infimo</strong></span> <span class='ocrx_word' id='word_1_74' title='bbox 546 921 658 978; x_wconf 79' lang='lat' dir='ltr'><strong>habitet</strong></span> <span class='ocrx_word' id='word_1_75' title='bbox 669 919 808 995; x_wconf 76' lang='lat' dir='ltr'><strong>pudicitia</strong></span> <span class='ocrx_word' id='word_1_76' title='bbox 822 919 1001 996; x_wconf 74' lang='lat' dir='ltr'><strong>coniugalis,</strong></span> <span class='ocrx_word' id='word_1_77' title='bbox 1015 935 1101 993; x_wconf 84' lang='lat' dir='ltr'><strong>supre</strong></span> <span class='ocrx_word' id='word_1_78' title='bbox 1112 916 1244 987; x_wconf 81' lang='lat' dir='ltr'><strong>vidualis,</strong></span> 
     </span>
     <span class='ocr_line' id='line_1_10' title="bbox 225 999 1244 1085; baseline -0.011 -17"><span class='ocrx_word' id='word_1_79' title='bbox 225 1021 310 1085; x_wconf 82' lang='lat' dir='ltr'><strong>utque</strong></span> <span class='ocrx_word' id='word_1_80' title='bbox 324 1007 376 1064; x_wconf 83' lang='lat' dir='ltr'><strong>hec</strong></span> <span class='ocrx_word' id='word_1_81' title='bbox 389 1008 520 1082; x_wconf 82' lang='lat' dir='ltr'><strong>superior</strong></span> <span class='ocrx_word' id='word_1_82' title='bbox 534 1007 701 1083; x_wconf 75' lang='lat' dir='ltr'><strong>virginalis:</strong></span> <span class='ocrx_word' id='word_1_83' title='bbox 717 1012 746 1058; x_wconf 94' lang='lat' dir='ltr'><strong>et</strong></span> <span class='ocrx_word' id='word_1_84' title='bbox 759 1001 864 1079; x_wconf 84' lang='lat' dir='ltr'><strong>siquid</strong></span> <span class='ocrx_word' id='word_1_85' title='bbox 877 1003 979 1058; x_wconf 87' lang='lat' dir='ltr'><strong>melius</strong></span> <span class='ocrx_word' id='word_1_86' title='bbox 995 999 1151 1058; x_wconf 84' lang='lat' dir='ltr'><strong>secundum</strong></span> <span class='ocrx_word' id='word_1_87' title='bbox 1163 1000 1244 1058; x_wconf 85' lang='lat' dir='ltr'><strong>fidem</strong></span> 
     </span>
     <span class='ocr_line' id='line_1_11' title="bbox 226 1083 1245 1167; baseline -0.013 -15"><span class='ocrx_word' id='word_1_88' title='bbox 226 1093 359 1152; x_wconf 77' lang='lat' dir='ltr'><strong>Civitatis</strong></span> <span class='ocrx_word' id='word_1_89' title='bbox 376 1090 461 1148; x_wconf 82' lang='lat' dir='ltr'><strong>huius</strong></span> <span class='ocrx_word' id='word_1_90' title='bbox 481 1091 608 1167; x_wconf 78' lang='lat' dir='ltr'><strong>intelligi</strong></span> <span class='ocrx_word' id='word_1_91' title='bbox 626 1098 655 1144; x_wconf 92' lang='lat' dir='ltr'><strong>et</strong></span> <span class='ocrx_word' id='word_1_92' title='bbox 673 1088 730 1143; x_wconf 89' lang='lat' dir='ltr'><strong>dici</strong></span> <span class='ocrx_word' id='word_1_93' title='bbox 748 1095 853 1161; x_wconf 84' lang='lat' dir='ltr'><strong>potest.</strong></span> <span class='ocrx_word' id='word_1_94' title='bbox 895 1083 959 1144; x_wconf 85' lang='lat' dir='ltr'><strong>Hoc</strong></span> <span class='ocrx_word' id='word_1_95' title='bbox 979 1087 1067 1142; x_wconf 82' lang='lat' dir='ltr'><strong>etium</strong></span> <span class='ocrx_word' id='word_1_96' title='bbox 1079 1083 1114 1140; x_wconf 92' lang='lat' dir='ltr'><strong>de</strong></span> <span class='ocrx_word' id='word_1_97' title='bbox 1127 1085 1245 1141; x_wconf 78' lang='lat' dir='ltr'><strong>coeteris</strong></span> 
     </span>
     <span class='ocr_line' id='line_1_12' title="bbox 226 1167 1245 1253; baseline -0.01 -19"><span class='ocrx_word' id='word_1_98' title='bbox 226 1195 298 1253; x_wconf 83' lang='lat' dir='ltr'><strong>quse</strong></span> <span class='ocrx_word' id='word_1_99' title='bbox 310 1175 358 1234; x_wconf 91' lang='lat' dir='ltr'><strong>bic</strong></span> <span class='ocrx_word' id='word_1_100' title='bbox 371 1173 543 1249; x_wconf 79' lang='lat' dir='ltr'><strong>exponendo</strong></span> <span class='ocrx_word' id='word_1_101' title='bbox 556 1183 641 1244; x_wconf 89' lang='lat' dir='ltr'><strong>sunt,</strong></span> <span class='ocrx_word' id='word_1_102' title='bbox 656 1171 791 1242; x_wconf 82' lang='lat' dir='ltr'><strong>dixerim,</strong></span> <span class='ocrx_word' id='word_1_103' title='bbox 805 1171 873 1245; x_wconf 83' lang='lat' dir='ltr'><strong>quie</strong></span> <span class='ocrx_word' id='word_1_104' title='bbox 885 1170 941 1226; x_wconf 88' lang='lat' dir='ltr'><strong>etsi</strong></span> <span class='ocrx_word' id='word_1_105' title='bbox 955 1187 1014 1226; x_wconf 90' lang='lat' dir='ltr'><strong>non</strong></span> <span class='ocrx_word' id='word_1_106' title='bbox 1027 1187 1087 1226; x_wconf 91' lang='lat' dir='ltr'><strong>uuo</strong></span> <span class='ocrx_word' id='word_1_107' title='bbox 1099 1167 1245 1224; x_wconf 87' lang='lat' dir='ltr'><strong>disserun-</strong></span> 
     </span>
     <span class='ocr_line' id='line_1_13' title="bbox 225 1251 1245 1330; baseline -0.011 -12"><span class='ocrx_word' id='word_1_108' title='bbox 225 1271 273 1318; x_wconf 85' lang='lat' dir='ltr'><strong>tur</strong></span> <span class='ocrx_word' id='word_1_109' title='bbox 287 1258 386 1330; x_wconf 90' lang='lat' dir='ltr'><strong>modo,</strong></span> <span class='ocrx_word' id='word_1_110' title='bbox 412 1258 449 1314; x_wconf 82' lang='lat' dir='ltr'><strong>ed</strong></span> <span class='ocrx_word' id='word_1_111' title='bbox 470 1275 555 1316; x_wconf 85' lang='lat' dir='ltr'><strong>unum</strong></span> <span class='ocrx_word' id='word_1_112' title='bbox 575 1269 673 1314; x_wconf 79' lang='lat' dir='ltr'><strong>tamen</strong></span> <span class='ocrx_word' id='word_1_113' title='bbox 694 1253 856 1312; x_wconf 78' lang='lat' dir='ltr'><strong>catholicae</strong></span> <span class='ocrx_word' id='word_1_114' title='bbox 873 1252 941 1312; x_wconf 87' lang='lat' dir='ltr'><strong>lidci</strong></span> <span class='ocrx_word' id='word_1_115' title='bbox 961 1251 1142 1312; x_wconf 77' lang='lat' dir='ltr'><strong>concordium</strong></span> <span class='ocrx_word' id='word_1_116' title='bbox 1159 1270 1245 1308; x_wconf 84' lang='lat' dir='ltr'><strong>revo-</strong></span> 
     </span>
     <span class='ocr_line' id='line_1_14' title="bbox 227 1345 410 1402; baseline -0.005 -2"><span class='ocrx_word' id='word_1_117' title='bbox 227 1345 319 1402; x_wconf 83' lang='lat' dir='ltr'><strong>esndo</strong></span> <span class='ocrx_word' id='word_1_118' title='bbox 332 1351 410 1402; x_wconf 88' lang='lat' dir='ltr'><strong>suut.</strong></span> 
     </span>
    </p>
   </div>
   <div class='ocr_carea' id='block_1_3' title="bbox 571 1419 911 1486">
    <p class='ocr_par' dir='ltr' id='par_1_3' title="bbox 571 1419 911 1486">
     <span class='ocr_line' id='line_1_15' title="bbox 571 1419 911 1486; baseline -0.021 0"><span class='ocrx_word' id='word_1_119' title='bbox 571 1424 636 1486; x_wconf 80' lang='lat' dir='ltr'><strong>CA</strong></span> <span class='ocrx_word' id='word_1_120' title='bbox 663 1423 692 1482; x_wconf 89' lang='grc' dir='ltr'><strong>Ρ.</strong></span> <span class='ocrx_word' id='word_1_121' title='bbox 735 1419 911 1480; x_wconf 85' lang='lat' dir='ltr'><strong>xxvlt.</strong></span> 
     </span>
    </p>
   </div>
   <div class='ocr_carea' id='block_1_4' title="bbox 199 1516 1265 3927">
    <p class='ocr_par' dir='ltr' id='par_1_4' title="bbox 224 1516 1249 1735">
     <span class='ocr_line' id='line_1_16' title="bbox 224 1516 1249 1592; baseline -0.009 -14"><span class='ocrx_word' id='word_1_122' title='bbox 224 1522 268 1578; x_wconf 85' lang='lat' dir='ltr'><strong>De</strong></span> <span class='ocrx_word' id='word_1_123' title='bbox 281 1540 347 1578; x_wconf 85' lang='lat' dir='ltr'><strong>orca</strong></span> <span class='ocrx_word' id='word_1_124' title='bbox 361 1533 441 1592; x_wconf 82' lang='lat' dir='ltr'><strong>ctpuc</strong></span> <span class='ocrx_word' id='word_1_125' title='bbox 456 1523 569 1586; x_wconf 79' lang='lat' dir='ltr'><strong>dilucio,</strong></span> <span class='ocrx_word' id='word_1_126' title='bbox 587 1539 635 1576; x_wconf 81' lang='lat' dir='ltr'><strong>nec</strong></span> <span class='ocrx_word' id='word_1_127' title='bbox 644 1521 699 1574; x_wconf 81' lang='lat' dir='ltr'><strong>illis</strong></span> <span class='ocrx_word' id='word_1_128' title='bbox 710 1535 764 1573; x_wconf 83' lang='lat' dir='ltr'><strong>estc</strong></span> <span class='ocrx_word' id='word_1_129' title='bbox 779 1518 1007 1583; x_wconf 74' lang='lat' dir='ltr'><strong>consentiendum,</strong></span> <span class='ocrx_word' id='word_1_130' title='bbox 1026 1518 1072 1588; x_wconf 80' lang='lat' dir='ltr'><strong>qui</strong></span> <span class='ocrx_word' id='word_1_131' title='bbox 1081 1519 1161 1578; x_wconf 80' lang='lat' dir='ltr'><strong>solum</strong></span> <span class='ocrx_word' id='word_1_132' title='bbox 1170 1516 1249 1570; x_wconf 80' lang='lat' dir='ltr'><strong>bitte·</strong></span> 
     </span>
     <span class='ocr_line' id='line_1_17' title="bbox 225 1587 1249 1661; baseline -0.008 -15"><span class='ocrx_word' id='word_1_133' title='bbox 225 1593 295 1646; x_wconf 80' lang='lat' dir='ltr'><strong>riom</strong></span> <span class='ocrx_word' id='word_1_134' title='bbox 305 1592 441 1661; x_wconf 80' lang='lat' dir='ltr'><strong>recipiunt</strong></span> <span class='ocrx_word' id='word_1_135' title='bbox 450 1592 507 1646; x_wconf 82' lang='lat' dir='ltr'><strong>tine</strong></span> <span class='ocrx_word' id='word_1_136' title='bbox 517 1595 569 1645; x_wconf 84' lang='lat' dir='ltr'><strong>alle</strong></span> <span class='ocrx_word' id='word_1_137' title='bbox 589 1591 663 1644; x_wconf 81' lang='lat' dir='ltr'><strong>orico</strong></span> <span class='ocrx_word' id='word_1_138' title='bbox 678 1589 891 1661; x_wconf 77' lang='lat' dir='ltr'><strong>significatione,</strong></span> <span class='ocrx_word' id='word_1_139' title='bbox 911 1605 959 1642; x_wconf 83' lang='lat' dir='ltr'><strong>nec</strong></span> <span class='ocrx_word' id='word_1_140' title='bbox 970 1588 1088 1658; x_wconf 71' lang='lat' dir='ltr'><strong>illisqui</strong></span> <span class='ocrx_word' id='word_1_141' title='bbox 1100 1590 1169 1641; x_wconf 80' lang='lat' dir='ltr'><strong>solas</strong></span> <span class='ocrx_word' id='word_1_142' title='bbox 1177 1587 1249 1658; x_wconf 81' lang='lat' dir='ltr'><strong>figu-</strong></span> 
     </span>
     <span class='ocr_line' id='line_1_18' title="bbox 423 1610 1055 1735; baseline -0.006 -21"><span class='ocrx_word' id='word_1_143' title='bbox 423 1675 469 1716; x_wconf 80' lang='grc' dir='ltr'><strong>ιιι</strong></span> <span class='ocrx_word' id='word_1_144' title='bbox 480 1610 627 1735; x_wconf 73' lang='lat' dir='ltr'><strong>defendbct</strong></span> <span class='ocrx_word' id='word_1_145' title='bbox 635 1660 781 1730; x_wconf 82' lang='lat' dir='ltr'><strong>repudiato</strong></span> <span class='ocrx_word' id='word_1_146' title='bbox 790 1659 921 1712; x_wconf 75' lang='lat' dir='ltr'><strong>historica</strong></span> <span class='ocrx_word' id='word_1_147' title='bbox 931 1659 1055 1712; x_wconf 77' lang='lat' dir='ltr'><strong>veritate.</strong></span> 
     </span>
    </p>

    <p class='ocr_par' dir='ltr' id='par_1_5' title="bbox 199 1753 1256 2921">
     <span class='ocr_line' id='line_1_19' title="bbox 288 1753 1249 1839; baseline -0.006 -21"><span class='ocrx_word' id='word_1_148' title='bbox 288 1759 355 1818; x_wconf 90' lang='lat' dir='ltr'><strong>Non</strong></span> <span class='ocrx_word' id='word_1_149' title='bbox 368 1769 466 1818; x_wconf 83' lang='lat' dir='ltr'><strong>temen</strong></span> <span class='ocrx_word' id='word_1_150' title='bbox 480 1761 631 1839; x_wconf 75' lang='lat' dir='ltr'><strong>quisquam</strong></span> <span class='ocrx_word' id='word_1_151' title='bbox 644 1769 748 1835; x_wconf 84' lang='lat' dir='ltr'><strong>putere</strong></span> <span class='ocrx_word' id='word_1_152' title='bbox 767 1759 866 1832; x_wconf 87' lang='lat' dir='ltr'><strong>debet,</strong></span> <span class='ocrx_word' id='word_1_153' title='bbox 892 1753 943 1816; x_wconf 85' lang='lat' dir='ltr'><strong>cut</strong></span> <span class='ocrx_word' id='word_1_154' title='bbox 964 1756 1073 1815; x_wconf 73' lang='lat' dir='ltr'><strong>frustra</strong></span> <span class='ocrx_word' id='word_1_155' title='bbox 1096 1754 1165 1814; x_wconf 80' lang='lat' dir='ltr'><strong>baec</strong></span> <span class='ocrx_word' id='word_1_156' title='bbox 1188 1774 1249 1812; x_wconf 86' lang='lat' dir='ltr'><strong>esse</strong></span> 
     </span>
     <span class='ocr_line' id='line_1_20' title="bbox 227 1841 1249 1922; baseline -0.006 -22"><span class='ocrx_word' id='word_1_157' title='bbox 227 1845 407 1918; x_wconf 77' lang='lat' dir='ltr'><strong>conscripta,</strong></span> <span class='ocrx_word' id='word_1_158' title='bbox 433 1853 485 1902; x_wconf 84' lang='lat' dir='ltr'><strong>out</strong></span> <span class='ocrx_word' id='word_1_159' title='bbox 498 1841 699 1900; x_wconf 78' lang='lat' dir='ltr'><strong>tautummodo</strong></span> <span class='ocrx_word' id='word_1_160' title='bbox 722 1861 820 1900; x_wconf 88' lang='lat' dir='ltr'><strong>rerum</strong></span> <span class='ocrx_word' id='word_1_161' title='bbox 841 1852 991 1922; x_wconf 79' lang='lat' dir='ltr'><strong>gestorum</strong></span> <span class='ocrx_word' id='word_1_162' title='bbox 1012 1843 1165 1899; x_wconf 80' lang='lat' dir='ltr'><strong>veritatem</strong></span> <span class='ocrx_word' id='word_1_163' title='bbox 1186 1842 1249 1896; x_wconf 90' lang='lat' dir='ltr'><strong>sine</strong></span> 
     </span>
     <span class='ocr_line' id='line_1_21' title="bbox 227 1924 1251 2005; baseline -0.007 -21"><span class='ocrx_word' id='word_1_164' title='bbox 227 1929 294 1984; x_wconf 89' lang='lat' dir='ltr'><strong>ullis</strong></span> <span class='ocrx_word' id='word_1_165' title='bbox 313 1928 479 2005; x_wconf 77' lang='lat' dir='ltr'><strong>allegoricis</strong></span> <span class='ocrx_word' id='word_1_166' title='bbox 496 1925 762 2005; x_wconf 80' lang='lat' dir='ltr'><strong>significationibus</strong></span> <span class='ocrx_word' id='word_1_167' title='bbox 780 1925 827 1984; x_wconf 88' lang='lat' dir='ltr'><strong>hio</strong></span> <span class='ocrx_word' id='word_1_168' title='bbox 852 1946 916 1984; x_wconf 84' lang='lat' dir='ltr'><strong>esse</strong></span> <span class='ocrx_word' id='word_1_169' title='bbox 937 1924 1146 2003; x_wconf 63' lang='lat' dir='ltr'><strong>quaerendem</strong></span> <span class='ocrx_word' id='word_1_170' title='bbox 1169 1932 1219 1980; x_wconf 83' lang='lat' dir='ltr'><strong>sut</strong></span> <span class='ocrx_word' id='word_1_171' title='bbox 1234 1943 1251 1978; x_wconf 85' lang='lat' dir='ltr'><strong>e</strong></span> 
     </span>
     <span class='ocr_line' id='line_1_22' title="bbox 228 2009 1252 2090; baseline -0.004 -22"><span class='ocrx_word' id='word_1_172' title='bbox 228 2011 374 2068; x_wconf 77' lang='lat' dir='ltr'><strong>contrario</strong></span> <span class='ocrx_word' id='word_1_173' title='bbox 388 2009 459 2068; x_wconf 81' lang='lat' dir='ltr'><strong>boec</strong></span> <span class='ocrx_word' id='word_1_174' title='bbox 473 2012 593 2068; x_wconf 89' lang='lat' dir='ltr'><strong>omnino</strong></span> <span class='ocrx_word' id='word_1_175' title='bbox 605 2019 688 2090; x_wconf 82' lang='lat' dir='ltr'><strong>gestu</strong></span> <span class='ocrx_word' id='word_1_176' title='bbox 702 2029 762 2068; x_wconf 91' lang='lat' dir='ltr'><strong>non</strong></span> <span class='ocrx_word' id='word_1_177' title='bbox 774 2029 853 2086; x_wconf 87' lang='lat' dir='ltr'><strong>esse,</strong></span> <span class='ocrx_word' id='word_1_178' title='bbox 868 2009 920 2068; x_wconf 89' lang='lat' dir='ltr'><strong>sed</strong></span> <span class='ocrx_word' id='word_1_179' title='bbox 932 2011 1008 2067; x_wconf 80' lang='lat' dir='ltr'><strong>soles</strong></span> <span class='ocrx_word' id='word_1_180' title='bbox 1022 2028 1087 2068; x_wconf 86' lang='lat' dir='ltr'><strong>esse</strong></span> <span class='ocrx_word' id='word_1_181' title='bbox 1099 2009 1252 2068; x_wconf 80' lang='lat' dir='ltr'><strong>verborum</strong></span> 
     </span>
     <span class='ocr_line' id='line_1_23' title="bbox 228 2089 1252 2172; baseline -0.004 -22"><span class='ocrx_word' id='word_1_182' title='bbox 228 2093 355 2172; x_wconf 80' lang='lat' dir='ltr'><strong>figures3</strong></span> <span class='ocrx_word' id='word_1_183' title='bbox 381 2104 432 2152; x_wconf 82' lang='lat' dir='ltr'><strong>sut</strong></span> <span class='ocrx_word' id='word_1_184' title='bbox 444 2094 583 2171; x_wconf 87' lang='lat' dir='ltr'><strong>quicquid</strong></span> <span class='ocrx_word' id='word_1_185' title='bbox 595 2094 666 2152; x_wconf 89' lang='lat' dir='ltr'><strong>illud</strong></span> <span class='ocrx_word' id='word_1_186' title='bbox 681 2105 740 2168; x_wconf 84' lang='lat' dir='ltr'><strong>est,</strong></span> <span class='ocrx_word' id='word_1_187' title='bbox 765 2113 947 2172; x_wconf 72' lang='lat' dir='ltr'><strong>nequequam</strong></span> <span class='ocrx_word' id='word_1_188' title='bbox 958 2094 995 2150; x_wconf 84' lang='lat' dir='ltr'><strong>od</strong></span> <span class='ocrx_word' id='word_1_189' title='bbox 1007 2091 1186 2170; x_wconf 72' lang='lat' dir='ltr'><strong>prophetiam</strong></span> <span class='ocrx_word' id='word_1_190' title='bbox 1197 2089 1252 2147; x_wconf 85' lang='lat' dir='ltr'><strong>Ee·</strong></span> 
     </span>
     <span class='ocr_line' id='line_1_24' title="bbox 230 2177 1253 2255; baseline -0.004 -21"><span class='ocrx_word' id='word_1_191' title='bbox 230 2179 335 2235; x_wconf 82' lang='lat' dir='ltr'><strong>clesiue</strong></span> <span class='ocrx_word' id='word_1_192' title='bbox 348 2181 504 2253; x_wconf 86' lang='lat' dir='ltr'><strong>pertinere.</strong></span> <span class='ocrx_word' id='word_1_193' title='bbox 548 2179 619 2247; x_wconf 75' lang='lat' dir='ltr'><strong>Quis</strong></span> <span class='ocrx_word' id='word_1_194' title='bbox 645 2181 723 2238; x_wconf 90' lang='lat' dir='ltr'><strong>euim</strong></span> <span class='ocrx_word' id='word_1_195' title='bbox 749 2181 807 2236; x_wconf 85' lang='lat' dir='ltr'><strong>nisi</strong></span> <span class='ocrx_word' id='word_1_196' title='bbox 825 2189 923 2238; x_wconf 87' lang='lat' dir='ltr'><strong>mente</strong></span> <span class='ocrx_word' id='word_1_197' title='bbox 941 2195 1106 2255; x_wconf 81' lang='lat' dir='ltr'><strong>perversus,</strong></span> <span class='ocrx_word' id='word_1_198' title='bbox 1129 2177 1253 2234; x_wconf 79' lang='lat' dir='ltr'><strong>inaniter</strong></span> 
     </span>
     <span class='ocr_line' id='line_1_25' title="bbox 230 2261 1251 2338; baseline -0.005 -20"><span class='ocrx_word' id='word_1_199' title='bbox 230 2263 355 2336; x_wconf 83' lang='lat' dir='ltr'><strong>scriptos</strong></span> <span class='ocrx_word' id='word_1_200' title='bbox 377 2269 440 2320; x_wconf 84' lang='lat' dir='ltr'><strong>essc&#39;</strong></span> <span class='ocrx_word' id='word_1_201' title='bbox 461 2262 618 2320; x_wconf 84' lang='lat' dir='ltr'><strong>contendet</strong></span> <span class='ocrx_word' id='word_1_202' title='bbox 635 2263 727 2320; x_wconf 91' lang='lat' dir='ltr'><strong>libros</strong></span> <span class='ocrx_word' id='word_1_203' title='bbox 744 2283 797 2338; x_wconf 89' lang='lat' dir='ltr'><strong>per</strong></span> <span class='ocrx_word' id='word_1_204' title='bbox 816 2281 962 2322; x_wconf 81' lang='lat' dir='ltr'><strong>sonorum</strong></span> <span class='ocrx_word' id='word_1_205' title='bbox 980 2262 1070 2319; x_wconf 78' lang='lat' dir='ltr'><strong>millis</strong></span> <span class='ocrx_word' id='word_1_206' title='bbox 1089 2269 1172 2320; x_wconf 77' lang='lat' dir='ltr'><strong>tants</strong></span> <span class='ocrx_word' id='word_1_207' title='bbox 1185 2261 1251 2316; x_wconf 89' lang='lat' dir='ltr'><strong>reli-</strong></span> 
     </span>
     <span class='ocr_line' id='line_1_26' title="bbox 229 2343 1252 2423; baseline -0.006 -20"><span class='ocrx_word' id='word_1_208' title='bbox 229 2345 318 2423; x_wconf 89' lang='lat' dir='ltr'><strong>gione</strong></span> <span class='ocrx_word' id='word_1_209' title='bbox 341 2354 450 2402; x_wconf 80' lang='lat' dir='ltr'><strong>ettam</strong></span> <span class='ocrx_word' id='word_1_210' title='bbox 472 2345 623 2402; x_wconf 77' lang='lat' dir='ltr'><strong>ordinatae</strong></span> <span class='ocrx_word' id='word_1_211' title='bbox 649 2347 842 2404; x_wconf 79' lang='lat' dir='ltr'><strong>successionis</strong></span> <span class='ocrx_word' id='word_1_212' title='bbox 869 2346 1053 2406; x_wconf 74' lang='lat' dir='ltr'><strong>observantie</strong></span> <span class='ocrx_word' id='word_1_213' title='bbox 1078 2343 1252 2412; x_wconf 83' lang='lat' dir='ltr'><strong>custoditos3</strong></span> 
     </span>
     <span class='ocr_line' id='line_1_27' title="bbox 229 2423 1253 2508; baseline -0.005 -22"><span class='ocrx_word' id='word_1_214' title='bbox 229 2437 279 2486; x_wconf 86' lang='lat' dir='ltr'><strong>out</strong></span> <span class='ocrx_word' id='word_1_215' title='bbox 292 2429 368 2484; x_wconf 79' lang='lat' dir='ltr'><strong>soles</strong></span> <span class='ocrx_word' id='word_1_216' title='bbox 380 2423 427 2486; x_wconf 85' lang='lat' dir='ltr'><strong>res¹</strong></span> <span class='ocrx_word' id='word_1_217' title='bbox 441 2440 539 2508; x_wconf 85' lang='lat' dir='ltr'><strong>gestes</strong></span> <span class='ocrx_word' id='word_1_218' title='bbox 553 2430 612 2486; x_wconf 91' lang='lat' dir='ltr'><strong>illic</strong></span> <span class='ocrx_word' id='word_1_219' title='bbox 626 2429 796 2504; x_wconf 80' lang='lat' dir='ltr'><strong>intuendos,</strong></span> <span class='ocrx_word' id='word_1_220' title='bbox 820 2430 869 2488; x_wconf 92' lang='lat' dir='ltr'><strong>ubi</strong></span> <span class='ocrx_word' id='word_1_221' title='bbox 881 2439 975 2503; x_wconf 85' lang='lat' dir='ltr'><strong>certe,</strong></span> <span class='ocrx_word' id='word_1_222' title='bbox 997 2438 1029 2486; x_wconf 92' lang='lat' dir='ltr'><strong>ut</strong></span> <span class='ocrx_word' id='word_1_223' title='bbox 1041 2429 1099 2484; x_wconf 80' lang='lat' dir='ltr'><strong>ulie</strong></span> <span class='ocrx_word' id='word_1_224' title='bbox 1112 2429 1253 2495; x_wconf 79' lang='lat' dir='ltr'><strong>omittum,</strong></span> 
     </span>
     <span class='ocr_line' id='line_1_28' title="bbox 229 2511 1253 2592; baseline -0.002 -24"><span class='ocrx_word' id='word_1_225' title='bbox 229 2513 255 2568; x_wconf 92' lang='lat' dir='ltr'><strong>si</strong></span> <span class='ocrx_word' id='word_1_226' title='bbox 268 2514 459 2569; x_wconf 80' lang='lat' dir='ltr'><strong>numerositas</strong></span> <span class='ocrx_word' id='word_1_227' title='bbox 473 2513 642 2570; x_wconf 81' lang='lat' dir='ltr'><strong>enirnslium</strong></span> <span class='ocrx_word' id='word_1_228' title='bbox 655 2514 778 2592; x_wconf 79' lang='lat' dir='ltr'><strong>cogebat</strong></span> <span class='ocrx_word' id='word_1_229' title='bbox 796 2533 880 2572; x_wconf 78' lang='lat' dir='ltr'><strong>arose</strong></span> <span class='ocrx_word' id='word_1_230' title='bbox 893 2522 1003 2574; x_wconf 78' lang='lat' dir='ltr'><strong>tuntum</strong></span> <span class='ocrx_word' id='word_1_231' title='bbox 1021 2511 1086 2568; x_wconf 88' lang='lat' dir='ltr'><strong>fieri</strong></span> <span class='ocrx_word' id='word_1_232' title='bbox 1104 2512 1253 2590; x_wconf 66' lang='lat' dir='ltr'><strong>magnitu-</strong></span> 
     </span>
     <span class='ocr_line' id='line_1_29' title="bbox 199 2594 1256 2673; baseline 0 -23"><span class='ocrx_word' id='word_1_233' title='bbox 199 2667 201 2672; x_wconf 69' lang='lat'><strong>,</strong></span> <span class='ocrx_word' id='word_1_234' title='bbox 230 2594 342 2667; x_wconf 90' lang='lat' dir='ltr'><strong>dinem,</strong></span> <span class='ocrx_word' id='word_1_235' title='bbox 368 2597 517 2654; x_wconf 83' lang='lat' dir='ltr'><strong>immunda</strong></span> <span class='ocrx_word' id='word_1_236' title='bbox 540 2597 609 2656; x_wconf 82' lang='lat' dir='ltr'><strong>binc</strong></span> <span class='ocrx_word' id='word_1_237' title='bbox 633 2607 662 2653; x_wconf 92' lang='lat' dir='ltr'><strong>et</strong></span> <span class='ocrx_word' id='word_1_238' title='bbox 682 2597 790 2656; x_wconf 83' lang='lat' dir='ltr'><strong>rnuudc</strong></span> <span class='ocrx_word' id='word_1_239' title='bbox 808 2608 927 2673; x_wconf 85' lang='lat' dir='ltr'><strong>septeno</strong></span> <span class='ocrx_word' id='word_1_240' title='bbox 944 2597 1102 2655; x_wconf 88' lang='lat' dir='ltr'><strong>intromitti</strong></span> <span class='ocrx_word' id='word_1_241' title='bbox 1119 2595 1256 2653; x_wconf 75' lang='lat' dir='ltr'><strong>animalis</strong></span> 
     </span>
     <span class='ocr_line' id='line_1_30' title="bbox 229 2671 1255 2758; baseline -0.003 -24"><span class='ocrx_word' id='word_1_242' title='bbox 229 2678 298 2754; x_wconf 89' lang='lat' dir='ltr'><strong>quid</strong></span> <span class='ocrx_word' id='word_1_243' title='bbox 317 2681 454 2758; x_wconf 78' lang='lat' dir='ltr'><strong>cogebat,</strong></span> <span class='ocrx_word' id='word_1_244' title='bbox 481 2700 569 2757; x_wconf 85' lang='lat' dir='ltr'><strong>quum</strong></span> <span class='ocrx_word' id='word_1_245' title='bbox 588 2683 719 2756; x_wconf 76' lang='lat' dir='ltr'><strong>aequalis</strong></span> <span class='ocrx_word' id='word_1_246' title='bbox 732 2684 845 2738; x_wconf 87' lang='lat' dir='ltr'><strong>numeri</strong></span> <span class='ocrx_word' id='word_1_247' title='bbox 858 2690 976 2757; x_wconf 87' lang='lat' dir='ltr'><strong>possent</strong></span> <span class='ocrx_word' id='word_1_248' title='bbox 988 2689 1111 2756; x_wconf 83' lang='lat' dir='ltr'><strong>utreque</strong></span> <span class='ocrx_word' id='word_1_249' title='bbox 1125 2671 1255 2736; x_wconf 77' lang='lat' dir='ltr'><strong>sertorii</strong></span> 
     </span>
     <span class='ocr_line' id='line_1_31' title="bbox 228 2762 1256 2844; baseline -0.003 -25"><span class='ocrx_word' id='word_1_250' title='bbox 228 2762 285 2819; x_wconf 81' lang='lat' dir='ltr'><strong>Aut</strong></span> <span class='ocrx_word' id='word_1_251' title='bbox 298 2781 368 2820; x_wconf 90' lang='lat' dir='ltr'><strong>vero</strong></span> <span class='ocrx_word' id='word_1_252' title='bbox 382 2763 481 2836; x_wconf 87' lang='lat' dir='ltr'><strong>Deus,</strong></span> <span class='ocrx_word' id='word_1_253' title='bbox 507 2766 557 2838; x_wconf 89' lang='lat' dir='ltr'><strong>qui</strong></span> <span class='ocrx_word' id='word_1_254' title='bbox 569 2774 688 2839; x_wconf 89' lang='lat' dir='ltr'><strong>propter</strong></span> <span class='ocrx_word' id='word_1_255' title='bbox 701 2765 894 2838; x_wconf 80' lang='lat' dir='ltr'><strong>reparandum</strong></span> <span class='ocrx_word' id='word_1_256' title='bbox 907 2783 1001 2844; x_wconf 88' lang='lat' dir='ltr'><strong>genus</strong></span> <span class='ocrx_word' id='word_1_257' title='bbox 1015 2763 1156 2822; x_wconf 80' lang='lat' dir='ltr'><strong>servande</strong></span> <span class='ocrx_word' id='word_1_258' title='bbox 1168 2780 1256 2837; x_wconf 82' lang='lat' dir='ltr'><strong>pree-</strong></span> 
     </span>
     <span class='ocr_line' id='line_1_32' title="bbox 228 2841 1188 2921; baseline -0.002 -19"><span class='ocrx_word' id='word_1_259' title='bbox 228 2847 320 2918; x_wconf 91' lang='lat' dir='ltr'><strong>cepit,</strong></span> <span class='ocrx_word' id='word_1_260' title='bbox 335 2865 368 2902; x_wconf 94' lang='lat' dir='ltr'><strong>eo</strong></span> <span class='ocrx_word' id='word_1_261' title='bbox 385 2845 468 2902; x_wconf 89' lang='lat' dir='ltr'><strong>modo</strong></span> <span class='ocrx_word' id='word_1_262' title='bbox 481 2847 532 2902; x_wconf 83' lang='lat' dir='ltr'><strong>ills</strong></span> <span class='ocrx_word' id='word_1_263' title='bbox 545 2864 601 2921; x_wconf 92' lang='lat' dir='ltr'><strong>quo</strong></span> <span class='ocrx_word' id='word_1_264' title='bbox 614 2848 799 2921; x_wconf 81' lang='lat' dir='ltr'><strong>institueret,</strong></span> <span class='ocrx_word' id='word_1_265' title='bbox 812 2850 967 2906; x_wconf 83' lang='lat' dir='ltr'><strong>restituere</strong></span> <span class='ocrx_word' id='word_1_266' title='bbox 982 2867 1041 2904; x_wconf 92' lang='lat' dir='ltr'><strong>ncn</strong></span> <span class='ocrx_word' id='word_1_267' title='bbox 1055 2841 1188 2904; x_wconf 65' lang='lat' dir='ltr'><strong>valebat?</strong></span> 
     </span>
    </p>

    <p class='ocr_par' dir='ltr' id='par_1_6' title="bbox 225 2926 1265 3927">
     <span class='ocr_line' id='line_1_33' title="bbox 290 2926 1255 3010; baseline 0.002 -28"><span class='ocrx_word' id='word_1_268' title='bbox 290 2929 348 2993; x_wconf 79' lang='lat' dir='ltr'><strong>Qui</strong></span> <span class='ocrx_word' id='word_1_269' title='bbox 360 2947 429 2983; x_wconf 86' lang='lat' dir='ltr'><strong>vero</strong></span> <span class='ocrx_word' id='word_1_270' title='bbox 444 2947 503 2984; x_wconf 90' lang='lat' dir='ltr'><strong>nou</strong></span> <span class='ocrx_word' id='word_1_271' title='bbox 517 2947 580 2984; x_wconf 89' lang='lat' dir='ltr'><strong>esse</strong></span> <span class='ocrx_word' id='word_1_272' title='bbox 593 2938 695 3009; x_wconf 83' lang='lat' dir='ltr'><strong>gestu,</strong></span> <span class='ocrx_word' id='word_1_273' title='bbox 720 2932 772 2990; x_wconf 87' lang='lat' dir='ltr'><strong>scd</strong></span> <span class='ocrx_word' id='word_1_274' title='bbox 792 2935 868 2990; x_wconf 83' lang='lat' dir='ltr'><strong>soles</strong></span> <span class='ocrx_word' id='word_1_275' title='bbox 885 2951 983 2989; x_wconf 87' lang='lat' dir='ltr'><strong>rerum</strong></span> <span class='ocrx_word' id='word_1_276' title='bbox 996 2926 1255 3010; x_wconf 80' lang='lat' dir='ltr'><strong>significandorum</strong></span> 
     </span>
     <span class='ocr_line' id='line_1_34' title="bbox 227 3009 1256 3093; baseline -0.001 -27"><span class='ocrx_word' id='word_1_277' title='bbox 227 3011 337 3088; x_wconf 84' lang='lat' dir='ltr'><strong>liguros</strong></span> <span class='ocrx_word' id='word_1_278' title='bbox 356 3029 419 3065; x_wconf 85' lang='lat' dir='ltr'><strong>csse</strong></span> <span class='ocrx_word' id='word_1_279' title='bbox 437 3011 632 3086; x_wconf 90' lang='lat' dir='ltr'><strong>contendunt,</strong></span> <span class='ocrx_word' id='word_1_280' title='bbox 659 3016 783 3090; x_wconf 88' lang='lat' dir='ltr'><strong>primum</strong></span> <span class='ocrx_word' id='word_1_281' title='bbox 797 3018 953 3092; x_wconf 82' lang='lat' dir='ltr'><strong>opinantur</strong></span> <span class='ocrx_word' id='word_1_282' title='bbox 965 3024 1026 3071; x_wconf 81' lang='lat' dir='ltr'><strong>tam</strong></span> <span class='ocrx_word' id='word_1_283' title='bbox 1038 3029 1171 3093; x_wconf 80' lang='lat' dir='ltr'><strong>maguum</strong></span> <span class='ocrx_word' id='word_1_284' title='bbox 1183 3009 1256 3066; x_wconf 87' lang='lat' dir='ltr'><strong>fieri</strong></span> 
     </span>
     <span class='ocr_line' id='line_1_35' title="bbox 229 3093 1256 3174; baseline 0 -24"><span class='ocrx_word' id='word_1_285' title='bbox 229 3111 287 3150; x_wconf 89' lang='lat' dir='ltr'><strong>non</strong></span> <span class='ocrx_word' id='word_1_286' title='bbox 299 3095 428 3166; x_wconf 88' lang='lat' dir='ltr'><strong>potuisse</strong></span> <span class='ocrx_word' id='word_1_287' title='bbox 442 3093 597 3169; x_wconf 82' lang='lat' dir='ltr'><strong>diluvium,</strong></span> <span class='ocrx_word' id='word_1_288' title='bbox 622 3106 655 3154; x_wconf 93' lang='lat' dir='ltr'><strong>ut</strong></span> <span class='ocrx_word' id='word_1_289' title='bbox 671 3099 828 3157; x_wconf 75' lang='lat' dir='ltr'><strong>altissimos</strong></span> <span class='ocrx_word' id='word_1_290' title='bbox 842 3108 956 3156; x_wconf 88' lang='lat' dir='ltr'><strong>montes</strong></span> <span class='ocrx_word' id='word_1_291' title='bbox 969 3096 1133 3174; x_wconf 84' lang='lat' dir='ltr'><strong>quindecim</strong></span> <span class='ocrx_word' id='word_1_292' title='bbox 1145 3093 1256 3151; x_wconf 82' lang='lat' dir='ltr'><strong>cubitis</strong></span> 
     </span>
     <span class='ocr_line' id='line_1_36' title="bbox 227 3178 1256 3259; baseline 0 -25"><span class='ocrx_word' id='word_1_293' title='bbox 227 3194 301 3251; x_wconf 82' lang='lat' dir='ltr'><strong>sque</strong></span> <span class='ocrx_word' id='word_1_294' title='bbox 313 3178 469 3236; x_wconf 87' lang='lat' dir='ltr'><strong>crescendo</strong></span> <span class='ocrx_word' id='word_1_295' title='bbox 483 3181 731 3254; x_wconf 81' lang='lat' dir='ltr'><strong>transscenderet3</strong></span> <span class='ocrx_word' id='word_1_296' title='bbox 756 3192 874 3259; x_wconf 91' lang='lat' dir='ltr'><strong>propter</strong></span> <span class='ocrx_word' id='word_1_297' title='bbox 887 3182 1004 3259; x_wconf 83' lang='lat' dir='ltr'><strong>Olympi</strong></span> <span class='ocrx_word' id='word_1_298' title='bbox 1016 3183 1157 3239; x_wconf 81' lang='lat' dir='ltr'><strong>verticem</strong></span> <span class='ocrx_word' id='word_1_299' title='bbox 1170 3197 1256 3236; x_wconf 87' lang='lat' dir='ltr'><strong>mou-</strong></span> 
     </span>
     <span class='ocr_line' id='line_1_37' title="bbox 227 3261 1258 3342; baseline 0.002 -27"><span class='ocrx_word' id='word_1_300' title='bbox 227 3261 276 3332; x_wconf 87' lang='lat' dir='ltr'><strong>tis,</strong></span> <span class='ocrx_word' id='word_1_301' title='bbox 290 3278 376 3334; x_wconf 81' lang='lat' dir='ltr'><strong>supro</strong></span> <span class='ocrx_word' id='word_1_302' title='bbox 386 3280 470 3337; x_wconf 83' lang='lat' dir='ltr'><strong>quem</strong></span> <span class='ocrx_word' id='word_1_303' title='bbox 483 3263 670 3338; x_wconf 89' lang='lat' dir='ltr'><strong>perhibentur</strong></span> <span class='ocrx_word' id='word_1_304' title='bbox 683 3265 775 3322; x_wconf 86' lang='lat' dir='ltr'><strong>nubes</strong></span> <span class='ocrx_word' id='word_1_305' title='bbox 785 3285 845 3324; x_wconf 89' lang='lat' dir='ltr'><strong>non</strong></span> <span class='ocrx_word' id='word_1_306' title='bbox 854 3285 939 3342; x_wconf 90' lang='lat' dir='ltr'><strong>posse</strong></span> <span class='ocrx_word' id='word_1_307' title='bbox 954 3264 1164 3335; x_wconf 83' lang='lat' dir='ltr'><strong>conscendere,</strong></span> <span class='ocrx_word' id='word_1_308' title='bbox 1178 3263 1258 3338; x_wconf 88' lang='lat' dir='ltr'><strong>quod</strong></span> 
     </span>
     <span class='ocr_line' id='line_1_38' title="bbox 226 3344 1260 3421; baseline 0.002 -21"><span class='ocrx_word' id='word_1_309' title='bbox 226 3354 284 3400; x_wconf 82' lang='lat' dir='ltr'><strong>tem</strong></span> <span class='ocrx_word' id='word_1_310' title='bbox 302 3344 432 3402; x_wconf 87' lang='lat' dir='ltr'><strong>sublimis</strong></span> <span class='ocrx_word' id='word_1_311' title='bbox 452 3365 537 3421; x_wconf 82' lang='lat' dir='ltr'><strong>quarn</strong></span> <span class='ocrx_word' id='word_1_312' title='bbox 551 3351 663 3406; x_wconf 88' lang='lat' dir='ltr'><strong>coelum</strong></span> <span class='ocrx_word' id='word_1_313' title='bbox 676 3351 728 3420; x_wconf 88' lang='lat' dir='ltr'><strong>sit,</strong></span> <span class='ocrx_word' id='word_1_314' title='bbox 756 3359 790 3405; x_wconf 94' lang='lat' dir='ltr'><strong>ut</strong></span> <span class='ocrx_word' id='word_1_315' title='bbox 803 3369 863 3406; x_wconf 90' lang='lat' dir='ltr'><strong>nou</strong></span> <span class='ocrx_word' id='word_1_316' title='bbox 875 3350 916 3406; x_wconf 93' lang='lat' dir='ltr'><strong>ibi</strong></span> <span class='ocrx_word' id='word_1_317' title='bbox 929 3351 967 3406; x_wconf 92' lang='lat' dir='ltr'><strong>sit</strong></span> <span class='ocrx_word' id='word_1_318' title='bbox 981 3353 1030 3404; x_wconf 81' lang='lat' dir='ltr'><strong>sir</strong></span> <span class='ocrx_word' id='word_1_319' title='bbox 1043 3349 1099 3404; x_wconf 90' lang='lat' dir='ltr'><strong>iste</strong></span> <span class='ocrx_word' id='word_1_320' title='bbox 1116 3347 1260 3414; x_wconf 73' lang='lat' dir='ltr'><strong>crassior,</strong></span> 
     </span>
     <span class='ocr_line' id='line_1_39' title="bbox 225 3427 1261 3511; baseline 0.002 -27"><span class='ocrx_word' id='word_1_321' title='bbox 225 3427 275 3484; x_wconf 90' lang='lat' dir='ltr'><strong>ubi</strong></span> <span class='ocrx_word' id='word_1_322' title='bbox 299 3429 396 3500; x_wconf 86' lang='lat' dir='ltr'><strong>v&#39;enti,</strong></span> <span class='ocrx_word' id='word_1_323' title='bbox 422 3431 543 3486; x_wconf 78' lang='lat' dir='ltr'><strong>nebulae</strong></span> <span class='ocrx_word' id='word_1_324' title='bbox 563 3433 725 3506; x_wconf 86' lang='lat' dir='ltr'><strong>imbresque</strong></span> <span class='ocrx_word' id='word_1_325' title='bbox 751 3435 930 3511; x_wconf 88' lang='lat' dir='ltr'><strong>gignuntur:</strong></span> <span class='ocrx_word' id='word_1_326' title='bbox 955 3451 1009 3491; x_wconf 90' lang='lat' dir='ltr'><strong>nec</strong></span> <span class='ocrx_word' id='word_1_327' title='bbox 1022 3430 1182 3488; x_wconf 78' lang='lat' dir='ltr'><strong>attendunt</strong></span> <span class='ocrx_word' id='word_1_328' title='bbox 1195 3449 1261 3486; x_wconf 87' lang='lat' dir='ltr'><strong>om-</strong></span> 
     </span>
     <span class='ocr_line' id='line_1_40' title="bbox 226 3513 1262 3590; baseline 0 -21"><span class='ocrx_word' id='word_1_329' title='bbox 226 3513 306 3569; x_wconf 88' lang='lat' dir='ltr'><strong>nium</strong></span> <span class='ocrx_word' id='word_1_330' title='bbox 322 3513 531 3571; x_wconf 87' lang='lat' dir='ltr'><strong>elementorum</strong></span> <span class='ocrx_word' id='word_1_331' title='bbox 551 3515 757 3572; x_wconf 74' lang='lat' dir='ltr'><strong>crassissimum</strong></span> <span class='ocrx_word' id='word_1_332' title='bbox 770 3527 878 3574; x_wconf 81' lang='lat' dir='ltr'><strong>terrum</strong></span> <span class='ocrx_word' id='word_1_333' title='bbox 895 3517 936 3574; x_wconf 91' lang='lat' dir='ltr'><strong>ibi</strong></span> <span class='ocrx_word' id='word_1_334' title='bbox 949 3535 1012 3574; x_wconf 89' lang='lat' dir='ltr'><strong>esse</strong></span> <span class='ocrx_word' id='word_1_335' title='bbox 1026 3516 1168 3590; x_wconf 87' lang='lat' dir='ltr'><strong>potuisse.</strong></span> <span class='ocrx_word' id='word_1_336' title='bbox 1215 3514 1262 3570; x_wconf 75' lang='lat' dir='ltr'><strong>Au</strong></span> 
     </span>
     <span class='ocr_line' id='line_1_41' title="bbox 226 3595 1262 3677; baseline 0 -27"><span class='ocrx_word' id='word_1_337' title='bbox 226 3595 301 3652; x_wconf 83' lang='lat' dir='ltr'><strong>forte</strong></span> <span class='ocrx_word' id='word_1_338' title='bbox 314 3606 441 3674; x_wconf 80' lang='lat' dir='ltr'><strong>negent,</strong></span> <span class='ocrx_word' id='word_1_339' title='bbox 468 3616 530 3654; x_wconf 88' lang='lat' dir='ltr'><strong>esse</strong></span> <span class='ocrx_word' id='word_1_340' title='bbox 549 3609 658 3654; x_wconf 82' lang='lat' dir='ltr'><strong>terram</strong></span> <span class='ocrx_word' id='word_1_341' title='bbox 675 3601 814 3657; x_wconf 86' lang='lat' dir='ltr'><strong>verticem</strong></span> <span class='ocrx_word' id='word_1_342' title='bbox 833 3596 960 3659; x_wconf 77' lang='lat' dir='ltr'><strong>montisi</strong></span> <span class='ocrx_word' id='word_1_343' title='bbox 985 3598 1044 3658; x_wconf 85' lang='lat' dir='ltr'><strong>Cur</strong></span> <span class='ocrx_word' id='word_1_344' title='bbox 1057 3601 1152 3677; x_wconf 89' lang='lat' dir='ltr'><strong>igitur</strong></span> <span class='ocrx_word' id='word_1_345' title='bbox 1166 3615 1262 3672; x_wconf 85' lang='lat' dir='ltr'><strong>usque</strong></span> 
     </span>
     <span class='ocr_line' id='line_1_42' title="bbox 225 3677 1265 3760; baseline 0.004 -28"><span class='ocrx_word' id='word_1_346' title='bbox 225 3677 262 3732; x_wconf 80' lang='lat' dir='ltr'><strong>sd</strong></span> <span class='ocrx_word' id='word_1_347' title='bbox 274 3680 325 3733; x_wconf 86' lang='lat' dir='ltr'><strong>illo</strong></span> <span class='ocrx_word' id='word_1_348' title='bbox 338 3681 411 3736; x_wconf 87' lang='lat' dir='ltr'><strong>coeli</strong></span> <span class='ocrx_word' id='word_1_349' title='bbox 423 3683 516 3756; x_wconf 78' lang='lat' dir='ltr'><strong>spatis</strong></span> <span class='ocrx_word' id='word_1_350' title='bbox 528 3683 616 3738; x_wconf 84' lang='lat' dir='ltr'><strong>terris</strong></span> <span class='ocrx_word' id='word_1_351' title='bbox 631 3684 756 3739; x_wconf 80' lang='lat' dir='ltr'><strong>exultari</strong></span> <span class='ocrx_word' id='word_1_352' title='bbox 768 3685 902 3756; x_wconf 86' lang='lat' dir='ltr'><strong>licuisse,</strong></span> <span class='ocrx_word' id='word_1_353' title='bbox 917 3694 947 3741; x_wconf 90' lang='lat' dir='ltr'><strong>et</strong></span> <span class='ocrx_word' id='word_1_354' title='bbox 959 3684 1041 3760; x_wconf 82' lang='lat' dir='ltr'><strong>cquis</strong></span> <span class='ocrx_word' id='word_1_355' title='bbox 1055 3684 1187 3738; x_wconf 74' lang='lat' dir='ltr'><strong>exultari</strong></span> <span class='ocrx_word' id='word_1_356' title='bbox 1202 3698 1265 3738; x_wconf 91' lang='lat' dir='ltr'><strong>nou</strong></span> 
     </span>
     <span class='ocr_line' id='line_1_43' title="bbox 225 3761 1264 3842; baseline 0.006 -29"><span class='ocrx_word' id='word_1_357' title='bbox 225 3761 343 3815; x_wconf 90' lang='lat' dir='ltr'><strong>licuisse</strong></span> <span class='ocrx_word' id='word_1_358' title='bbox 356 3763 550 3836; x_wconf 88' lang='lat' dir='ltr'><strong>contendunt,</strong></span> <span class='ocrx_word' id='word_1_359' title='bbox 570 3784 660 3840; x_wconf 80' lang='lat' dir='ltr'><strong>qurum</strong></span> <span class='ocrx_word' id='word_1_360' title='bbox 672 3767 723 3822; x_wconf 87' lang='lat' dir='ltr'><strong>isti</strong></span> <span class='ocrx_word' id='word_1_361' title='bbox 734 3785 885 3826; x_wconf 82' lang='lat' dir='ltr'><strong>mensores</strong></span> <span class='ocrx_word' id='word_1_362' title='bbox 900 3777 930 3824; x_wconf 86' lang='lat' dir='ltr'><strong>et</strong></span> <span class='ocrx_word' id='word_1_363' title='bbox 941 3784 1082 3842; x_wconf 88' lang='lat' dir='ltr'><strong>pensores</strong></span> <span class='ocrx_word' id='word_1_364' title='bbox 1096 3768 1264 3822; x_wconf 82' lang='lat' dir='ltr'><strong>elemento·</strong></span> 
     </span>
     <span class='ocr_line' id='line_1_44' title="bbox 227 3844 1265 3927; baseline 0.002 -29"><span class='ocrx_word' id='word_1_365' title='bbox 227 3859 308 3914; x_wconf 90' lang='lat' dir='ltr'><strong>rum,</strong></span> <span class='ocrx_word' id='word_1_366' title='bbox 337 3861 426 3919; x_wconf 81' lang='lat' dir='ltr'><strong>eques</strong></span> <span class='ocrx_word' id='word_1_367' title='bbox 439 3848 526 3904; x_wconf 90' lang='lat' dir='ltr'><strong>terris</strong></span> <span class='ocrx_word' id='word_1_368' title='bbox 539 3847 710 3923; x_wconf 72' lang='lat' dir='ltr'><strong>perhibeant</strong></span> <span class='ocrx_word' id='word_1_369' title='bbox 722 3853 887 3927; x_wconf 87' lang='lat' dir='ltr'><strong>superiores</strong></span> <span class='ocrx_word' id='word_1_370' title='bbox 906 3861 992 3927; x_wconf 85' lang='lat' dir='ltr'><strong>etque</strong></span> <span class='ocrx_word' id='word_1_371' title='bbox 1005 3845 1155 3906; x_wconf 65' lang='lat' dir='ltr'><strong>leviores?</strong></span> <span class='ocrx_word' id='word_1_372' title='bbox 1186 3844 1265 3915; x_wconf 75' lang='lat' dir='ltr'><strong>Quid</strong></span> 
     </span>
    </p>
   </div>
   <div class='ocr_carea' id='block_1_5' title="bbox 0 0 1304 4396">
    <p class='ocr_par' dir='ltr' id='par_1_7' title="bbox 0 0 1304 4396">
     <span class='ocr_line' id='line_1_45' title="bbox 0 0 1304 4396; baseline 0 0"><span class='ocrx_word' id='word_1_373' title='bbox 0 0 1304 4396; x_wconf 95' lang='lat' dir='ltr'><strong> </strong></span> 
     </span>
    </p>
   </div>
  </div>
 </body>
</html>
