2586 4396
257 223 313 280 DE
336 224 555 284 clvl'rnTE
577 225 657 284 DEl
684 226 760 284 LlB.
783 225 852 284 XV.
1031 233 1065 289 51

43 376 200 453 quodcum
214 377 358 447 nonnulli,
371 378 425 432 etsi
439 378 540 434 nonin
553 387 645 448 terro,
658 378 707 434 ubi
717 395 831 434 omnem
845 397 970 453 carnem,
984 401 1070 458 quam

42 464 146 518 vivere
157 460 191 515 in
199 459 282 533 aquis
288 469 392 515 natura
404 479 464 516 non
475 461 556 532 sinit,
570 469 685 517 constat
697 460 786 518 lirisse
800 460 932 536 deletam,
942 483 1007 521 cunr
1019 485 1069 541 pa-

40 556 88 601 tre
103 561 158 599 suo
172 542 223 615 qui
237 543 392 597 translatus
406 543 504 599 luerat
516 545 693 619 aliquantum
705 544 812 616 fuisse,
826 555 913 620 atque
927 547 966 603 ibi
978 548 1069 605 donec

41 627 187 684 diluvium
212 626 397 698 praeteriret,
421 628 531 682 vixisse
554 626 746 700 arbitrantur3
772 630 906 685 nolentes
929 630 1069 710 derogare

41 711 135 770 fidem
146 707 310 779 codicibus,
328 726 400 782 qnos
414 711 446 765 in
460 711 661 766 auctoritatem
673 712 862 769 celebriorum
876 717 1002 790 suscepit
1013 714 1069 771 Ec-

45 794 151 863 clesia,
177 800 207 847 et
226 791 377 847 credentes
390 790 561 848 ludaeorum
577 796 674 868 potius
690 813 775 871 quam
794 797 866 852 istos
885 815 946 854 non
964 797 1070 855 habere

46 877 240 954 quodrerum
253 884 305 930 est.
347 873 414 932 Non
437 878 514 934 enirn
537 876 708 950 admittunt,
734 878 812 954 quod
829 882 923 958 magis
939 880 986 937 hic
1007 900 1071 938 esse

45 961 173 1037 potuerit
191 976 275 1014 error
295 959 501 1032 interpretum,
527 978 611 1035 quarn
633 963 665 1018 in
688 980 722 1018 ea
744 964 845 1040 lingua
869 981 934 1020 esse
955 964 1070 1035 falsum,

45 1044 122 1102 unde
135 1045 168 1098 in
180 1051 311 1098 nostram
323 1061 374 1116 per
386 1043 528 1099 Graecam
541 1041 692 1119 Scriptura
705 1047 768 1120 ipsa
779 1049 922 1103 translata
936 1055 989 1104 est.
1014 1046 1071 1105 Sed

42 1129 200 1204 inquiunt,
226 1143 287 1181 non
301 1144 364 1182 esse
378 1125 514 1182 credibile
528 1125 722 1205 Septuaginta
734 1130 925 1202 interpretes,
950 1134 998 1206 qui
1012 1149 1070 1186 uno

43 1213 132 1270 simul
143 1221 273 1284 tempore
286 1227 402 1285 unoque
415 1228 505 1266 sensu
517 1211 703 1283 interpretati
714 1221 796 1284 sunt,
820 1231 918 1268 errore
929 1216 1071 1288 potuisse,

44 1305 96 1354 aut
109 1295 159 1350 nbi
172 1291 247 1348 nihil
261 1311 359 1350 eorum
373 1294 530 1364 intererat,
555 1295 684 1350 voluisse
698 1297 830 1367 mentiri3
856 1294 976 1355 ludaeos
989 1314 1070 1366 vero,

47 1380 118 1436 dnm
134 1377 216 1434 nobis
236 1375 389 1448 invident,
415 1377 490 1452 quod
502 1375 564 1433 Lex
578 1387 608 1432 et
620 1376 781 1452 Prophetae
802 1378 838 1435 ad
854 1397 909 1435 nos
927 1382 1071 1455 interpre-

46 1461 137 1519 tando
149 1460 337 1530 transierint,
363 1469 491 1516 mutasse
505 1460 645 1536 quaedam
657 1463 688 1516 in
708 1461 854 1519 codicibus
868 1464 946 1535 suis,
970 1473 1005 1519 ut
1018 1481 1071 1520 no-

44 1548 116 1605 stris
129 1546 311 1602 minueretur
324 1545 489 1600 auctoritas.
532 1543 618 1601 Hanc
634 1546 802 1620 opinionem
819 1549 866 1603 vel
878 1549 1072 1622 suspicionem

45 1631 170 1704 accipiat
182 1629 305 1704 quisque
319 1637 351 1683 ut
363 1629 523 1703 putaverit:
549 1637 660 1684 certum
678 1638 723 1684 est
741 1638 853 1702 tomen,
880 1648 940 1686 non
960 1631 1071 1686 vixisse

44 1713 236 1772 Mathumlem
254 1721 319 1786 post
336 1711 493 1784 diluvium,
517 1710 569 1768 sed
584 1711 686 1768 eodem
698 1729 775 1769 anno
789 1711 879 1769 luisse
892 1713 1071 1784 defunctum,

47 1801 73 1854 si
90 1815 191 1855 verum
209 1804 255 1851 est
273 1795 349 1870 quod
367 1795 402 1850 de
419 1813 539 1852 nurnero
557 1813 698 1852 annorum
717 1798 748 1852 in
762 1793 904 1853 Hebraeis
925 1796 1071 1853 codicibus

45 1883 205 1939 invenitur.
248 1877 295 1935 De
308 1881 365 1935 ilus
379 1889 477 1936 autem
491 1878 683 1957 Septuaginta
696 1881 904 1954 interpretibus
917 1880 987 1957 quid
1001 1877 1072 1936 milri

44 1968 193 2035 videatur,
221 1981 276 2019 suo
288 1965 352 2020 loco
365 1962 536 2040 diligentius
549 1963 738 2019 inserendum
758 1973 820 2036 est,
846 1983 935 2039 quum
954 1963 989 2020 ad
1009 1965 1073 2038 ipsa

45 2063 191 2125 tempora,
206 2056 346 2122 quantum
359 2049 519 2102 necessitas
532 2045 619 2102 huius
631 2046 735 2120 Operis
747 2049 886 2120 postulat,
900 2063 1071 2102 commemo·

45 2134 152 2204 tanda,
165 2130 323 2186 adiuvante
335 2129 479 2200 Domino,
492 2131 666 2186 venerimus.
710 2128 863 2185 Praesenti
876 2132 954 2185 enim
967 2127 1074 2185 sufficit

47 2216 210 2295 quaestioni
230 2214 388 2270 secundum
405 2221 545 2288 utrosque
564 2211 677 2268 codices
691 2221 750 2268 tam
762 2214 866 2291 longas
879 2211 1013 2268 habuisse
1025 2211 1070 2268 vi-

46 2313 92 2360 tas
106 2301 182 2356 illius
194 2299 261 2354 aevi
278 2296 427 2368 lromines,
453 2305 487 2352 ut
498 2297 591 2371 possit
603 2305 698 2352 aetate
710 2297 813 2369 unius,
839 2295 937 2372 quide
951 2295 1072 2365 duobus,

45 2403 118 2462 qnos
131 2386 208 2440 solos
222 2391 304 2438 terra
315 2391 386 2437 tunc
397 2378 511 2451 habuit,
536 2381 705 2454 parentibus
724 2382 833 2458 primus
852 2390 896 2436 est
909 2391 1011 2452 natus,
1037 2377 1073 2434 ad

47 2465 282 2527 comtituendaru
296 2468 384 2521 etiam
399 2465 547 2520 civitatem
560 2465 746 2536 multiplicari
759 2481 853 2541 genus
866 2462 1030 2520 humanum:
1051 2449 1057 2462 ⁴

428 2612 546 2672 cnP.
590 2610 683 2668 ΧΗ.

48 2714 93 2768 De
103 2715 220 2783 opius'm
231 2729 335 2774 eorum,
355 2711 402 2780 pul
414 2711 563 2778 primorum
574 2715 720 2776 temporum
731 2707 847 2760 bominac
858 2717 914 2760 tum
924 2703 1073 2776 languebas,

294 2798 373 2851 quum
384 2780 524 2842 scribitur,
539 2778 629 2851 fuisse
643 2778 824 2832 conco-edunt.

110 2890 208 2967 Neque
221 2892 300 2947 enim
313 2889 372 2944 ullo
385 2888 471 2946 modo
485 2886 620 2944 audiendi
635 2893 719 2957 sunt,
743 2887 791 2960 qui
805 2895 910 2960 putant
923 2886 1007 2941 aliter
1020 2902 1073 2940 an-

49 2995 100 3035 nos
114 2978 173 3032 illis
187 2974 364 3049 temporibus
378 2981 576 3047 computatos,
602 2969 705 3042 idest,
730 2979 829 3026 tantae
846 2969 1014 3041 brevitatis,
1040 2977 1074 3024 ut

49 3079 122 3118 unus
136 3077 231 3116 annus
244 3067 345 3116 noster
358 3056 456 3112 decem
469 3058 534 3112 illos
547 3055 683 3112 habuisse
696 3053 838 3110 credatur.
882 3055 1073 3130 Quapropter,

47 3147 200 3221 inquiunt,
226 3159 291 3199 cum
308 3141 433 3196 audierit
450 3141 570 3214 quisque
588 3140 636 3194 vel
653 3139 775 3216 legerit,
803 3148 970 3215 nongentos
981 3155 1073 3193 annos

48 3245 219 3304 quemquam
231 3226 358 3296 vixisse,
378 3223 462 3280 debet
473 3223 639 3300 intelligere
652 3223 827 3298 nonaginta:
854 3221 953 3277 decem
967 3222 1073 3297 quippe

49 3315 90 3368 illi
102 3313 186 3383 anni,
199 3327 274 3366 unus
287 3317 332 3364 est
345 3317 461 3378 noster3
486 3315 515 3361 et
529 3305 627 3360 decern
640 3307 744 3373 nostri,
759 3311 874 3360 centurn
887 3305 930 3359 illi
944 3303 1072 3359 luerunt.

47 3397 89 3452 Ac
111 3413 162 3471 per
184 3394 257 3464 hoc,
289 3401 324 3448 ut
344 3399 463 3466 putant,
490 3391 597 3466 viginti
618 3391 707 3450 trium
729 3405 872 3443 annorum
893 3385 950 3441 fuit
972 3384 1073 3453 Adam,

48 3479 161 3554 quando
175 3478 281 3558 genuit
294 3474 380 3546 Setlr3
405 3484 434 3530 et
455 3475 516 3548 ipse
535 3470 606 3528 Seth
628 3472 736 3552 viginti
756 3469 879 3526 babebat
902 3456 1020 3544 (annos)
1045 3474 1075 3520 et

46 3579 102 3618 sex
114 3581 245 3632 menses,
260 3560 373 3635 quando
387 3575 423 3613 ex
437 3559 488 3613 illo
502 3565 586 3611 natus
601 3565 646 3611 est
656 3553 753 3627 Enos,
768 3571 839 3628 quos
853 3551 979 3626 appellat
992 3546 1073 3604 Scri-

44 3657 132 3722 ptura
146 3647 289 3702 ducentos
305 3652 334 3698 et
347 3643 473 3718 quinque
487 3657 588 3695 annos.
615 3639 758 3706 Quoniam
772 3639 848 3692 sicut
860 3635 910 3689 isti
924 3633 1072 3706 suspican-

43 3741 112 3803 tur,
127 3747 253 3806 quorum
265 3727 436 3802 exponimus
451 3725 630 3800 opinionem,
644 3741 735 3779 unum
748 3738 856 3777 annum
869 3719 982 3793 qualern
996 3733 1074 3772 nunc

43 3813 203 3886 babemus,
226 3814 257 3867 in
272 3812 369 3866 decern
381 3817 478 3882 partes
491 3807 535 3861 illi
548 3805 728 3875 dividebant,
743 3815 773 3861 et
784 3801 897 3860 easdem
909 3809 1006 3876 partes
1021 3819 1072 3856 an-

42 3917 100 3955 uos
113 3898 268 3954 vocabant.
295 3896 423 3960 Quarum
434 3891 558 3967 partium
569 3887 655 3945 habet
666 3907 723 3944 una
734 3889 905 3964 quadratum
916 3887 1071 3955 senarium,

723 3972 784 4030 Du
