2592 4396
259 179 317 236 DE
340 178 558 238 CIVITATE
577 183 657 241 DEI
679 187 758 244 LlB.
781 189 876 247 Xlll.
1011 199 1070 256 eat

40 336 129 412 gium
137 331 216 406 ‘quid
229 331 477 408 praefiguraverit,
498 335 555 390 alie
568 337 643 407 loco,
657 348 795 411 quantum
806 359 851 395 me
864 339 942 398 Deus
955 345 1071 404 adiuve-

39 420 94 488 rit,
109 416 228 472 dicam„
261 413 370 470 *Nune
383 418 519 489 queniam
535 418 609 474 liber
629 421 683 474 istc
701 421 875 478 claudendus
894 433 952 496 est,
977 429 1008 483 in
1020 428 1073 486 hoc

42 502 139 576 primo
153 496 290 569 bomine,
304 499 352 572 qui
365 499 501 573 primitus
514 499 607 558 factus
619 511 678 572 est,
702 503 829 560 nondum
843 508 959 580 quidem
971 527 1073 567 secun-

43 585 113 640 dum
126 581 317 664 evidentiam,
331 579 390 638 iam
402 591 500 639 tamen
513 584 670 641 secundum
682 584 740 642 Dei
751 591 973 662 praescientiam
987 607 1072 648 exor-

43 677 90 722 tas
110 666 208 722 fnisse
228 665 426 722 existimemus
446 668 478 722 in
497 685 604 744 genere
621 666 745 726 umaro
765 673 920 729 societates
938 683 1075 750 tanquam

43 750 191 807 Civitates
205 747 286 804 duas.
327 747 375 804 Ex
388 750 438 806 illo
452 752 530 806 enim
540 750 632 808 firturi
651 763 736 808 crant
752 752 899 826 homines,
922 759 973 812 alii
991 757 1073 814 malie

43 833 163 910 angelis
184 833 218 887 in
241 833 397 906 supplicio,
422 835 472 890 alii
491 834 574 890 bonis
587 837 619 892 in
634 841 762 910 praemio
776 839 921 910 sociandi,
945 843 1074 916 quamvis

41 917 161 972 occulto
174 913 233 971 Dei
247 913 371 988 iudicio,
397 917 447 972 sed
459 927 556 974 tamen
568 921 654 976 iusto.
697 919 769 978 Cum
782 924 860 977 enim
872 924 1012 997 scriptum
1025 925 1074 994 sit,

45 998 212 1056 Vnivereee
229 1000 297 1056 vioe
313 997 448 1070 Domini,
467 1003 671 1060 mirericordic
690 1014 720 1060 et
737 1007 870 1061 veritae:
896 1025 949 1062 nec
966 1008 1075 1062 iniusta

41 1085 106 1138 eine
113 1083 224 1160 gretia,
235 1101 291 1138 nec
301 1082 524 1158 crudelispotest
533 1082 729 1142 esseiuntitia.¹
741 1083 776 1159 (⁴⁸
783 1087 822 1143 el.
831 1086 914 1144 cAP.
921 1087 1074 1165 XXVII.)

41 1227 218 1250 ΝΜ
224 1225 784 1254 ΝΝΝΝΝΝΝΝΝΝΝΝΝ
792 1231 1073 1255 ΜΛΛΜΜὶΜΝΜΝ

242 1322 387 1394 LlssER
412 1322 632 1396 DECIMVS
658 1323 875 1398 TERTIVS.

467 1440 489 1498 c
510 1443 535 1498 Α
556 1441 589 1498 u.
628 1441 651 1498 1.

110 1530 114 1536 '
123 1519 256 1589 Delapsa
263 1521 349 1588 primi
358 1520 479 1584 bominis,
486 1539 537 1590 per
547 1539 622 1590 quem
632 1532 672 1575 eet
682 1531 822 1576 contrecto
833 1511 995 1578 mortalitas.

37 1594 213 1686 Expeditis
227 1611 262 1667 de
275 1612 370 1666 nostri
387 1613 496 1668 saeculi
514 1621 617 1668 exortu
631 1623 661 1670 et
682 1613 717 1669 de
735 1615 803 1669 initi
820 1615 936 1692 generis
954 1612 1075 1670 humans

38 1696 225 1753 difficillimis
244 1695 480 1770 quaestionibus,
507 1715 585 1752 nunc
603 1698 661 1753 iem
680 1698 723 1753 de'
734 1699 815 1772 lapsu
832 1699 919 1772 primi
936 1696 1072 1768 hominis,

37 1785 99 1838 imo
114 1780 276 1852 primorum
289 1776 450 1851 hominum,
469 1789 498 1835 et
511 1779 545 1836 de
559 1781 673 1860 origine
686 1799 720 1837 ac
732 1783 893 1860 propagine
905 1783 1006 1837 mortis
1019 1779 1073 1837 hu-

36 1882 146 1921 manae
171 1857 394 1935 disputationem
414 1881 431 1918 a
448 1863 530 1919 nobis
548 1865 711 1921 institutam
728 1883 827 1920 rerum
846 1864 915 1920 ordo
934 1865 1072 1939 deposcit.

36 1949 108 2007 Non
122 1947 205 2002 enim
219 1963 252 2001 eo
266 1944 351 2000 modo
365 1963 422 2021 quo
436 1950 571 2024 angeles,
596 1948 763 2004 condiderat
774 1946 854 2003 Deus
868 1945 1013 2018 homines3
1040 1957 1074 2003 ut

36 2035 131 2088 ctiam
145 2031 173 2085 ιὶ
184 2037 370 2104 peccassent,
392 2032 466 2086 mori
479 2032 597 2086 omnino
612 2049 671 2086 non
683 2040 816 2105 possent:
844 2030 894 2086 sed
907 2032 949 2085 ite
961 2039 993 2085 ut
1006 2048 1071 2102 pcr-

36 2118 163 2172 functos
175 2111 357 2169 obedientiae
366 2131 485 2168 munere
499 2115 563 2169 tine
575 2115 742 2170 interventu
756 2115 857 2169 mortis
872 2113 1005 2189 angelica
1018 2114 1072 2166 im-

34 2199 206 2257 mortalitas
227 2205 257 2251 ct
274 2196 359 2252 beate
371 2198 528 2252 aeternitas
547 2207 730 2271 sequeretur3
756 2197 956 2253 inobedientes
976 2205 1074 2251 autom

33 2300 123 2340 mors
140 2283 282 2356 plecteret
298 2280 481 2345 damnatione
498 2281 671 2338 iustissima:
694 2281 769 2356 quod
787 2283 873 2338 etiam
890 2281 921 2336 in
935 2279 1008 2336 libro
1022 2297 1070 2334 ιιι-

33 2367 160 2442 periore
174 2366 232 2419 iam
243 2363 376 2433 dkirnus.

458 2445 480 2503 C
501 2449 525 2502 A
546 2447 578 2502 Ρ.
615 2445 663 2502 ll.

34 2529 80 2582 De
92 2546 126 2580 ea
137 2505 240 2588 morte,
256 2542 323 2594 quoe
333 2525 439 2578 animae
453 2542 555 2593 temper
565 2535 699 2594 utcunque
708 2527 830 2578 victurae
841 2525 961 2577 occidere
973 2534 1072 2591 potest,

341 2605 368 2646 et
378 2612 410 2647 eo
421 2595 466 2646 cui
475 2611 570 2662 corpus
581 2595 722 2646 obnoxium
732 2604 781 2646 eet.

107 2685 172 2744 Sed
184 2685 220 2740 de
232 2687 296 2759 ipso
311 2703 418 2763 genere
430 2687 531 2740 mortis
544 2683 628 2740 video
641 2682 712 2739 mihi
727 2684 813 2758 paulo
828 2682 998 2762 diligentius
1013 2671 1072 2738 dis-¹

34 2769 210 2829 serendum.
249 2769 387 2834 Quamvis
402 2770 480 2824 enim
491 2767 617 2824 humana
630 2769 726 2824 anima
738 2769 883 2826 veraciter
902 2768 1071 2822 immortalis

31 2852 241 2931 perhibeatur,
262 2849 349 2908 babet
370 2861 467 2909 tamen
489 2851 632 2928 quandam
655 2853 742 2908 etiam
760 2853 823 2927 ipsa
838 2860 960 2908 mortem
981 2868 1069 2907 suam.

32 2940 120 2998 Nam
137 2934 202 2992 ideo
216 2935 323 2991 dieitur
335 2937 520 3008 immortalis,
543 2937 611 3013 quio
622 2935 707 2993 modo
720 2935 843 3012 quodam
856 2936 1070 3012 quantulocun-

34 3042 96 3100 que
111 3037 175 3076 nen
192 3019 300 3075 desinit
317 3021 416 3075 vivere
429 3029 515 3095 atquc
534 3021 658 3076 sentire:
681 3038 785 3094 eorpus
799 3030 895 3077 autem
906 3018 972 3076 ideo
994 3029 1070 3074 mor-

32 3109 118 3175 tale,
143 3103 281 3180 quoniam
303 3101 398 3160 deseri
419 3105 498 3159 omni
518 3106 579 3162 vite
600 3113 707 3177 potest,
731 3123 786 3160 nec
799 3124 851 3180 per
864 3124 895 3160 se
910 3105 1005 3179 ipsum
1017 3105 1070 3158 ali·

33 3198 189 3266 quatenus
201 3188 285 3244 vivit.
318 3185 397 3243 Mors
408 3188 498 3265 igitur
510 3189 624 3245 animae
637 3187 680 3259 fit,
699 3207 765 3244 cum
778 3206 842 3243 eam
855 3187 964 3242 deserit
976 3186 1071 3242 Deus:

32 3275 120 3330 sicut
135 3272 280 3344 corporis,
295 3288 359 3326 cum
372 3269 402 3325 id
415 3270 522 3326 deserit
535 3273 639 3326 anima.
653 3270 896 3348 Ergoutriusque
909 3271 963 3340 rei,
977 3268 1072 3340 idest,
1108 3276 1109 3280 ’

31 3357 133 3415 totius
145 3353 275 3410 housinis
287 3371 365 3411 mors
379 3364 438 3424 est,
465 3372 531 3409 curn
544 3356 640 3410 anima
653 3373 671 3410 a
683 3353 747 3411 Deo
761 3353 874 3409 deserta
887 3353 994 3408 deserit
1007 3370 1071 3406 cor-

29 3459 103 3518 pus.
122 3439 172 3496 lta
185 3439 265 3494 enim
276 3456 331 3494 nec
344 3455 382 3492 ex
394 3436 458 3494 Deo
469 3438 543 3492 vivit
554 3439 628 3512 ipsa,
641 3456 695 3493 nec
709 3453 811 3510 eorpus
826 3453 863 3489 cx
876 3437 948 3508 ipsa.
961 3432 1071 3488 Huius-

30 3524 236 3582 mediantem
248 3520 338 3578 totiu's
350 3519 475 3576 hominis
488 3519 610 3579 mortem
622 3522 674 3576 ille
689 3521 839 3595 sequitur,
865 3535 950 3592 quam
967 3531 1071 3570 secun·

30 3610 105 3666 dam
118 3613 248 3664 mortem
260 3603 424 3661 divinorum
437 3604 617 3678 eloquiorum
635 3605 760 3679 appellat
776 3601 945 3666 auotoritas.
987 3595 1072 3652 Henc

29 3692 180 3750 Salvator
193 3687 384 3766 significavit,
397 3687 446 3743 ubi
459 3687 515 3742 ait:
537 3684 612 3742 Eum
625 3689 740 3756 timete,
764 3686 815 3762 qui
835 3683 922 3742 babet
933 3691 1072 3760 potestu-

27 3789 93 3837 tem
108 3785 141 3834 et
155 3788 266 3852 corpor
280 3781 310 3828 et
322 3773 450 3828 enimam
456 3769 587 3848 perdere
599 3771 629 3825 in
641 3768 810 3846 gebennam.
834 3765 916 3834 Quod
930 3784 994 3822 cum
1005 3773 1073 3820 ante

28 3879 96 3918 non
111 3858 178 3930 liet,
192 3873 252 3931 qua
265 3873 331 3912 eum
344 3856 440 3912 enimc
453 3853 570 3926 corpori
584 3855 625 3908 sic
639 3853 882 3928 fueritcopulata,
894 3849 1015 3907 utnulla
1029 3847 1072 3904 di-

732 3935 782 3994 Bb
