2576 4396
238 223 298 280 288
465 213 561 274 DlVl
582 211 768 273 AVRELll
788 211 1043 271 lvevs'rlnu

239 372 416 442 Pharaonis,
434 367 489 424 boc
502 375 562 439 est,
583 368 663 445 regis
677 366 816 444 Aegypti,
830 367 881 441 qni
892 367 1030 441 populum
1044 366 1127 424 illum
1140 367 1274 426 domina-

239 461 320 516 tione
333 451 521 530 deprimebat,
534 449 638 506 adhoc
650 449 747 506 facere
761 449 903 525 quaedam
913 451 989 506 mira
998 451 1133 524 permissi
1146 463 1229 524 sunt,
1244 465 1275 510 ut

239 539 400 598 mirabilius
413 529 621 594 vincerenturl
648 532 695 591 llli
708 534 787 590 enim
801 532 948 592 iaciebant
959 533 1111 591 veneficiis
1125 543 1156 590 et
1169 537 1274 592 incan-

238 623 398 682 tationibus
410 619 543 697 magieis,
556 617 660 693 quibus
674 626 744 673 sunt
756 619 826 674 mali
838 618 947 694 angeli,
967 615 1023 674 hoo
1036 627 1097 689 est,
1115 617 1274 676 daemones

239 708 342 766 dediti:
362 704 479 780 Moyses
493 711 591 758 autem
604 710 686 758 tanto
697 702 856 774 potentins,
871 709 979 776 quanto
992 702 1096 758 iustius
1110 703 1274 768 innomine

239 790 369 860 Domini,
384 805 458 864 quae
471 785 541 841 lecit
554 786 666 841 coelum
680 794 710 842 et
724 793 847 856 terram,
862 785 1056 841 servientibus
1069 785 1209 864 Angelis,
1224 806 1273 843 eos

239 875 326 932 facilc
339 869 495 946 superarit.
521 865 655 944 Denique
677 869 817 926 intortis
837 870 925 946 plaga
947 867 1148 926 deficientibus
1166 873 1273 949 magis,

240 958 340 1014 decem
349 956 452 1032 plagae
463 971 514 1028 per
525 950 647 1028 Moysen
658 969 765 1030 magna
773 953 978 1029 mysteriorum
990 952 1182 1027 dispositione
1194 975 1272 1012 com-

239 1043 334 1118 pletae
348 1046 431 1108 sunt,
453 1036 557 1111 quibus
571 1035 608 1092 od
620 1034 679 1092 Dei
691 1036 829 1110 populum
844 1035 1057 1107 dimittendum,
1071 1035 1232 1094 Pharaonis
1247 1049 1273 1094 et

239 1123 452 1202 Aegyptiorum
465 1119 537 1176 dura
551 1118 639 1176 corda
651 1127 810 1176 cesserunt.
836 1118 963 1194 Moxque
975 1121 1138 1194 poenituit,
1164 1130 1194 1178 et
1208 1141 1273 1178 eum

240 1206 428 1266 abscedentes
438 1201 587 1260 Hebraeos
602 1204 744 1278 consequi
755 1211 942 1274 conarentur,
956 1204 1015 1259 illis
1029 1202 1122 1260 diviso
1135 1207 1210 1260 meri
1222 1224 1273 1279 per

239 1293 352 1348 siceum
370 1287 607 1358 transeuntibus,
633 1285 712 1344 nuda
728 1285 805 1360 hine
817 1295 904 1362 atque
916 1283 984 1344 hinc
1002 1289 1035 1344 in
1050 1305 1114 1342 sese
1132 1287 1273 1346 redeunte

240 1373 370 1449 cooperti
384 1381 414 1427 ct
426 1371 557 1446 oppressi
569 1379 649 1426 sunt.
675 1369 752 1437 Quid
772 1368 808 1426 de
824 1371 883 1426 illis
899 1371 1047 1428 miraculis
1063 1370 1170 1442 dicam,
1196 1390 1273 1446 quae

239 1477 305 1516 oum
315 1459 347 1514 in
355 1455 470 1512 deserto
481 1454 557 1510 idem
565 1455 688 1528 populus
701 1452 880 1526 ductaretur,
894 1453 1034 1530 stupenda
1044 1453 1197 1513 divinitate
1210 1475 1272 1512 cre·

239 1543 396 1611 bruerunt3
422 1557 511 1613 aquas
525 1555 599 1612 quae
613 1537 751 1594 bibinen
767 1546 922 1610 poterant,
947 1539 1037 1594 misso
1054 1540 1086 1596 in
1106 1557 1171 1612 eas,
1198 1541 1272 1595 sicut

240 1625 321 1684 Deus
334 1630 532 1698 praeceperat,
545 1622 638 1698 ligno,
652 1619 847 1678 amaritudine
860 1623 1001 1694 caruisse,
1019 1623 1212 1698 sitientesque
1225 1642 1270 1680 sa-

240 1711 342 1766 tiasse:
356 1724 464 1764 manna
476 1702 671 1760 esurientibus
684 1705 804 1762 renism
817 1703 852 1760 de
866 1707 962 1778 coelo;
977 1714 1007 1768 et
1020 1724 1086 1762 cum
1099 1715 1177 1762 esset
1190 1709 1269 1762 colli·

239 1791 374 1871 gentibus
387 1790 547 1846 constituta
557 1802 710 1859 mensura3
728 1787 864 1863 quicquid
877 1790 999 1864 amplius
1012 1791 1135 1866 quisque
1147 1791 1268 1868 college-

239 1887 296 1947 rat,
310 1875 421 1930 exortis
433 1871 581 1930 vermibus
594 1871 756 1945 putruisse,
774 1880 843 1928 ante
857 1871 933 1929 diem
945 1891 1016 1930 vero
1031 1872 1143 1930 sabbati
1155 1873 1269 1948 duplum

240 1961 409 2028 collectum,
435 1955 503 2032 quia
515 1953 634 2010 sabbato
647 1954 786 2032 colligere
798 1973 860 2012 non
878 1954 994 2028 licebat,
1020 1958 1101 2014 nulla
1116 1957 1269 2032 putredine

240 2045 392 2102 violatum:
418 2035 652 2096 desiderantibus
671 2055 760 2096 earne
772 2039 870 2112 vesci,
893 2058 968 2116 quae
980 2049 1062 2100 tanto
1074 2042 1179 2115 populo
1193 2043 1270 2098 nulle

240 2126 373 2184 sufficere
385 2141 472 2200 posse
484 2120 647 2190 videbatur,
660 2122 826 2179 volatilibus
840 2131 937 2180 castra
950 2125 1102 2199 completa,
1117 2133 1147 2180 et
1161 2126 1271 2200 cupidi7

240 2213 308 2267 tatis
320 2207 453 2265 ardorem
462 2205 580 2261 fastidio
592 2206 735 2262 satietatis
749 2207 941 2264 exstinctum:
964 2208 1064 2264 obvios
1077 2205 1177 2265 hostes
1190 2219 1267 2266 tran-

238 2295 383 2365 situmque
404 2288 592 2365 prohibentes
617 2297 704 2364 atque
728 2289 920 2364 proeliantes,
946 2299 1049 2348 orante
1071 2290 1184 2366 Moyse,
1210 2313 1266 2348 ma-

239 2377 381 2449 nibusque
400 2375 462 2429 eins
479 2373 512 2427 in
532 2369 658 2449 liguram
685 2373 778 2428 crucis
797 2376 942 2446 extentis,
968 2377 1047 2432 nullo
1071 2371 1267 2454 Hebraeorum

240 2457 362 2515 cedente
374 2464 551 2532 prostratos:
564 2454 721 2511 seditiosos
735 2457 767 2511 in
779 2457 965 2532 populoDci,
978 2477 1012 2515 ec
1027 2477 1091 2514 sese
1105 2459 1140 2516 ab
1154 2460 1266 2516 ordina-

238 2553 271 2600 ta
283 2542 422 2598 divinitus
437 2541 577 2597 societate
590 2537 770 2612 dividentes,
784 2538 822 2596 ad
835 2544 997 2616 exemplum
1009 2542 1125 2598 risibile
1137 2543 1266 2600 invisibi-

238 2629 274 2684 lis
287 2644 413 2702 poenae,
427 2625 511 2682 rivos
525 2632 605 2680 terra
618 2621 786 2679 dehiscente
800 2623 979 2684 submersos:
1004 2627 1090 2703 virga
1102 2643 1265 2700 percussam

238 2721 349 2787 petram
361 2718 461 2767 tentae
474 2705 655 2764 multitudini
674 2705 852 2766 abnndantia
869 2707 980 2766 lluenta
998 2709 1123 2766 fudisse:
1151 2729 1266 2786 serpen-

237 2805 300 2852 tum
321 2810 435 2850 morsus
456 2789 637 2861 mortiferos,
663 2808 788 2863 poenam
810 2792 1001 2850 iustissimam
1020 2802 1215 2867 peccatorum,
1238 2796 1266 2850 in

236 2879 319 2956 ligno
333 2878 460 2932 exaltato
470 2884 558 2948 atque
570 2882 722 2947 prospecto
737 2892 829 2931 aeneo
839 2885 975 2951 serpente
988 2885 1115 2949 sanatos,
1130 2887 1164 2934 ut
1176 2887 1207 2933 et
1218 2899 1266 2953 po-

236 2963 304 3034 pulo
317 2958 521 3014 subveniretur
533 2955 650 3027 afflicto,
666 2964 696 3012 et
708 2975 785 3014 mors
799 2969 893 3016 morte
906 2959 1067 3032 destructa,
1079 2963 1163 3019 velut
1172 2964 1265 3018 crnci-

236 3043 313 3099 iixae
339 3041 442 3096 mortis
467 3038 657 3095 similitudine
679 3039 863 3118 signareturi
892 3044 984 3110 Quem
1009 3063 1080 3101 sene
1104 3055 1265 3120 serpentem

236 3134 354 3200 propter
367 3123 437 3180 facti
449 3124 618 3179 memoriam
630 3134 821 3198 reservatum,
841 3145 906 3183 cum
915 3137 1017 3202 postea
1029 3131 1152 3203 populus
1166 3146 1264 3184 errans

236 3218 374 3284 tanquam
386 3207 496 3264 idolum
508 3210 604 3263 colere
617 3209 777 3282 coepisset,
802 3208 944 3267 Ezechias
957 3229 1012 3267 rex
1029 3213 1168 3289 religiosa
1185 3222 1263 3288 potc-

234 3301 309 3350 state
323 3291 387 3350 Deo
400 3293 543 3363 serviens,
557 3309 622 3348 eum
635 3307 741 3370 magna
756 3294 872 3367 pietatis
884 3294 969 3352 laude
983 3296 1131 3355 contrivit.

633 3458 754 3517 CAP.
797 3459 864 3519 lX.

233 3555 275 3611 De
285 3557 388 3641 illicitis
398 3557 504 3611 artibus
515 3571 583 3627 erge
593 3556 749 3608 demonem
759 3561 870 3623 cultum,
881 3559 910 3642 ie
918 3560 1015 3642 quibus
1025 3559 1197 3630 Porphyrius
1203 3561 1263 3614 ma-

267 3637 380 3693 tsmscss,
390 3628 520 3698 quaedam
526 3625 674 3695 motando,
685 3628 815 3693 quaedum
825 3645 903 3697 queas
912 3631 1231 3700 improbendmsersctsr.

294 3715 376 3773 Haec
388 3727 419 3774 et
431 3719 489 3774 alis
500 3718 591 3774 mults
603 3712 821 3791 huiuscemodi,
841 3738 916 3796 quae
929 3724 1027 3779 omnis
1039 3740 1263 3779 commemorare

235 3800 320 3855 nimis
343 3801 463 3878 longum
486 3809 541 3871 est,
564 3796 674 3854 fiebant
694 3799 729 3856 ad
748 3804 1007 3863 commendandum
1020 3807 1108 3861 unius
1125 3803 1186 3862 Dei
1204 3805 1263 3862 reri

235 3882 354 3956 cultum,
368 3893 398 3939 et
410 3885 565 3940 multomm
576 3880 774 3959 falsorumque
786 3885 1004 3964 prohibendum.
1030 3888 1156 3948 Fiebant
1168 3899 1263 3948 autem
