2586 4396
256 185 318 247 DE
345 182 564 248 clvltATE
593 187 673 248 DEI
695 189 779 250 ute.
805 191 876 252 Vll.
1022 195 1082 256 21³

54 346 138 421 „curu
149 340 268 421 quoa·
278 340 378 417 opinio
390 341 533 400 melorum
546 341 583 399 de
595 341 642 399 lrie
662 341 788 416 deabus,
814 343 890 421 quod
910 347 1011 422 plum
1033 363 1084 406 eor

51 434 211 509 „putarunt
235 443 319 496 eree,
342 443 402 481 non
429 427 571 504 pugnat.“
605 426 754 494 Quomodo
781 444 841 485 non
864 439 993 509 pugnet,
1017 449 1084 490 enrn

49 513 125 574 valde
138 509 227 569 alind
246 509 304 580 eit,
330 525 419 564 unam
434 507 517 566 deoru
534 507 778 567 nominehabere
791 513 898 584 multa,
922 513 1002 571 aliud
1019 533 1085 573 em

49 597 112 656 deae
125 587 262 652 multari
287 589 347 650 Sed
359 600 466 667 potent,
488 593 596 668 inquit,
618 591 684 650 fieri
696 601 731 650 nt
744 593 845 654 eedem
857 613 906 654 ree
919 605 950 654 et
962 615 1023 655 nna
1034 599 1085 671 rit,

49 692 75 740 et
86 683 119 738 in
132 696 171 736 eo
184 675 330 754 quaedam
341 693 390 730 roo
404 677 465 732 rint
475 677 582 752 plnres.
610 675 757 750 Concedo,
770 679 802 736 in
816 697 877 737 uno
890 678 1009 738 homine
1021 697 1086 742 eree

48 784 92 823 ree
108 764 233 840 pluteo,
260 759 404 834 numquid
415 759 489 832 ¹ideo
510 769 540 816 et
555 758 688 818 hominen
706 758 824 838 plureel
848 761 900 822 Sic
912 765 945 822 in
958 783 1020 822 uno
1031 763 1087 822 deo

52 867 110 905 eree
121 863 174 903 reo
187 845 303 920 plnree,
316 843 456 919 numquid
468 843 534 902 ideo
547 853 578 901 et
589 843 659 902 deor
671 841 787 921 plnrerl
818 844 928 906 Verum
941 848 1020 906 ιίιιιι
1030 866 1085 908 ro-

52 934 119 1003 luut,
133 927 286 998 dividant,
299 924 443 999 conflent,
456 928 659 1003 multiplicent,
675 931 828 1005 replicent,
842 931 1001 1008 implicent.

104 1012 193 1072 Haeo
210 1019 283 1067 runt
295 1007 422 1066 Telluris
445 1019 475 1067 et
491 1007 595 1068 Matri·
614 1029 739 1090 mognoe
761 1016 911 1088 praeclara
932 1015 1085 1092 myrterin,

49 1098 123 1157 unde
142 1095 248 1155 omnia
264 1091 436 1153 referuntur
453 1093 490 1150 od
508 1097 643 1152 mortalia
660 1098 773 1153 semina
791 1097 872 1155 etad
890 1099 1086 1158 exercendem

51 1182 272 1262 agriculturam.
288 1173 371 1232 ltnne
385 1176 422 1234 od
434 1176 506 1234 haec
517 1180 611 1235 relate
624 1188 655 1236 et
667 1177 745 1236 hunc
758 1179 847 1238 linem
858 1179 997 1240 habentia
1007 1191 1085 1258 tym-

49 1285 164 1344 panum,
177 1271 292 1333 torreo,
305 1259 394 1332 (lulli,
403 1262 520 1318 iactatio
530 1263 636 1320 intono
646 1263 853 1335 membrorum,
865 1266 993 1340 erepitne
1005 1283 1085 1340 eym-

50 1351 196 1418 boiorum,
221 1343 362 1426 confictio
379 1345 515 1416 leonum,
540 1345 633 1402 vitem
650 1346 786 1420 cuiquam
801 1348 977 1422 pollicentur
990 1357 1087 1404 aeter·

53 1428 137 1492 nami
161 1429 245 1486 itane
256 1437 413 1505 propterea
427 1427 506 1486 Galli
518 1427 626 1484 obecioi
636 1427 706 1486 lruio
719 1427 845 1509 Magnae
857 1430 929 1488 deoc
942 1432 1087 1504 terriunt,

51 1526 87 1575 ut
103 1511 273 1596 significent
297 1513 349 1588 qui
370 1513 482 1569 romine
504 1509 669 1590 indigeant,
696 1521 805 1570 terram
829 1515 913 1592 requi
934 1523 1088 1591 oportere3

50 1601 135 1677 quael
158 1615 222 1656 non
251 1614 302 1654 eoo
327 1597 391 1671 ipae
413 1597 510 1672 potino
536 1597 665 1654 territur
687 1598 799 1655 romine
821 1596 912 1657 laniat
931 1595 1088 1678 indigeret

48 1685 152 1742 Vtrum
166 1681 250 1738 euim
259 1679 409 1756 sequendo
419 1677 495 1737 lranc
505 1677 600 1752 dcam,
614 1699 681 1738 oum
692 1681 857 1760 indigeant,
870 1701 971 1740 remen
984 1684 1086 1759 eequi-

48 1777 130 1839 runt3
143 1783 185 1823 ιιι
197 1765 296 1840 potino
309 1763 456 1840 requendo
466 1761 542 1821 hono
553 1763 648 1838 deum,
663 1783 730 1822 eum
737 1755 874 1841 habeant,
887 1785 988 1824 nemen
1001 1768 1086 1824 amit-

47 1847 132 1910 tuntl
146 1847 217 1908 lloe
230 1847 423 1924 interpretari
435 1855 490 1922 ert,
504 1865 543 1905 ιιι
556 1845 714 1906 detenteril
727 1847 790 1906 Neo
802 1849 978 1923 attenditur,
992 1867 1086 1926 quan-

47 1947 105 1994 tum
118 1933 249 2012 maligni
262 1930 419 1988 doemones
431 1933 659 2006 praevaluerint,
677 1934 729 2009 qni
740 1951 796 1990 uec
810 1935 909 2011 aliqua
920 1939 1029 2013 unguo
1039 1932 1086 1989 hio

46 2022 137 2078 ιιιιίι
150 2015 290 2095 polliceri
303 2016 368 2072 enei
381 2022 463 2088 eunt,
477 2024 508 2073 et
517 2017 723 2074 tam'orutlelio
735 2018 857 2094 exigere
869 2025 1035 2093 potuerunt.
1053 2015 1088 2074 si

46 2105 97 2162 dea
111 2113 197 2162 terro
211 2097 272 2158 non
286 2108 382 2170 erret,
407 2117 511 2158 monuo
525 2100 554 2156 ei
565 2098 699 2158 hominen
713 2100 859 2176 operando
872 2101 1030 2172 inferrent,
1054 2109 1089 2156 ut

47 2189 160 2246 semina
176 2192 431 2260 consequerentur
442 2201 494 2258 per
507 2183 601 2256 illam3
624 2202 686 2241 non
699 2186 788 2242 etiem
801 2183 858 2240 eibi
871 2183 1043 2257 saeviendo,
1054 2191 1090 2240 nt

47 2274 161 2329 nemina
175 2265 336 2345 perderent
347 2275 467 2343 propter
479 2268 568 2324 illurn.
611 2265 646 2325 si
658 2267 713 2326 dee
725 2287 786 2327 non
800 2277 895 2341 erret,
908 2271 952 2326 ita
965 2267 1088 2326 foecun-

46 2357 83 2414 da
107 2355 199 2412 fieret
223 2350 359 2410 munibuo
385 2352 505 2422 alienia,
531 2360 567 2408 ut
579 2369 639 2408 uon
662 2361 785 2432 cogeret
795 2350 944 2410 hominem
958 2354 1089 2410 oterilenr

48 2441 112 2500 fieri
123 2436 266 2496 manibus
280 2435 352 2492 ιιιίι.
388 2431 450 2492 loru
462 2433 542 2511 quod
553 2435 586 2491 in
598 2433 699 2494 Liberi
712 2438 803 2493 recrie
815 2435 941 2493 honerta
953 2445 1090 2494 mutrona

46 2521 186 2600 pudenda
199 2519 301 2578 virilia
312 2518 487 2594 coronabat,
513 2527 664 2594 spectante
676 2518 879 2590 multitudine3
905 2519 957 2574 nbi
979 2518 1089 2574 rubens

50 2617 80 2664 et
96 2605 226 2677 andane,
255 2603 282 2660 oi
295 2611 341 2658 eet
353 2602 412 2660 ulla
424 2601 509 2660 freno
522 2603 555 2657 in
566 2598 748 2672 horninibus,
775 2599 908 2656 adrtelrat
920 2599 1046 2656 foraiton
1060 2608 1090 2656 et

48 2691 186 2748 moritur:
214 2695 247 2746 et
260 2685 339 2763 quod
351 2686 384 2746 iu
398 2684 597 2744 celebratione
609 2684 796 2760 nuptiarum,
811 2701 898 2757 super
910 2681 1012 2758 Priapi
1023 2700 1089 2740 reo·

47 2792 124 2848 pum
136 2791 211 2832 nora
225 2778 319 2846 nupto
332 2767 434 2826 redere
448 2766 618 2827 iubebatur:
636 2767 725 2846 longe
740 2765 987 2824 contemtibilioro
1001 2773 1091 2842 atque

47 2858 163 2914 leviore
176 2864 250 2916 eunt
261 2870 333 2932 pree
345 2853 404 2910 iate
415 2849 598 2930 turpitudine
620 2851 823 2918 erudelissima
847 2853 895 2908 vel
918 2849 1090 2908 crudelitate
1194 2853 1197 2862 “

47 2941 241 3015 turpioeima,
252 2935 305 2996 nbi
317 2934 514 2996 doemonioeie
528 2934 639 2993 artibus
652 2937 697 2992 ric
709 2945 834 3012 uterque
844 2953 932 2992 euno
945 2934 1090 3005 illuditur,

45 3035 79 3082 ut
91 3033 202 3082 neuter
215 3041 270 3080 ono
282 3021 407 3077 vulnere
419 3021 588 3095 perimatur.
631 3018 675 3076 lbi
700 3019 855 3078 ιιιιίιιιιίι
868 3021 989 3076 timetur
1001 3037 1089 3098 agro-

44 3129 130 3181 rum,
159 3107 209 3164 hio
222 3103 420 3164 membrorum
432 3103 591 3179 amputatio
604 3105 803 3161 nontirnetur.
846 3102 945 3162 lutrio
958 3101 1088 3162 dehone-

44 3201 145 3252 statur
161 3209 259 3249 norae
271 3193 382 3264 nuptae
394 3185 590 3260 verecundie,
603 3195 637 3246 ut
647 3205 709 3246 uon
718 3189 814 3246 nolum
826 3185 1023 3258 foecundior,
1036 3183 1090 3245 eod

43 3297 101 3336 nee
129 3275 293 3355 virginitas
319 3269 479 3329 adimetur:
503 3267 793 3348 lrioitaamputatur
815 3272 957 3344 virilitor,
984 3278 1089 3328 utneo

42 3368 243 3420 convertetur
256 3359 289 3416 iu
302 3355 457 3428 feminam,
476 3373 532 3413 neo
543 3355 590 3412 vir
603 3357 797 3432 relinquatur.

424 3503 549 3564 CAP.
591 3503 716 3562 XXV.

71 3607 168 3674 Quom
178 3606 432 3676 interpretationem
443 3601 474 3654 de
483 3601 631 3656 alonem
641 3601 710 3672 Atye
724 3573 889 3654 comme·
899 3593 1062 3667 eopkotierr

432 3671 555 3726 doctrino
573 3671 714 3742 repererit.

108 3783 153 3844 Iit
168 3783 243 3864 Atye
255 3785 308 3842 ille
322 3799 383 3840 non
397 3790 443 3837 eet
455 3788 715 3850 commemoretur,
728 3795 784 3836 neo
797 3776 865 3833 eiur-
874 3771 910 3833 ab
923 3776 982 3832 ieto
996 3775 1089 3831 inter·

44 3869 181 3946 protetio
206 3868 351 3947 requirite
375 3873 438 3938 eet,
464 3865 496 3922 in
519 3865 604 3922 cuiue
628 3862 792 3921 dneeflonn
806 3861 974 3919 memorium
987 3857 1092 3917 Gallu}
