2586 4396
267 177 324 234 DE
347 175 559 236 clvlrarss
582 179 663 237 Dlll
683 180 762 238 LlB.
784 181 857 239 XV.
1041 187 1079 247 53

51 334 117 388 sint
129 345 206 386 unus
218 339 338 402 noster,
352 339 381 385 et
393 329 490 386 decem
504 331 599 388 nostri
613 342 728 388 centum
740 335 864 390 illorum.
907 335 972 394 Hoc
986 349 1079 395 autern

51 415 245 472 sanissimum
267 431 344 483 ease,
368 413 541 471 documento
556 413 772 472 evidentissimo
787 418 957 475 ostenditur.
999 421 1081 488 Quod

50 507 122 555 ante
139 515 229 572 quam
242 496 363 568 faciam,
389 515 451 554 non
463 497 536 553 milri
548 498 701 555 tacendum
713 499 843 571 videtur,
869 520 943 577 quae
957 502 1080 559 credibi-

48 583 109 639 lior
122 581 216 656 possit
230 597 293 636 ease
308 581 443 655 suspicio.
475 580 643 638 Poteramus
659 593 736 639 certe
749 582 824 641 hanc
837 587 1081 642 asseverationem

50 683 92 721 ex
105 663 249 721 Hebraeis
264 661 410 720 codicibus
425 665 603 743 redarguere
616 675 702 741 atque
716 669 906 737 convincere,
929 670 979 726 ubi
992 668 1080 726 Adam

51 767 118 806 nou
135 747 324 804 ducentorum
343 749 482 825 triginta,
495 789 498 796 »
509 749 558 804 sed
572 758 687 805 centum
700 751 822 828 triginta
834 770 979 808 annorum
992 751 1081 809 fuisse

52 833 217 906 reperitur,
242 829 358 906 quando
375 834 494 888 tertium
507 834 611 911 genuit
623 833 729 891 lilium:
755 835 805 909 qui
818 837 889 892 anni
902 837 929 891 si
941 835 1081 892 tredecim

54 917 151 972 nostri
163 924 248 986 suut,
261 915 459 987 proculdubio
472 919 597 990 primum
611 919 728 994 genuit,
742 919 856 993 quando
869 918 1020 976 duodecim
1033 921 1081 976 vel

53 1019 114 1057 non
133 1000 224 1054 multo
242 999 363 1072 amplius
381 1015 524 1056 annorum
540 1000 605 1057 fuit.
648 1002 718 1068 Quia
737 1011 833 1075 potest
852 1001 907 1059 bac
919 1011 1015 1059 aetate
1028 1021 1080 1080 ge-

51 1102 159 1142 nerare
171 1084 281 1138 usitata
293 1083 351 1137 ista
364 1083 505 1159 uobisque
518 1085 669 1140 notissima
681 1085 746 1162 lege
759 1082 900 1142 naturaei
932 1084 991 1142 Sed
1003 1085 1080 1142 hunc

51 1170 237 1238 omittamus,
253 1167 304 1241 qui
317 1164 440 1222 fortasse
453 1168 541 1222 etiam
554 1166 667 1242 quando
682 1177 796 1223 creatus
810 1177 869 1240 est,
882 1171 986 1244 potuit.
1013 1169 1080 1226 Non
1154 1209 1155 1213 ι

52 1254 132 1309 euim
155 1269 221 1306 eum
243 1258 303 1305 tam
325 1267 461 1324 parvum,
487 1267 572 1325 quam
595 1250 723 1306 infantes
746 1253 841 1308 nostri
865 1260 948 1322 sunt,
972 1251 1080 1308 factum

53 1335 163 1406 fauisse,
183 1332 319 1389 credibile
332 1341 385 1388 est.
428 1331 487 1390 Sed
499 1332 577 1389 filius
591 1335 653 1390 eius
667 1352 727 1390 non
742 1333 931 1391 ducentorum
944 1336 1080 1411 quinque,

53 1421 134 1476 sicut
155 1435 206 1474 noa
228 1417 370 1493 legimus,
395 1415 446 1472 sed
465 1425 584 1473 eentum
603 1418 731 1494 quinque
747 1417 821 1490 fuit,
849 1419 965 1494 quando
978 1419 1082 1496 genuit

50 1501 148 1562 linos:
173 1520 208 1562 ac
220 1518 273 1574 per
285 1498 357 1571 hoc,
384 1499 542 1557 secundum
555 1503 643 1573 istos,
670 1500 800 1558 nondum
811 1499 934 1559 babebat
946 1501 1081 1558 undecim

43 1605 144 1665 *annos
157 1585 270 1642 aetatis.
296 1583 526 1650 anicianae
540 1582 660 1642 Caluam
674 1586 735 1640 eius
748 1585 824 1656 lilio,
839 1588 889 1661 qui
903 1604 991 1661 quum
1003 1584 1088 1668 apud¹

50 1689 104 1727 noa
119 1677 236 1727 centum
247 1669 433 1746 septuaginta
445 1669 625 1743 reperiatur,
646 1667 719 1744 apud
732 1667 882 1726 Hebraeos
896 1670 1080 1748 septuaginta

49 1756 156 1833 legitur
178 1751 288 1822 nisse,
316 1752 429 1827 quando
453 1753 557 1830 genuit
567 1748 737 1808 Malalehell
763 1755 833 1820 Quis
852 1762 975 1832 generat
993 1751 1078 1810 homo

50 1840 213 1914 septennis,
228 1837 255 1890 si
268 1844 337 1891 tuuc
352 1837 423 1892 anni
435 1837 621 1914 septuaginta
639 1836 891 1911 nuncupabantur,
906 1838 956 1912 qui
970 1846 1078 1911 septem

47 1917 185 1980 fuerunti
557 1979 559 1986 ,

428 2005 449 2063 C
469 2007 493 2062 Α
512 2004 546 2062 Ρ.
587 2005 619 2062 Χ
632 2006 645 2062 l
658 2006 671 2063 l
684 2006 705 2062 l.

50 2102 91 2156 An
100 2104 129 2156 in
138 2103 351 2157 dinumeratione
361 2119 506 2166 annorum,
516 2101 700 2154 Hebraeorum
709 2102 795 2171 magia
805 2117 883 2170 quam
895 2101 1076 2170 Septuaginta

291 2173 471 2241 interpretum
481 2172 517 2224 sit
527 2173 657 2240 sequenda
668 2171 826 2224 auctoritas.

114 2259 172 2320 Sed
184 2281 271 2338 quum
290 2261 345 2319 hoc
363 2263 483 2333 dixero,
509 2263 647 2319 continuo
661 2261 807 2318 referetur
820 2261 891 2318 illud
904 2259 1078 2318 ludaeorum·

50 2365 114 2405 ease
125 2346 324 2418 mendacium,
338 2345 442 2422 dequo
456 2347 587 2421 superius
602 2347 674 2402 satis
688 2356 785 2402 actum
798 2355 855 2403 eat:
870 2365 937 2402 nam
950 2343 1074 2420 Septua-

49 2435 130 2510 ginta
142 2432 318 2506 interpretes
337 2430 519 2486 laudabiliter
537 2429 696 2485 celebratos
710 2431 789 2485 viros
803 2431 934 2502 potuisse
948 2429 1074 2484 mentiri.

49 2515 101 2572 Vbi
116 2516 143 2571 si
156 2533 310 2590 quaeram,
325 2511 395 2589 quid
412 2515 451 2570 sit
464 2511 645 2583 credibilius,
670 2511 843 2567 ludaeorum
863 2521 997 2588 gentem,
1016 2519 1075 2566 tam

49 2601 137 2675 longe
152 2599 269 2674 lateque
282 2595 433 2667 diffusam,
460 2597 490 2651 in
504 2592 558 2650 hoc
572 2593 812 2651 conscribendum
824 2593 1005 2648 mendacium
1017 2611 1075 2648 uno

51 2683 170 2738 consilio
183 2683 350 2756 conspirare
363 2681 506 2755 potuisse,
519 2685 549 2733 et
561 2677 629 2733 dum
640 2679 705 2733 aliia
713 2675 848 2734 invident
862 2675 1074 2747 auctoritatem,

50 2766 106 2821 sibi
123 2764 275 2822 abstulisse
293 2765 461 2835 veritatem3
491 2780 528 2818 an
542 2764 729 2840 septuaginta
745 2760 895 2832 homines,
922 2760 974 2836 qui
988 2760 1075 2815 etiam

51 2851 106 2923 ipsi
122 2845 218 2905 ludaei
240 2858 341 2920 erant,
367 2849 399 2904 in
417 2867 476 2904 uno
493 2847 559 2902 loco
578 2846 706 2920 positos,
731 2845 869 2923 quoniam
881 2861 936 2900 rex
949 2843 1075 2922 Aegypti

48 2932 228 2990 Ptolemaeus
243 2949 293 2988 eoa
308 2931 344 2988 ad
355 2930 411 2988 boc
425 2949 494 3007 opus
509 2929 687 3002 adsciverat,
705 2932 797 3004 ipsam
809 2929 961 2986 veritatem
976 2927 1073 3006 genti-

48 3019 98 3074 bus
112 3017 289 3094 alienigenis
302 3015 463 3087 invidisse,
486 3023 515 3070 et
538 3015 749 3072 communicato
772 3013 852 3070 istud
874 3021 946 3069 tunc
968 3012 1074 3068 iecisse

47 3101 183 3158 consilio:
211 3101 347 3175 quianon
361 3098 459 3156 videat
472 3097 540 3173 quid
556 3099 713 3172 proclivius
732 3097 902 3173 faciliusque
921 3091 1073 3153 credaturi

47 3184 103 3242 Sed
116 3185 196 3241 absit
207 3192 241 3240 ut
253 3182 381 3259 prudens
395 3183 552 3257 quispiam,
566 3183 614 3236 vel
626 3179 746 3238 ludaeos
761 3181 917 3237 cuiuslibet
928 3180 1073 3254 perversi-

46 3271 111 3326 tatis
136 3277 224 3343 atque
248 3268 375 3322 malitiae
399 3274 513 3321 tantum
535 3265 665 3338 potuisse
683 3263 782 3320 credat
799 3264 830 3318 in
850 3262 997 3320 codicibus
1015 3270 1074 3317 tam

48 3355 143 3409 multis
156 3359 260 3406 ettam
273 3352 363 3428 longe
375 3351 490 3423 lateque
504 3345 656 3421 dispersis;
669 3349 716 3404 vel
730 3344 922 3422 Septuaginta
934 3345 1000 3400 illos
1013 3363 1074 3400 me-

46 3435 202 3494 morabiles
221 3433 301 3490 vi'ros
319 3432 373 3490 hoc
392 3431 427 3487 de
440 3429 596 3487 invidenda
610 3430 744 3508 gentibus
757 3429 880 3484 veritate
893 3445 982 3484 unum
995 3445 1073 3481 cons·

47 3521 213 3577 manicasse
227 3519 387 3574 consilium.
424 3512 597 3572 Credibilius
611 3532 681 3592 ergo
695 3513 760 3588 quis
775 3511 898 3582 dixerit,
912 3526 1000 3585 quum
1013 3509 1074 3582 pri·

46 3622 124 3660 mum
138 3602 175 3658 de
186 3597 361 3658 bibliotheca
373 3597 531 3656 Ptolemaei
543 3595 668 3653 describi
681 3597 738 3651 ista
751 3600 924 3668 coeperunt,
937 3599 1009 3646 tunc
1020 3591 1074 3647 ali-

46 3687 115 3763 quid
127 3687 187 3744 tale
199 3685 266 3742 fieri
275 3685 404 3760 potuisse
416 3683 448 3737 in
462 3678 559 3736 codice
570 3697 646 3750 uno,
672 3680 783 3734 scilicet
795 3676 930 3751 primitus
943 3673 1012 3730 inde
1024 3674 1074 3731 de-

46 3772 173 3848 scripto,
196 3767 273 3825 unde
286 3770 345 3824 iam
357 3766 443 3822 latius
456 3772 619 3834 emanaret,
645 3761 695 3818 ubi
707 3761 802 3837 potuit
815 3758 931 3835 quidem
944 3759 1075 3816 accidere

47 3855 138 3913 etiarn
151 3853 301 3930 scriptoris
315 3867 404 3909 error.
448 3844 507 3905 Sed
523 3842 627 3906 hocin
640 3846 691 3903 illa
705 3846 874 3934 quaestione
892 3842 926 3900 de
940 3845 1000 3902 vita
1013 3843 1074 3902 Ma-
