<?xml version="1.0" encoding="UTF-8"?>
<!DOCTYPE html PUBLIC "-//W3C//DTD XHTML 1.0 Transitional//EN"
    "http://www.w3.org/TR/xhtml1/DTD/xhtml1-transitional.dtd">
<html xmlns="http://www.w3.org/1999/xhtml" xml:lang="en" lang="en">
 <head>
  <title>
</title>
<meta http-equiv="Content-Type" content="text/html;charset=utf-8" />
  <meta name='ocr-system' content='tesseract 3.04.00' />
  <meta name='ocr-capabilities' content='ocr_page ocr_carea ocr_par ocr_line ocrx_word'/>
</head>
<body>
  <div class='ocr_page' id='page_1' title='image "./saureliiaugusti02augugoog_0601.png"; bbox 0 0 2538 4392; ppageno 0'>
   <div class='ocr_carea' id='block_1_1' title="bbox 207 215 1006 288">
    <p class='ocr_par' dir='ltr' id='par_1_1' title="bbox 207 215 1006 288">
     <span class='ocr_line' id='line_1_1' title="bbox 207 215 1006 288; baseline -0.015 0"><span class='ocrx_word' id='word_1_1' title='bbox 207 233 265 288; x_wconf 80' lang='lat'><strong>178</strong></span> <span class='ocrx_word' id='word_1_2' title='bbox 390 237 394 240; x_wconf 84' lang='grc'><em>“</em></span> <span class='ocrx_word' id='word_1_3' title='bbox 433 221 529 282; x_wconf 78' lang='lat' dir='ltr'><strong>nivi</strong></span> <span class='ocrx_word' id='word_1_4' title='bbox 550 219 736 280; x_wconf 65' lang='lat' dir='ltr'><strong>evurtii</strong></span> <span class='ocrx_word' id='word_1_5' title='bbox 759 215 1006 278; x_wconf 23' lang='lat' dir='ltr'><strong>nvvnvsrlu&#39;l</strong></span> 
     </span>
    </p>
   </div>
   <div class='ocr_carea' id='block_1_2' title="bbox 205 367 1243 3928">
    <p class='ocr_par' dir='ltr' id='par_1_2' title="bbox 205 367 1233 703">
     <span class='ocr_line' id='line_1_2' title="bbox 207 367 1232 450; baseline -0.008 -12"><span class='ocrx_word' id='word_1_6' title='bbox 207 380 242 438; x_wconf 87' lang='lat' dir='ltr'><strong>cd</strong></span> <span class='ocrx_word' id='word_1_7' title='bbox 256 387 383 438; x_wconf 88' lang='lat' dir='ltr'><strong>mortem</strong></span> <span class='ocrx_word' id='word_1_8' title='bbox 393 375 460 434; x_wconf 90' lang='lat' dir='ltr'><strong>lesu</strong></span> <span class='ocrx_word' id='word_1_9' title='bbox 474 372 572 446; x_wconf 82' lang='lat' dir='ltr'><strong>Nare,</strong></span> <span class='ocrx_word' id='word_1_10' title='bbox 596 393 648 449; x_wconf 91' lang='lat' dir='ltr'><strong>per</strong></span> <span class='ocrx_word' id='word_1_11' title='bbox 664 389 749 450; x_wconf 83' lang='lat' dir='ltr'><strong>quem</strong></span> <span class='ocrx_word' id='word_1_12' title='bbox 766 373 889 448; x_wconf 84' lang='lat' dir='ltr'><strong>populus</strong></span> <span class='ocrx_word' id='word_1_13' title='bbox 910 369 986 428; x_wconf 87' lang='lat' dir='ltr'><strong>idem</strong></span> <span class='ocrx_word' id='word_1_14' title='bbox 1005 367 1117 428; x_wconf 73' lang='lat' dir='ltr'><strong>terim</strong></span> <span class='ocrx_word' id='word_1_15' title='bbox 1136 391 1232 449; x_wconf 88' lang='lat' dir='ltr'><strong>repro-</strong></span> 
     </span>
     <span class='ocr_line' id='line_1_3' title="bbox 207 453 1233 535; baseline -0.007 -15"><span class='ocrx_word' id='word_1_16' title='bbox 207 463 355 524; x_wconf 84' lang='lat' dir='ltr'><strong>missionis</strong></span> <span class='ocrx_word' id='word_1_17' title='bbox 368 461 490 535; x_wconf 85' lang='lat' dir='ltr'><strong>accepit,</strong></span> <span class='ocrx_word' id='word_1_18' title='bbox 503 476 587 516; x_wconf 83' lang='lat' dir='ltr'><strong>sacra</strong></span> <span class='ocrx_word' id='word_1_19' title='bbox 599 467 667 514; x_wconf 89' lang='lat' dir='ltr'><strong>sunt</strong></span> <span class='ocrx_word' id='word_1_20' title='bbox 679 458 819 516; x_wconf 86' lang='lat' dir='ltr'><strong>instituta·</strong></span> <span class='ocrx_word' id='word_1_21' title='bbox 827 453 883 512; x_wconf 90' lang='lat' dir='ltr'><strong>diis</strong></span> <span class='ocrx_word' id='word_1_22' title='bbox 895 454 1004 510; x_wconf 83' lang='lat' dir='ltr'><strong>felsisa</strong></span> <span class='ocrx_word' id='word_1_23' title='bbox 1013 455 1139 533; x_wconf 79' lang='lat' dir='ltr'><strong>regibus</strong></span> <span class='ocrx_word' id='word_1_24' title='bbox 1150 457 1233 514; x_wconf 81' lang='lat' dir='ltr'><strong>Grae·</strong></span> 
     </span>
     <span class='ocr_line' id='line_1_4' title="bbox 206 537 1233 620; baseline -0.005 -18"><span class='ocrx_word' id='word_1_25' title='bbox 206 549 284 614; x_wconf 84' lang='lat' dir='ltr'><strong>cieo,</strong></span> <span class='ocrx_word' id='word_1_26' title='bbox 311 562 384 620; x_wconf 85' lang='lat' dir='ltr'><strong>quea</strong></span> <span class='ocrx_word' id='word_1_27' title='bbox 396 543 563 600; x_wconf 85' lang='lat' dir='ltr'><strong>memoriam</strong></span> <span class='ocrx_word' id='word_1_28' title='bbox 581 541 701 612; x_wconf 84' lang='lat' dir='ltr'><strong>diluvii,</strong></span> <span class='ocrx_word' id='word_1_29' title='bbox 728 549 758 596; x_wconf 89' lang='lat' dir='ltr'><strong>ct</strong></span> <span class='ocrx_word' id='word_1_30' title='bbox 770 541 804 596; x_wconf 85' lang='lat' dir='ltr'><strong>ab</strong></span> <span class='ocrx_word' id='word_1_31' title='bbox 818 557 852 595; x_wconf 92' lang='lat' dir='ltr'><strong>co</strong></span> <span class='ocrx_word' id='word_1_32' title='bbox 871 538 1055 594; x_wconf 72' lang='lat' dir='ltr'><strong>liberationis</strong></span> <span class='ocrx_word' id='word_1_33' title='bbox 1075 537 1233 609; x_wconf 84' lang='lat' dir='ltr'><strong>hominum,</strong></span> 
     </span>
     <span class='ocr_line' id='line_1_5' title="bbox 205 621 1221 703; baseline -0.009 -17"><span class='ocrx_word' id='word_1_34' title='bbox 205 629 343 703; x_wconf 83' lang='lat' dir='ltr'><strong>vitaeque</strong></span> <span class='ocrx_word' id='word_1_35' title='bbox 367 636 438 682; x_wconf 88' lang='lat' dir='ltr'><strong>tuuc</strong></span> <span class='ocrx_word' id='word_1_36' title='bbox 459 642 651 681; x_wconf 78' lang='lat' dir='ltr'><strong>communesne</strong></span> <span class='ocrx_word' id='word_1_37' title='bbox 672 625 757 681; x_wconf 89' lang='lat' dir='ltr'><strong>modo</strong></span> <span class='ocrx_word' id='word_1_38' title='bbox 775 623 812 680; x_wconf 87' lang='lat' dir='ltr'><strong>ud</strong></span> <span class='ocrx_word' id='word_1_39' title='bbox 830 623 906 694; x_wconf 87' lang='lat' dir='ltr'><strong>alta,</strong></span> <span class='ocrx_word' id='word_1_40' title='bbox 931 621 1017 678; x_wconf 91' lang='lat' dir='ltr'><strong>modo</strong></span> <span class='ocrx_word' id='word_1_41' title='bbox 1029 621 1068 678; x_wconf 88' lang='lat' dir='ltr'><strong>ad</strong></span> <span class='ocrx_word' id='word_1_42' title='bbox 1081 624 1175 696; x_wconf 84' lang='lat' dir='ltr'><strong>plens</strong></span> <span class='ocrx_word' id='word_1_43' title='bbox 1187 625 1221 680; x_wconf 86' lang='lat' dir='ltr'><strong>mi</strong></span> 
     </span>
    </p>

    <p class='ocr_par' dir='ltr' id='par_1_3' title="bbox 206 703 1234 1032">
     <span class='ocr_line' id='line_1_6' title="bbox 206 703 1234 791; baseline -0.004 -23"><span class='ocrx_word' id='word_1_44' title='bbox 206 712 367 791; x_wconf 75' lang='lat' dir='ltr'><strong>grantium,</strong></span> <span class='ocrx_word' id='word_1_45' title='bbox 382 709 509 766; x_wconf 88' lang='lat' dir='ltr'><strong>sollenni</strong></span> <span class='ocrx_word' id='word_1_46' title='bbox 523 707 693 764; x_wconf 75' lang='lat' dir='ltr'><strong>celebritate</strong></span> <span class='ocrx_word' id='word_1_47' title='bbox 704 714 886 764; x_wconf 79' lang='lat' dir='ltr'><strong>revocarunt.</strong></span> <span class='ocrx_word' id='word_1_48' title='bbox 908 703 983 762; x_wconf 88' lang='lat' dir='ltr'><strong>Nam</strong></span> <span class='ocrx_word' id='word_1_49' title='bbox 997 714 1027 760; x_wconf 89' lang='lat' dir='ltr'><strong>et</strong></span> <span class='ocrx_word' id='word_1_50' title='bbox 1040 703 1234 780; x_wconf 76' lang='lat' dir='ltr'><strong>Lupercorum</strong></span> 
     </span>
     <span class='ocr_line' id='line_1_7' title="bbox 206 789 1234 871; baseline -0.007 -18"><span class='ocrx_word' id='word_1_51' title='bbox 206 811 259 871; x_wconf 88' lang='lat' dir='ltr'><strong>per</strong></span> <span class='ocrx_word' id='word_1_52' title='bbox 273 811 386 850; x_wconf 86' lang='lat' dir='ltr'><strong>sacrum</strong></span> <span class='ocrx_word' id='word_1_53' title='bbox 398 793 476 848; x_wconf 81' lang='lat' dir='ltr'><strong>viem</strong></span> <span class='ocrx_word' id='word_1_54' title='bbox 488 789 662 848; x_wconf 74' lang='lat' dir='ltr'>adscensum</span> <span class='ocrx_word' id='word_1_55' title='bbox 679 801 768 866; x_wconf 87' lang='lat' dir='ltr'><strong>atquc</strong></span> <span class='ocrx_word' id='word_1_56' title='bbox 788 789 960 846; x_wconf 70' lang='lat' dir='ltr'>descensum</span> <span class='ocrx_word' id='word_1_57' title='bbox 977 789 1021 844; x_wconf 88' lang='lat' dir='ltr'><strong>sic</strong></span> <span class='ocrx_word' id='word_1_58' title='bbox 1041 789 1234 864; x_wconf 86' lang='lat' dir='ltr'><strong>interpretau-</strong></span> 
     </span>
     <span class='ocr_line' id='line_1_8' title="bbox 207 872 1234 951; baseline -0.005 -17"><span class='ocrx_word' id='word_1_59' title='bbox 207 888 267 948; x_wconf 90' lang='lat' dir='ltr'><strong>tur‚</strong></span> <span class='ocrx_word' id='word_1_60' title='bbox 281 885 316 934; x_wconf 88' lang='lat' dir='ltr'><strong>ut</strong></span> <span class='ocrx_word' id='word_1_61' title='bbox 328 875 363 932; x_wconf 88' lang='lat' dir='ltr'><strong>ab</strong></span> <span class='ocrx_word' id='word_1_62' title='bbox 378 875 421 930; x_wconf 85' lang='lat' dir='ltr'><strong>eis</strong></span> <span class='ocrx_word' id='word_1_63' title='bbox 435 873 597 951; x_wconf 78' lang='lat' dir='ltr'><strong>significari</strong></span> <span class='ocrx_word' id='word_1_64' title='bbox 610 873 710 930; x_wconf 81' lang='lat' dir='ltr'><strong>dicant</strong></span> <span class='ocrx_word' id='word_1_65' title='bbox 724 872 872 944; x_wconf 86' lang='lat' dir='ltr'><strong>homines,</strong></span> <span class='ocrx_word' id='word_1_66' title='bbox 896 873 944 947; x_wconf 85' lang='lat' dir='ltr'><strong>qui</strong></span> <span class='ocrx_word' id='word_1_67' title='bbox 955 879 1076 946; x_wconf 89' lang='lat' dir='ltr'><strong>propter</strong></span> <span class='ocrx_word' id='word_1_68' title='bbox 1088 888 1184 948; x_wconf 84' lang='lat' dir='ltr'><strong>cquse</strong></span> <span class='ocrx_word' id='word_1_69' title='bbox 1197 875 1234 928; x_wconf 91' lang='lat' dir='ltr'><strong>in·</strong></span> 
     </span>
     <span class='ocr_line' id='line_1_9' title="bbox 208 954 1223 1032; baseline -0.006 -16"><span class='ocrx_word' id='word_1_70' title='bbox 208 960 409 1027; x_wconf 70' lang='lat' dir='ltr'><strong>undationem,</strong></span> <span class='ocrx_word' id='word_1_71' title='bbox 423 973 535 1012; x_wconf 86' lang='lat' dir='ltr'><strong>summe</strong></span> <span class='ocrx_word' id='word_1_72' title='bbox 547 957 690 1013; x_wconf 86' lang='lat' dir='ltr'><strong>montium</strong></span> <span class='ocrx_word' id='word_1_73' title='bbox 702 957 926 1032; x_wconf 53' lang='lat' dir='ltr'><strong>petiverunt,*et</strong></span> <span class='ocrx_word' id='word_1_74' title='bbox 938 970 1040 1010; x_wconf 76' lang='lat' dir='ltr'><strong>rursum</strong></span> <span class='ocrx_word' id='word_1_75' title='bbox 1055 954 1156 1011; x_wconf 81' lang='lat' dir='ltr'><strong>eedem</strong></span> <span class='ocrx_word' id='word_1_76' title='bbox 1169 958 1223 1010; x_wconf 89' lang='lat' dir='ltr'><strong>resi</strong></span> 
     </span>
    </p>

    <p class='ocr_par' dir='ltr' id='par_1_4' title="bbox 209 1037 1243 3928">
     <span class='ocr_line' id='line_1_10' title="bbox 209 1037 1236 1114; baseline -0.005 -16"><span class='ocrx_word' id='word_1_77' title='bbox 209 1043 297 1098; x_wconf 91' lang='lat' dir='ltr'><strong>dente</strong></span> <span class='ocrx_word' id='word_1_78' title='bbox 309 1041 346 1100; x_wconf 88' lang='lat' dir='ltr'><strong>ad</strong></span> <span class='ocrx_word' id='word_1_79' title='bbox 359 1042 418 1098; x_wconf 87' lang='lat' dir='ltr'><strong>ima</strong></span> <span class='ocrx_word' id='word_1_80' title='bbox 429 1039 589 1096; x_wconf 87' lang='lat' dir='ltr'><strong>redierunt.</strong></span> <span class='ocrx_word' id='word_1_81' title='bbox 610 1039 667 1096; x_wconf 86' lang='lat' dir='ltr'><strong>His</strong></span> <span class='ocrx_word' id='word_1_82' title='bbox 680 1041 857 1114; x_wconf 74' lang='lat' dir='ltr'><strong>temporibus</strong></span> <span class='ocrx_word' id='word_1_83' title='bbox 871 1037 1065 1114; x_wconf 82' lang='lat' dir='ltr'><strong>Dionysium,</strong></span> <span class='ocrx_word' id='word_1_84' title='bbox 1090 1039 1138 1112; x_wconf 88' lang='lat' dir='ltr'><strong>qui</strong></span> <span class='ocrx_word' id='word_1_85' title='bbox 1152 1039 1236 1093; x_wconf 87' lang='lat' dir='ltr'><strong>etism</strong></span> 
     </span>
     <span class='ocr_line' id='line_1_11' title="bbox 209 1118 1238 1200; baseline -0.007 -17"><span class='ocrx_word' id='word_1_86' title='bbox 209 1125 297 1182; x_wconf 82' lang='lat' dir='ltr'><strong>biber</strong></span> <span class='ocrx_word' id='word_1_87' title='bbox 314 1133 397 1200; x_wconf 87' lang='lat' dir='ltr'><strong>pater</strong></span> <span class='ocrx_word' id='word_1_88' title='bbox 414 1123 509 1180; x_wconf 90' lang='lat' dir='ltr'><strong>dietus</strong></span> <span class='ocrx_word' id='word_1_89' title='bbox 534 1131 593 1194; x_wconf 86' lang='lat' dir='ltr'><strong>est,</strong></span> <span class='ocrx_word' id='word_1_90' title='bbox 619 1135 650 1180; x_wconf 89' lang='lat' dir='ltr'><strong>et</strong></span> <span class='ocrx_word' id='word_1_91' title='bbox 671 1133 738 1200; x_wconf 91' lang='lat' dir='ltr'><strong>post</strong></span> <span class='ocrx_word' id='word_1_92' title='bbox 761 1132 884 1180; x_wconf 84' lang='lat' dir='ltr'><strong>mortem</strong></span> <span class='ocrx_word' id='word_1_93' title='bbox 909 1121 979 1178; x_wconf 86' lang='lat' dir='ltr'><strong>deus</strong></span> <span class='ocrx_word' id='word_1_94' title='bbox 999 1118 1129 1189; x_wconf 83' lang='lat' dir='ltr'><strong>habitus,</strong></span> <span class='ocrx_word' id='word_1_95' title='bbox 1151 1122 1238 1177; x_wconf 82' lang='lat' dir='ltr'><strong>vitem</strong></span> 
     </span>
     <span class='ocr_line' id='line_1_12' title="bbox 210 1201 1238 1280; baseline -0.004 -18"><span class='ocrx_word' id='word_1_96' title='bbox 210 1207 309 1266; x_wconf 87' lang='lat' dir='ltr'><strong>icrunt</strong></span> <span class='ocrx_word' id='word_1_97' title='bbox 332 1206 495 1266; x_wconf 88' lang='lat' dir='ltr'><strong>ostendisse</strong></span> <span class='ocrx_word' id='word_1_98' title='bbox 518 1208 549 1264; x_wconf 92' lang='lat' dir='ltr'><strong>in</strong></span> <span class='ocrx_word' id='word_1_99' title='bbox 566 1207 666 1264; x_wconf 82' lang='lat' dir='ltr'><strong>Attica</strong></span> <span class='ocrx_word' id='word_1_100' title='bbox 683 1216 764 1264; x_wconf 81' lang='lat' dir='ltr'><strong>terra</strong></span> <span class='ocrx_word' id='word_1_101' title='bbox 782 1206 891 1280; x_wconf 79' lang='lat' dir='ltr'><strong>hospiti</strong></span> <span class='ocrx_word' id='word_1_102' title='bbox 913 1221 976 1260; x_wconf 89' lang='lat' dir='ltr'><strong>suo.</strong></span> <span class='ocrx_word' id='word_1_103' title='bbox 1012 1201 1101 1260; x_wconf 90' lang='lat' dir='ltr'><strong>Tune</strong></span> <span class='ocrx_word' id='word_1_104' title='bbox 1120 1204 1238 1279; x_wconf 70' lang='lat' dir='ltr'><strong>Apollini</strong></span> 
     </span>
     <span class='ocr_line' id='line_1_13' title="bbox 211 1289 1237 1366; baseline -0.006 -19"><span class='ocrx_word' id='word_1_105' title='bbox 211 1290 354 1366; x_wconf 83' lang='lat' dir='ltr'><strong>Delphico</strong></span> <span class='ocrx_word' id='word_1_106' title='bbox 368 1291 496 1346; x_wconf 88' lang='lat' dir='ltr'><strong>instituti</strong></span> <span class='ocrx_word' id='word_1_107' title='bbox 509 1297 577 1346; x_wconf 90' lang='lat' dir='ltr'><strong>sunt</strong></span> <span class='ocrx_word' id='word_1_108' title='bbox 590 1289 650 1346; x_wconf 90' lang='lat' dir='ltr'><strong>ludi</strong></span> <span class='ocrx_word' id='word_1_109' title='bbox 663 1291 780 1361; x_wconf 86' lang='lat' dir='ltr'><strong>musici,</strong></span> <span class='ocrx_word' id='word_1_110' title='bbox 802 1298 835 1344; x_wconf 90' lang='lat' dir='ltr'><strong>ut</strong></span> <span class='ocrx_word' id='word_1_111' title='bbox 847 1290 1010 1364; x_wconf 88' lang='lat' dir='ltr'><strong>placaretur</strong></span> <span class='ocrx_word' id='word_1_112' title='bbox 1023 1289 1166 1358; x_wconf 86' lang='lat' dir='ltr'><strong>ira-cius,</strong></span> <span class='ocrx_word' id='word_1_113' title='bbox 1189 1305 1237 1362; x_wconf 87' lang='lat' dir='ltr'><strong>qus</strong></span> 
     </span>
     <span class='ocr_line' id='line_1_14' title="bbox 212 1371 1237 1448; baseline -0.004 -18"><span class='ocrx_word' id='word_1_114' title='bbox 212 1375 354 1448; x_wconf 88' lang='lat' dir='ltr'><strong>putabant</strong></span> <span class='ocrx_word' id='word_1_115' title='bbox 367 1371 489 1430; x_wconf 86' lang='lat' dir='ltr'><strong>afflictas</strong></span> <span class='ocrx_word' id='word_1_116' title='bbox 503 1389 569 1428; x_wconf 89' lang='lat' dir='ltr'><strong>esse</strong></span> <span class='ocrx_word' id='word_1_117' title='bbox 584 1375 740 1430; x_wconf 88' lang='lat' dir='ltr'><strong>sterilitate</strong></span> <span class='ocrx_word' id='word_1_118' title='bbox 753 1371 895 1428; x_wconf 77' lang='lat' dir='ltr'><strong>Graeciae</strong></span> <span class='ocrx_word' id='word_1_119' title='bbox 910 1371 1065 1448; x_wconf 73' lang='lat' dir='ltr'><strong>regiones,</strong></span> <span class='ocrx_word' id='word_1_120' title='bbox 1091 1371 1165 1444; x_wconf 85' lang='lat' dir='ltr'><strong>quia</strong></span> <span class='ocrx_word' id='word_1_121' title='bbox 1185 1388 1237 1426; x_wconf 90' lang='lat' dir='ltr'><strong>nou</strong></span> 
     </span>
     <span class='ocr_line' id='line_1_15' title="bbox 212 1452 1237 1531; baseline -0.006 -17"><span class='ocrx_word' id='word_1_122' title='bbox 212 1456 398 1514; x_wconf 80' lang='lat' dir='ltr'><strong>defenderint</strong></span> <span class='ocrx_word' id='word_1_123' title='bbox 409 1457 548 1530; x_wconf 87' lang='lat' dir='ltr'><strong>templum</strong></span> <span class='ocrx_word' id='word_1_124' title='bbox 562 1457 635 1526; x_wconf 87' lang='lat' dir='ltr'><strong>eius,</strong></span> <span class='ocrx_word' id='word_1_125' title='bbox 658 1455 734 1531; x_wconf 88' lang='lat' dir='ltr'><strong>quod</strong></span> <span class='ocrx_word' id='word_1_126' title='bbox 750 1471 805 1512; x_wconf 84' lang='lat' dir='ltr'><strong>rex</strong></span> <span class='ocrx_word' id='word_1_127' title='bbox 817 1453 951 1522; x_wconf 85' lang='lat' dir='ltr'><strong>Danous,</strong></span> <span class='ocrx_word' id='word_1_128' title='bbox 972 1468 1039 1508; x_wconf 87' lang='lat' dir='ltr'><strong>eum</strong></span> <span class='ocrx_word' id='word_1_129' title='bbox 1053 1452 1176 1510; x_wconf 74' lang='lat' dir='ltr'><strong>eosdem</strong></span> <span class='ocrx_word' id='word_1_130' title='bbox 1188 1463 1237 1510; x_wconf 86' lang='lat' dir='ltr'><strong>ter-</strong></span> 
     </span>
     <span class='ocr_line' id='line_1_16' title="bbox 212 1535 1237 1608; baseline -0.006 -12"><span class='ocrx_word' id='word_1_131' title='bbox 212 1557 259 1596; x_wconf 84' lang='lat' dir='ltr'><strong>ras</strong></span> <span class='ocrx_word' id='word_1_132' title='bbox 272 1541 348 1596; x_wconf 88' lang='lat' dir='ltr'><strong>bello</strong></span> <span class='ocrx_word' id='word_1_133' title='bbox 361 1540 529 1608; x_wconf 82' lang='lat' dir='ltr'><strong>invasisset,</strong></span> <span class='ocrx_word' id='word_1_134' title='bbox 542 1537 692 1594; x_wconf 83' lang='lat' dir='ltr'><strong>incendit.&#39;</strong></span> <span class='ocrx_word' id='word_1_135' title='bbox 715 1537 778 1594; x_wconf 87' lang='lat' dir='ltr'><strong>Hos</strong></span> <span class='ocrx_word' id='word_1_136' title='bbox 791 1546 887 1592; x_wconf 84' lang='lat' dir='ltr'><strong>antem</strong></span> <span class='ocrx_word' id='word_1_137' title='bbox 899 1535 980 1591; x_wconf 88' lang='lat' dir='ltr'><strong>ludos</strong></span> <span class='ocrx_word' id='word_1_138' title='bbox 993 1543 1027 1590; x_wconf 89' lang='lat' dir='ltr'><strong>ut</strong></span> <span class='ocrx_word' id='word_1_139' title='bbox 1041 1536 1237 1604; x_wconf 77' lang='lat' dir='ltr'><strong>instituerent,</strong></span> 
     </span>
     <span class='ocr_line' id='line_1_17' title="bbox 211 1615 1237 1681; baseline -0.003 -5"><span class='ocrx_word' id='word_1_140' title='bbox 211 1623 330 1678; x_wconf 85' lang='lat' dir='ltr'><strong>oraculo</strong></span> <span class='ocrx_word' id='word_1_141' title='bbox 344 1629 414 1676; x_wconf 87' lang='lat' dir='ltr'><strong>sunt</strong></span> <span class='ocrx_word' id='word_1_142' title='bbox 427 1621 491 1676; x_wconf 89' lang='lat' dir='ltr'><strong>cius</strong></span> <span class='ocrx_word' id='word_1_143' title='bbox 505 1619 655 1681; x_wconf 72' lang='lat' dir='ltr'><strong>admoniti.</strong></span> <span class='ocrx_word' id='word_1_144' title='bbox 685 1617 718 1676; x_wconf 93' lang='lat' dir='ltr'><strong>ln</strong></span> <span class='ocrx_word' id='word_1_145' title='bbox 731 1621 828 1678; x_wconf 83' lang='lat' dir='ltr'><strong>Attica</strong></span> <span class='ocrx_word' id='word_1_146' title='bbox 839 1636 912 1676; x_wconf 78' lang='lat' dir='ltr'><strong>vero</strong></span> <span class='ocrx_word' id='word_1_147' title='bbox 926 1635 979 1674; x_wconf 85' lang='lat' dir='ltr'><strong>rex</strong></span> <span class='ocrx_word' id='word_1_148' title='bbox 992 1615 1206 1676; x_wconf 79' lang='lat' dir='ltr'><strong>Erichthonius</strong></span> <span class='ocrx_word' id='word_1_149' title='bbox 1218 1620 1237 1673; x_wconf 90' lang='lat' dir='ltr'><strong>el</strong></span> 
     </span>
     <span class='ocr_line' id='line_1_18' title="bbox 211 1699 1237 1777; baseline -0.004 -17"><span class='ocrx_word' id='word_1_150' title='bbox 211 1703 295 1760; x_wconf 89' lang='lat' dir='ltr'><strong>ludus</strong></span> <span class='ocrx_word' id='word_1_151' title='bbox 310 1703 419 1777; x_wconf 85' lang='lat' dir='ltr'><strong>primus</strong></span> <span class='ocrx_word' id='word_1_152' title='bbox 433 1703 577 1759; x_wconf 88' lang='lat' dir='ltr'><strong>instituit:</strong></span> <span class='ocrx_word' id='word_1_153' title='bbox 595 1721 650 1760; x_wconf 89' lang='lat' dir='ltr'><strong>nee</strong></span> <span class='ocrx_word' id='word_1_154' title='bbox 664 1705 692 1760; x_wconf 91' lang='lat' dir='ltr'><strong>ei</strong></span> <span class='ocrx_word' id='word_1_155' title='bbox 703 1712 833 1772; x_wconf 88' lang='lat' dir='ltr'><strong>tantum,</strong></span> <span class='ocrx_word' id='word_1_156' title='bbox 845 1701 898 1758; x_wconf 90' lang='lat' dir='ltr'><strong>sed</strong></span> <span class='ocrx_word' id='word_1_157' title='bbox 911 1702 997 1758; x_wconf 84' lang='lat' dir='ltr'><strong>etiem</strong></span> <span class='ocrx_word' id='word_1_158' title='bbox 1009 1699 1184 1774; x_wconf 82' lang='lat' dir='ltr'><strong>Minervae,</strong></span> <span class='ocrx_word' id='word_1_159' title='bbox 1199 1701 1237 1758; x_wconf 89' lang='lat' dir='ltr'><strong>ubi</strong></span> 
     </span>
     <span class='ocr_line' id='line_1_19' title="bbox 211 1782 1236 1863; baseline 0 -21"><span class='ocrx_word' id='word_1_160' title='bbox 211 1787 372 1863; x_wconf 84' lang='lat' dir='ltr'><strong>praemium</strong></span> <span class='ocrx_word' id='word_1_161' title='bbox 383 1784 546 1842; x_wconf 88' lang='lat' dir='ltr'><strong>victoribus</strong></span> <span class='ocrx_word' id='word_1_162' title='bbox 559 1785 653 1842; x_wconf 91' lang='lat' dir='ltr'><strong>oleum</strong></span> <span class='ocrx_word' id='word_1_163' title='bbox 663 1785 837 1859; x_wconf 84' lang='lat' dir='ltr'><strong>ponebatur,</strong></span> <span class='ocrx_word' id='word_1_164' title='bbox 850 1784 927 1861; x_wconf 86' lang='lat' dir='ltr'><strong>quod</strong></span> <span class='ocrx_word' id='word_1_165' title='bbox 940 1785 1003 1842; x_wconf 91' lang='lat' dir='ltr'><strong>eius</strong></span> <span class='ocrx_word' id='word_1_166' title='bbox 1015 1782 1132 1842; x_wconf 78' lang='lat' dir='ltr'><strong>froom·</strong></span> <span class='ocrx_word' id='word_1_167' title='bbox 1146 1787 1236 1842; x_wconf 82' lang='lat' dir='ltr'><strong>inven-</strong></span> 
     </span>
     <span class='ocr_line' id='line_1_20' title="bbox 211 1866 1237 1938; baseline -0.002 -12"><span class='ocrx_word' id='word_1_168' title='bbox 211 1870 316 1926; x_wconf 85' lang='lat' dir='ltr'><strong>tricem</strong></span> <span class='ocrx_word' id='word_1_169' title='bbox 329 1867 508 1938; x_wconf 85' lang='lat' dir='ltr'><strong>Minerrem,</strong></span> <span class='ocrx_word' id='word_1_170' title='bbox 533 1868 611 1927; x_wconf 90' lang='lat' dir='ltr'><strong>sicut</strong></span> <span class='ocrx_word' id='word_1_171' title='bbox 628 1869 691 1925; x_wconf 83' lang='lat' dir='ltr'><strong>riui</strong></span> <span class='ocrx_word' id='word_1_172' title='bbox 704 1867 839 1926; x_wconf 83' lang='lat' dir='ltr'><strong>Liberum</strong></span> <span class='ocrx_word' id='word_1_173' title='bbox 855 1866 982 1926; x_wconf 86' lang='lat' dir='ltr'><strong>trudunt.</strong></span> <span class='ocrx_word' id='word_1_174' title='bbox 1015 1866 1074 1923; x_wconf 89' lang='lat' dir='ltr'><strong>Per</strong></span> <span class='ocrx_word' id='word_1_175' title='bbox 1088 1885 1143 1926; x_wconf 91' lang='lat' dir='ltr'><strong>eos</strong></span> <span class='ocrx_word' id='word_1_176' title='bbox 1158 1885 1237 1925; x_wconf 85' lang='lat' dir='ltr'><strong>anuos</strong></span> 
     </span>
     <span class='ocr_line' id='line_1_21' title="bbox 213 1949 1238 2030; baseline -0.002 -22"><span class='ocrx_word' id='word_1_177' title='bbox 213 1969 230 2008; x_wconf 90' lang='lat' dir='ltr'><strong>u</strong></span> <span class='ocrx_word' id='word_1_178' title='bbox 243 1970 315 2030; x_wconf 80' lang='lat' dir='ltr'><strong>rege</strong></span> <span class='ocrx_word' id='word_1_179' title='bbox 328 1949 450 2008; x_wconf 80' lang='lat' dir='ltr'><strong>Xantho</strong></span> <span class='ocrx_word' id='word_1_180' title='bbox 464 1949 660 2022; x_wconf 87' lang='lat' dir='ltr'><strong>Cretensium,</strong></span> <span class='ocrx_word' id='word_1_181' title='bbox 675 1954 759 2008; x_wconf 89' lang='lat' dir='ltr'><strong>cuius</strong></span> <span class='ocrx_word' id='word_1_182' title='bbox 774 1951 849 2026; x_wconf 81' lang='lat' dir='ltr'><strong>opud</strong></span> <span class='ocrx_word' id='word_1_183' title='bbox 861 1953 936 2008; x_wconf 86' lang='lat' dir='ltr'><strong>elios</strong></span> <span class='ocrx_word' id='word_1_184' title='bbox 950 1949 1027 2006; x_wconf 83' lang='lat' dir='ltr'><strong>uliud</strong></span> <span class='ocrx_word' id='word_1_185' title='bbox 1040 1969 1155 2010; x_wconf 90' lang='lat' dir='ltr'><strong>nomeu</strong></span> <span class='ocrx_word' id='word_1_186' title='bbox 1168 1954 1238 2008; x_wconf 85' lang='lat' dir='ltr'><strong>iure·</strong></span> 
     </span>
     <span class='ocr_line' id='line_1_22' title="bbox 214 2031 1238 2112; baseline -0.002 -20"><span class='ocrx_word' id='word_1_187' title='bbox 214 2037 322 2106; x_wconf 89' lang='lat' dir='ltr'><strong>nimus,</strong></span> <span class='ocrx_word' id='word_1_188' title='bbox 335 2043 419 2110; x_wconf 86' lang='lat' dir='ltr'><strong>raptu</strong></span> <span class='ocrx_word' id='word_1_189' title='bbox 431 2032 599 2109; x_wconf 87' lang='lat' dir='ltr'><strong>perhibetur</strong></span> <span class='ocrx_word' id='word_1_190' title='bbox 610 2034 741 2107; x_wconf 81' lang='lat' dir='ltr'><strong>Europa,</strong></span> <span class='ocrx_word' id='word_1_191' title='bbox 764 2043 797 2092; x_wconf 88' lang='lat' dir='ltr'><strong>et</strong></span> <span class='ocrx_word' id='word_1_192' title='bbox 807 2032 875 2092; x_wconf 90' lang='lat' dir='ltr'><strong>inde</strong></span> <span class='ocrx_word' id='word_1_193' title='bbox 888 2034 982 2112; x_wconf 76' lang='lat' dir='ltr'><strong>geniti</strong></span> <span class='ocrx_word' id='word_1_194' title='bbox 995 2031 1238 2100; x_wconf 75' lang='lat' dir='ltr'><strong>Rhadamanthus,</strong></span> 
     </span>
     <span class='ocr_line' id='line_1_23' title="bbox 213 2116 1239 2198; baseline -0.008 -20"><span class='ocrx_word' id='word_1_195' title='bbox 213 2117 390 2195; x_wconf 75' lang='lat' dir='ltr'><strong>sarpedon,</strong></span> <span class='ocrx_word' id='word_1_196' title='bbox 405 2126 434 2175; x_wconf 89' lang='lat' dir='ltr'><strong>et</strong></span> <span class='ocrx_word' id='word_1_197' title='bbox 447 2116 560 2189; x_wconf 88' lang='lat' dir='ltr'><strong>Minos,</strong></span> <span class='ocrx_word' id='word_1_198' title='bbox 585 2135 657 2192; x_wconf 86' lang='lat' dir='ltr'><strong>quos</strong></span> <span class='ocrx_word' id='word_1_199' title='bbox 671 2119 764 2198; x_wconf 78' lang='lat' dir='ltr'><strong>magis</strong></span> <span class='ocrx_word' id='word_1_200' title='bbox 779 2135 817 2174; x_wconf 79' lang='lat' dir='ltr'><strong>ex</strong></span> <span class='ocrx_word' id='word_1_201' title='bbox 830 2117 931 2196; x_wconf 79' lang='lat' dir='ltr'><strong>eadem</strong></span> <span class='ocrx_word' id='word_1_202' title='bbox 943 2117 1066 2174; x_wconf 87' lang='lat' dir='ltr'><strong>muliere</strong></span> <span class='ocrx_word' id='word_1_203' title='bbox 1080 2116 1164 2176; x_wconf 86' lang='lat' dir='ltr'><strong>lilios</strong></span> <span class='ocrx_word' id='word_1_204' title='bbox 1176 2117 1239 2174; x_wconf 84' lang='lat' dir='ltr'><strong>loris</strong></span> 
     </span>
     <span class='ocr_line' id='line_1_24' title="bbox 214 2199 1239 2280; baseline -0.005 -22"><span class='ocrx_word' id='word_1_205' title='bbox 214 2220 279 2260; x_wconf 84' lang='lat' dir='ltr'><strong>case</strong></span> <span class='ocrx_word' id='word_1_206' title='bbox 291 2203 443 2280; x_wconf 79' lang='lat' dir='ltr'><strong>vulgatum</strong></span> <span class='ocrx_word' id='word_1_207' title='bbox 457 2211 511 2259; x_wconf 88' lang='lat' dir='ltr'><strong>est.</strong></span> <span class='ocrx_word' id='word_1_208' title='bbox 543 2199 603 2258; x_wconf 80' lang='lat' dir='ltr'><strong>Sed</strong></span> <span class='ocrx_word' id='word_1_209' title='bbox 621 2201 723 2258; x_wconf 82' lang='lat' dir='ltr'><strong>talium</strong></span> <span class='ocrx_word' id='word_1_210' title='bbox 741 2199 863 2259; x_wconf 87' lang='lat' dir='ltr'><strong>deorum</strong></span> <span class='ocrx_word' id='word_1_211' title='bbox 880 2202 1006 2258; x_wconf 89' lang='lat' dir='ltr'><strong>cultores</strong></span> <span class='ocrx_word' id='word_1_212' title='bbox 1025 2199 1101 2256; x_wconf 92' lang='lat' dir='ltr'><strong>illud</strong></span> <span class='ocrx_word' id='word_1_213' title='bbox 1121 2201 1198 2276; x_wconf 82' lang='lat' dir='ltr'><strong>quod</strong></span> <span class='ocrx_word' id='word_1_214' title='bbox 1213 2200 1239 2254; x_wconf 86' lang='lat' dir='ltr'><strong>de</strong></span> 
     </span>
     <span class='ocr_line' id='line_1_25' title="bbox 213 2281 1241 2363; baseline 0 -23"><span class='ocrx_word' id='word_1_215' title='bbox 213 2303 285 2363; x_wconf 78' lang='lat' dir='ltr'><strong>rege</strong></span> <span class='ocrx_word' id='word_1_216' title='bbox 299 2283 484 2342; x_wconf 82' lang='lat' dir='ltr'><strong>Cretensium</strong></span> <span class='ocrx_word' id='word_1_217' title='bbox 497 2283 640 2354; x_wconf 83' lang='lat' dir='ltr'><strong>diximus,</strong></span> <span class='ocrx_word' id='word_1_218' title='bbox 663 2282 820 2343; x_wconf 88' lang='lat' dir='ltr'><strong>historicae</strong></span> <span class='ocrx_word' id='word_1_219' title='bbox 832 2284 965 2355; x_wconf 83' lang='lat' dir='ltr'><strong>veritati3</strong></span> <span class='ocrx_word' id='word_1_220' title='bbox 990 2281 1047 2340; x_wconf 91' lang='lat' dir='ltr'><strong>hoc</strong></span> <span class='ocrx_word' id='word_1_221' title='bbox 1061 2293 1164 2340; x_wconf 69' lang='lat' dir='ltr'><strong>summ</strong></span> <span class='ocrx_word' id='word_1_222' title='bbox 1178 2281 1241 2360; x_wconf 84' lang='lat' dir='ltr'><strong>quod</strong></span> 
     </span>
     <span class='ocr_line' id='line_1_26' title="bbox 214 2365 1241 2442; baseline 0 -18"><span class='ocrx_word' id='word_1_223' title='bbox 214 2367 250 2424; x_wconf 90' lang='lat' dir='ltr'><strong>de</strong></span> <span class='ocrx_word' id='word_1_224' title='bbox 263 2365 333 2422; x_wconf 87' lang='lat' dir='ltr'><strong>love</strong></span> <span class='ocrx_word' id='word_1_225' title='bbox 345 2371 449 2441; x_wconf 75' lang='lat' dir='ltr'><strong>poetae</strong></span> <span class='ocrx_word' id='word_1_226' title='bbox 462 2375 600 2436; x_wconf 88' lang='lat' dir='ltr'><strong>cuntant,</strong></span> <span class='ocrx_word' id='word_1_227' title='bbox 625 2365 741 2425; x_wconf 83' lang='lat' dir='ltr'><strong>theatra</strong></span> <span class='ocrx_word' id='word_1_228' title='bbox 754 2376 948 2441; x_wconf 79' lang='lat' dir='ltr'><strong>concrepent,</strong></span> <span class='ocrx_word' id='word_1_229' title='bbox 973 2367 1074 2442; x_wconf 85' lang='lat' dir='ltr'><strong>pupuli</strong></span> <span class='ocrx_word' id='word_1_230' title='bbox 1089 2368 1241 2430; x_wconf 76' lang='lat' dir='ltr'><strong>celebrant,</strong></span> 
     </span>
     <span class='ocr_line' id='line_1_27' title="bbox 213 2447 1242 2527; baseline 0 -21"><span class='ocrx_word' id='word_1_231' title='bbox 213 2451 339 2508; x_wconf 83' lang='lat' dir='ltr'><strong>vanitati</strong></span> <span class='ocrx_word' id='word_1_232' title='bbox 352 2449 494 2524; x_wconf 86' lang='lat' dir='ltr'><strong>deputant</strong></span> <span class='ocrx_word' id='word_1_233' title='bbox 506 2449 685 2522; x_wconf 81' lang='lat' dir='ltr'><strong>fabularum,</strong></span> <span class='ocrx_word' id='word_1_234' title='bbox 710 2459 744 2506; x_wconf 89' lang='lat' dir='ltr'><strong>ut</strong></span> <span class='ocrx_word' id='word_1_235' title='bbox 757 2459 835 2508; x_wconf 89' lang='lat' dir='ltr'><strong>esset</strong></span> <span class='ocrx_word' id='word_1_236' title='bbox 846 2449 925 2508; x_wconf 92' lang='lat' dir='ltr'><strong>uude</strong></span> <span class='ocrx_word' id='word_1_237' title='bbox 937 2449 998 2506; x_wconf 92' lang='lat' dir='ltr'><strong>ludi</strong></span> <span class='ocrx_word' id='word_1_238' title='bbox 1010 2447 1123 2508; x_wconf 86' lang='lat' dir='ltr'><strong>fierent</strong></span> <span class='ocrx_word' id='word_1_239' title='bbox 1135 2453 1242 2527; x_wconf 81' lang='lat' dir='ltr'><strong>plaesn·</strong></span> 
     </span>
     <span class='ocr_line' id='line_1_28' title="bbox 214 2530 1243 2609; baseline -0.004 -19"><span class='ocrx_word' id='word_1_240' title='bbox 214 2532 259 2590; x_wconf 90' lang='lat' dir='ltr'><strong>dis</strong></span> <span class='ocrx_word' id='word_1_241' title='bbox 272 2533 440 2590; x_wconf 86' lang='lat' dir='ltr'><strong>numinibus</strong></span> <span class='ocrx_word' id='word_1_242' title='bbox 454 2533 542 2590; x_wconf 90' lang='lat' dir='ltr'><strong>etium</strong></span> <span class='ocrx_word' id='word_1_243' title='bbox 559 2532 641 2590; x_wconf 77' lang='lat' dir='ltr'><strong>falsis</strong></span> <span class='ocrx_word' id='word_1_244' title='bbox 661 2551 763 2590; x_wconf 90' lang='lat' dir='ltr'><strong>corum</strong></span> <span class='ocrx_word' id='word_1_245' title='bbox 780 2533 962 2592; x_wconf 85' lang='lat' dir='ltr'><strong>criminibus.</strong></span> <span class='ocrx_word' id='word_1_246' title='bbox 993 2530 1050 2590; x_wconf 90' lang='lat' dir='ltr'><strong>His</strong></span> <span class='ocrx_word' id='word_1_247' title='bbox 1070 2535 1243 2609; x_wconf 76' lang='lat' dir='ltr'><strong>temporibus</strong></span> 
     </span>
     <span class='ocr_line' id='line_1_29' title="bbox 214 2615 1243 2692; baseline -0.002 -18"><span class='ocrx_word' id='word_1_248' title='bbox 214 2615 358 2690; x_wconf 87' lang='lat' dir='ltr'><strong>Hercules</strong></span> <span class='ocrx_word' id='word_1_249' title='bbox 372 2619 404 2674; x_wconf 92' lang='lat' dir='ltr'><strong>in</strong></span> <span class='ocrx_word' id='word_1_250' title='bbox 419 2615 511 2692; x_wconf 84' lang='lat' dir='ltr'><strong>Tyria</strong></span> <span class='ocrx_word' id='word_1_251' title='bbox 529 2619 625 2686; x_wconf 79' lang='lat' dir='ltr'><strong>clarus</strong></span> <span class='ocrx_word' id='word_1_252' title='bbox 644 2615 816 2676; x_wconf 84' lang='lat' dir='ltr'><strong>habebatur:</strong></span> <span class='ocrx_word' id='word_1_253' title='bbox 842 2615 896 2678; x_wconf 83' lang='lat' dir='ltr'><strong>sed</strong></span> <span class='ocrx_word' id='word_1_254' title='bbox 912 2617 1051 2677; x_wconf 87' lang='lat' dir='ltr'><strong>nimirum</strong></span> <span class='ocrx_word' id='word_1_255' title='bbox 1069 2618 1168 2689; x_wconf 90' lang='lat' dir='ltr'><strong>alius,</strong></span> <span class='ocrx_word' id='word_1_256' title='bbox 1194 2633 1243 2674; x_wconf 89' lang='lat' dir='ltr'><strong>uon</strong></span> 
     </span>
     <span class='ocr_line' id='line_1_30' title="bbox 214 2697 1243 2776; baseline -0.002 -18"><span class='ocrx_word' id='word_1_257' title='bbox 214 2702 264 2758; x_wconf 90' lang='lat' dir='ltr'><strong>illc</strong></span> <span class='ocrx_word' id='word_1_258' title='bbox 277 2699 313 2758; x_wconf 88' lang='lat' dir='ltr'><strong>dc</strong></span> <span class='ocrx_word' id='word_1_259' title='bbox 327 2718 383 2776; x_wconf 89' lang='lat' dir='ltr'><strong>quo</strong></span> <span class='ocrx_word' id='word_1_260' title='bbox 397 2718 484 2775; x_wconf 82' lang='lat' dir='ltr'><strong>supra</strong></span> <span class='ocrx_word' id='word_1_261' title='bbox 497 2701 588 2767; x_wconf 87' lang='lat' dir='ltr'><strong>locuti</strong></span> <span class='ocrx_word' id='word_1_262' title='bbox 599 2718 705 2758; x_wconf 79' lang='lat' dir='ltr'><strong>surius.</strong></span> <span class='ocrx_word' id='word_1_263' title='bbox 743 2699 911 2758; x_wconf 86' lang='lat' dir='ltr'><strong>Secretiore</strong></span> <span class='ocrx_word' id='word_1_264' title='bbox 929 2701 1033 2775; x_wconf 81' lang='lat' dir='ltr'><strong>quippe</strong></span> <span class='ocrx_word' id='word_1_265' title='bbox 1046 2697 1178 2758; x_wconf 78' lang='lat' dir='ltr'><strong>historia</strong></span> <span class='ocrx_word' id='word_1_266' title='bbox 1190 2702 1243 2776; x_wconf 89' lang='lat' dir='ltr'><strong>plu-</strong></span> 
     </span>
     <span class='ocr_line' id='line_1_31' title="bbox 213 2781 1242 2858; baseline 0 -18"><span class='ocrx_word' id='word_1_267' title='bbox 213 2802 261 2841; x_wconf 90' lang='lat' dir='ltr'><strong>res</strong></span> <span class='ocrx_word' id='word_1_268' title='bbox 283 2782 377 2840; x_wconf 81' lang='lat' dir='ltr'><strong>fuisso</strong></span> <span class='ocrx_word' id='word_1_269' title='bbox 398 2785 536 2840; x_wconf 86' lang='lat' dir='ltr'><strong>dicuntur</strong></span> <span class='ocrx_word' id='word_1_270' title='bbox 549 2783 691 2840; x_wconf 80' lang='lat' dir='ltr'><strong>etbiberi</strong></span> <span class='ocrx_word' id='word_1_271' title='bbox 712 2793 810 2858; x_wconf 83' lang='lat' dir='ltr'><strong>putres</strong></span> <span class='ocrx_word' id='word_1_272' title='bbox 831 2792 861 2840; x_wconf 88' lang='lat' dir='ltr'><strong>et</strong></span> <span class='ocrx_word' id='word_1_273' title='bbox 877 2781 1030 2842; x_wconf 87' lang='lat' dir='ltr'><strong>Hercules.</strong></span> <span class='ocrx_word' id='word_1_274' title='bbox 1067 2782 1161 2842; x_wconf 84' lang='lat' dir='ltr'><strong>Hunc</strong></span> <span class='ocrx_word' id='word_1_275' title='bbox 1183 2799 1242 2840; x_wconf 86' lang='lat' dir='ltr'><strong>ssut</strong></span> 
     </span>
     <span class='ocr_line' id='line_1_32' title="bbox 214 2865 1241 2944; baseline -0.004 -20"><span class='ocrx_word' id='word_1_276' title='bbox 214 2865 382 2936; x_wconf 87' lang='lat' dir='ltr'><strong>Herculem,</strong></span> <span class='ocrx_word' id='word_1_277' title='bbox 397 2867 481 2922; x_wconf 89' lang='lat' dir='ltr'><strong>euius</strong></span> <span class='ocrx_word' id='word_1_278' title='bbox 495 2867 630 2944; x_wconf 76' lang='lat' dir='ltr'><strong>ingentia</strong></span> <span class='ocrx_word' id='word_1_279' title='bbox 643 2865 796 2926; x_wconf 88' lang='lat' dir='ltr'><strong>duodecim</strong></span> <span class='ocrx_word' id='word_1_280' title='bbox 809 2865 885 2924; x_wconf 84' lang='lat' dir='ltr'><strong>faeta</strong></span> <span class='ocrx_word' id='word_1_281' title='bbox 899 2875 1069 2938; x_wconf 86' lang='lat' dir='ltr'><strong>numerant,</strong></span> <span class='ocrx_word' id='word_1_282' title='bbox 1082 2868 1168 2925; x_wconf 88' lang='lat' dir='ltr'><strong>iuter</strong></span> <span class='ocrx_word' id='word_1_283' title='bbox 1180 2883 1241 2943; x_wconf 79' lang='lat' dir='ltr'><strong>quse</strong></span> 
     </span>
     <span class='ocr_line' id='line_1_33' title="bbox 214 2949 1241 3026; baseline 0.003 -20"><span class='ocrx_word' id='word_1_284' title='bbox 214 2951 320 3014; x_wconf 74' lang='lat' dir='ltr'><strong>Autaei</strong></span> <span class='ocrx_word' id='word_1_285' title='bbox 331 2949 396 3004; x_wconf 85' lang='lat' dir='ltr'><strong>Afri</strong></span> <span class='ocrx_word' id='word_1_286' title='bbox 409 2967 512 3004; x_wconf 89' lang='lat' dir='ltr'><strong>necem</strong></span> <span class='ocrx_word' id='word_1_287' title='bbox 525 2965 586 3006; x_wconf 89' lang='lat' dir='ltr'><strong>non</strong></span> <span class='ocrx_word' id='word_1_288' title='bbox 602 2959 846 3022; x_wconf 86' lang='lat' dir='ltr'><strong>commemorant,</strong></span> <span class='ocrx_word' id='word_1_289' title='bbox 873 2949 950 3026; x_wconf 80' lang='lat' dir='ltr'><strong>quod</strong></span> <span class='ocrx_word' id='word_1_290' title='bbox 963 2968 999 3008; x_wconf 85' lang='lat' dir='ltr'><strong>eo</strong></span> <span class='ocrx_word' id='word_1_291' title='bbox 1011 2967 1061 3006; x_wconf 89' lang='lat' dir='ltr'><strong>res</strong></span> <span class='ocrx_word' id='word_1_292' title='bbox 1074 2950 1114 3008; x_wconf 83' lang='lat' dir='ltr'><strong>sd</strong></span> <span class='ocrx_word' id='word_1_293' title='bbox 1128 2953 1241 3008; x_wconf 77' lang='lat' dir='ltr'><strong>altem</strong></span> 
     </span>
     <span class='ocr_line' id='line_1_34' title="bbox 214 3029 1242 3110; baseline 0 -20"><span class='ocrx_word' id='word_1_294' title='bbox 214 3031 372 3090; x_wconf 85' lang='lat' dir='ltr'><strong>Herculem</strong></span> <span class='ocrx_word' id='word_1_295' title='bbox 388 3032 531 3106; x_wconf 87' lang='lat' dir='ltr'><strong>pertinet,</strong></span> <span class='ocrx_word' id='word_1_296' title='bbox 557 3032 589 3088; x_wconf 91' lang='lat' dir='ltr'><strong>in</strong></span> <span class='ocrx_word' id='word_1_297' title='bbox 603 3029 679 3088; x_wconf 84' lang='lat' dir='ltr'><strong>Oete</strong></span> <span class='ocrx_word' id='word_1_298' title='bbox 692 3043 790 3092; x_wconf 89' lang='lat' dir='ltr'><strong>monte</strong></span> <span class='ocrx_word' id='word_1_299' title='bbox 804 3053 823 3092; x_wconf 87' lang='lat' dir='ltr'><strong>u</strong></span> <span class='ocrx_word' id='word_1_300' title='bbox 834 3053 867 3091; x_wconf 93' lang='lat' dir='ltr'><strong>se</strong></span> <span class='ocrx_word' id='word_1_301' title='bbox 879 3036 943 3110; x_wconf 91' lang='lat' dir='ltr'><strong>ipso</strong></span> <span class='ocrx_word' id='word_1_302' title='bbox 956 3034 1113 3092; x_wconf 86' lang='lat' dir='ltr'><strong>incensum</strong></span> <span class='ocrx_word' id='word_1_303' title='bbox 1126 3033 1242 3110; x_wconf 82' lang='lat' dir='ltr'><strong>produnt</strong></span> 
     </span>
     <span class='ocr_line' id='line_1_35' title="bbox 215 3114 1239 3196; baseline 0.005 -24"><span class='ocrx_word' id='word_1_304' title='bbox 215 3115 275 3172; x_wconf 91' lang='lat' dir='ltr'><strong>suis</strong></span> <span class='ocrx_word' id='word_1_305' title='bbox 287 3114 393 3186; x_wconf 87' lang='lat' dir='ltr'><strong>literis,</strong></span> <span class='ocrx_word' id='word_1_306' title='bbox 407 3132 471 3172; x_wconf 91' lang='lat' dir='ltr'><strong>cum</strong></span> <span class='ocrx_word' id='word_1_307' title='bbox 485 3133 520 3172; x_wconf 89' lang='lat' dir='ltr'><strong>ea</strong></span> <span class='ocrx_word' id='word_1_308' title='bbox 532 3115 652 3186; x_wconf 79' lang='lat' dir='ltr'><strong>virmte,</strong></span> <span class='ocrx_word' id='word_1_309' title='bbox 665 3134 722 3196; x_wconf 81' lang='lat' dir='ltr'><strong>qun</strong></span> <span class='ocrx_word' id='word_1_310' title='bbox 734 3127 866 3177; x_wconf 87' lang='lat' dir='ltr'><strong>monstra</strong></span> <span class='ocrx_word' id='word_1_311' title='bbox 874 3117 1043 3194; x_wconf 79' lang='lat' dir='ltr'><strong>subegerat,</strong></span> <span class='ocrx_word' id='word_1_312' title='bbox 1058 3119 1192 3176; x_wconf 89' lang='lat' dir='ltr'><strong>morbum</strong></span> <span class='ocrx_word' id='word_1_313' title='bbox 1203 3125 1239 3170; x_wconf 81' lang='lat' dir='ltr'><strong>ts-</strong></span> 
     </span>
     <span class='ocr_line' id='line_1_36' title="bbox 214 3197 1240 3277; baseline -0.004 -21"><span class='ocrx_word' id='word_1_314' title='bbox 214 3216 294 3269; x_wconf 88' lang='lat' dir='ltr'><strong>men,</strong></span> <span class='ocrx_word' id='word_1_315' title='bbox 319 3216 376 3274; x_wconf 81' lang='lat' dir='ltr'><strong>quo</strong></span> <span class='ocrx_word' id='word_1_316' title='bbox 399 3198 573 3276; x_wconf 81' lang='lat' dir='ltr'><strong>languebat,</strong></span> <span class='ocrx_word' id='word_1_317' title='bbox 596 3199 762 3258; x_wconf 89' lang='lat' dir='ltr'><strong>substinere</strong></span> <span class='ocrx_word' id='word_1_318' title='bbox 775 3219 836 3258; x_wconf 93' lang='lat' dir='ltr'><strong>non</strong></span> <span class='ocrx_word' id='word_1_319' title='bbox 850 3209 955 3275; x_wconf 90' lang='lat' dir='ltr'><strong>posset.</strong></span> <span class='ocrx_word' id='word_1_320' title='bbox 990 3199 1046 3258; x_wconf 83' lang='lat' dir='ltr'><strong>[llo</strong></span> <span class='ocrx_word' id='word_1_321' title='bbox 1059 3197 1240 3277; x_wconf 82' lang='lat' dir='ltr'><strong>temporcrrl</strong></span> 
     </span>
     <span class='ocr_line' id='line_1_37' title="bbox 214 3281 1241 3360; baseline 0 -22"><span class='ocrx_word' id='word_1_322' title='bbox 214 3299 284 3352; x_wconf 81' lang='lat' dir='ltr'><strong>rex,</strong></span> <span class='ocrx_word' id='word_1_323' title='bbox 295 3284 344 3340; x_wconf 86' lang='lat' dir='ltr'><strong>vel</strong></span> <span class='ocrx_word' id='word_1_324' title='bbox 356 3285 453 3358; x_wconf 89' lang='lat' dir='ltr'><strong>potius</strong></span> <span class='ocrx_word' id='word_1_325' title='bbox 465 3291 609 3359; x_wconf 62' lang='lat' dir='ltr'><strong>mannus</strong></span> <span class='ocrx_word' id='word_1_326' title='bbox 622 3282 736 3342; x_wconf 87' lang='lat' dir='ltr'><strong>Busiris</strong></span> <span class='ocrx_word' id='word_1_327' title='bbox 748 3285 808 3342; x_wconf 88' lang='lat' dir='ltr'><strong>suis</strong></span> <span class='ocrx_word' id='word_1_328' title='bbox 823 3284 878 3342; x_wconf 90' lang='lat' dir='ltr'><strong>diis</strong></span> <span class='ocrx_word' id='word_1_329' title='bbox 892 3301 960 3342; x_wconf 88' lang='lat' dir='ltr'><strong>suos</strong></span> <span class='ocrx_word' id='word_1_330' title='bbox 973 3281 1106 3360; x_wconf 78' lang='lat' dir='ltr'><strong>hospites</strong></span> <span class='ocrx_word' id='word_1_331' title='bbox 1121 3283 1241 3342; x_wconf 81' lang='lat' dir='ltr'><strong>immola·</strong></span> 
     </span>
     <span class='ocr_line' id='line_1_38' title="bbox 216 3365 1242 3444; baseline -0.003 -20"><span class='ocrx_word' id='word_1_332' title='bbox 216 3365 275 3442; x_wconf 79' lang='lat' dir='ltr'><strong>bet,</strong></span> <span class='ocrx_word' id='word_1_333' title='bbox 289 3385 375 3442; x_wconf 86' lang='lat' dir='ltr'><strong>quem</strong></span> <span class='ocrx_word' id='word_1_334' title='bbox 388 3367 482 3424; x_wconf 86' lang='lat' dir='ltr'><strong>lilium</strong></span> <span class='ocrx_word' id='word_1_335' title='bbox 495 3365 650 3443; x_wconf 88' lang='lat' dir='ltr'><strong>perhibent</strong></span> <span class='ocrx_word' id='word_1_336' title='bbox 662 3367 753 3424; x_wconf 85' lang='lat' dir='ltr'><strong>fuisse</strong></span> <span class='ocrx_word' id='word_1_337' title='bbox 765 3366 904 3442; x_wconf 88' lang='lat' dir='ltr'><strong>Neptuni,</strong></span> <span class='ocrx_word' id='word_1_338' title='bbox 919 3384 957 3426; x_wconf 84' lang='lat' dir='ltr'><strong>ex</strong></span> <span class='ocrx_word' id='word_1_339' title='bbox 969 3376 1063 3424; x_wconf 83' lang='lat' dir='ltr'><strong>matre</strong></span> <span class='ocrx_word' id='word_1_340' title='bbox 1073 3367 1179 3444; x_wconf 77' lang='lat' dir='ltr'><strong>Libys,</strong></span> <span class='ocrx_word' id='word_1_341' title='bbox 1191 3365 1242 3421; x_wconf 80' lang='lat' dir='ltr'><strong>iilis</strong></span> 
     </span>
     <span class='ocr_line' id='line_1_39' title="bbox 215 3448 1242 3526; baseline 0 -20"><span class='ocrx_word' id='word_1_342' title='bbox 215 3449 337 3524; x_wconf 86' lang='lat' dir='ltr'><strong>Epnphi.</strong></span> <span class='ocrx_word' id='word_1_343' title='bbox 369 3448 478 3508; x_wconf 89' lang='lat' dir='ltr'><strong>Verum</strong></span> <span class='ocrx_word' id='word_1_344' title='bbox 496 3469 556 3508; x_wconf 89' lang='lat' dir='ltr'><strong>non</strong></span> <span class='ocrx_word' id='word_1_345' title='bbox 575 3450 710 3508; x_wconf 87' lang='lat' dir='ltr'><strong>credetur</strong></span> <span class='ocrx_word' id='word_1_346' title='bbox 727 3450 782 3510; x_wconf 92' lang='lat' dir='ltr'><strong>hoo</strong></span> <span class='ocrx_word' id='word_1_347' title='bbox 794 3461 926 3526; x_wconf 89' lang='lat' dir='ltr'><strong>stuprum</strong></span> <span class='ocrx_word' id='word_1_348' title='bbox 940 3459 1128 3524; x_wconf 85' lang='lat' dir='ltr'><strong>perpetrasse</strong></span> <span class='ocrx_word' id='word_1_349' title='bbox 1141 3449 1242 3524; x_wconf 70' lang='lat' dir='ltr'><strong>Nepte</strong></span> 
     </span>
     <span class='ocr_line' id='line_1_40' title="bbox 215 3532 1242 3610; baseline -0.002 -20"><span class='ocrx_word' id='word_1_350' title='bbox 215 3551 283 3604; x_wconf 87' lang='lat' dir='ltr'><strong>nus,</strong></span> <span class='ocrx_word' id='word_1_351' title='bbox 295 3551 334 3590; x_wconf 91' lang='lat' dir='ltr'><strong>ne</strong></span> <span class='ocrx_word' id='word_1_352' title='bbox 347 3532 388 3589; x_wconf 92' lang='lat' dir='ltr'><strong>dii</strong></span> <span class='ocrx_word' id='word_1_353' title='bbox 401 3543 588 3590; x_wconf 87' lang='lat' dir='ltr'><strong>accusentur:</strong></span> <span class='ocrx_word' id='word_1_354' title='bbox 604 3534 654 3590; x_wconf 87' lang='lat' dir='ltr'><strong>sed</strong></span> <span class='ocrx_word' id='word_1_355' title='bbox 666 3535 760 3608; x_wconf 71' lang='lat' dir='ltr'><strong>poetis</strong></span> <span class='ocrx_word' id='word_1_356' title='bbox 775 3543 805 3590; x_wconf 92' lang='lat' dir='ltr'><strong>et</strong></span> <span class='ocrx_word' id='word_1_357' title='bbox 816 3533 938 3590; x_wconf 89' lang='lat' dir='ltr'><strong>theatris</strong></span> <span class='ocrx_word' id='word_1_358' title='bbox 951 3536 1008 3610; x_wconf 80' lang='lat' dir='ltr'><strong>istu</strong></span> <span class='ocrx_word' id='word_1_359' title='bbox 1021 3534 1207 3601; x_wconf 82' lang='lat' dir='ltr'><strong>tribuuntur,</strong></span> <span class='ocrx_word' id='word_1_360' title='bbox 1217 3539 1242 3582; x_wconf 86' lang='lat' dir='ltr'><strong>ut</strong></span> 
     </span>
     <span class='ocr_line' id='line_1_41' title="bbox 215 3613 1241 3696; baseline -0.004 -26"><span class='ocrx_word' id='word_1_361' title='bbox 215 3617 255 3670; x_wconf 90' lang='lat' dir='ltr'><strong>sit</strong></span> <span class='ocrx_word' id='word_1_362' title='bbox 267 3616 346 3672; x_wconf 88' lang='lat' dir='ltr'><strong>unde</strong></span> <span class='ocrx_word' id='word_1_363' title='bbox 358 3617 519 3689; x_wconf 87' lang='lat' dir='ltr'><strong>placentur.</strong></span> <span class='ocrx_word' id='word_1_364' title='bbox 554 3613 739 3674; x_wconf 87' lang='lat' dir='ltr'><strong>Erichthonii</strong></span> <span class='ocrx_word' id='word_1_365' title='bbox 750 3618 831 3696; x_wconf 79' lang='lat' dir='ltr'><strong>regis</strong></span> <span class='ocrx_word' id='word_1_366' title='bbox 844 3615 1085 3688; x_wconf 85' lang='lat' dir='ltr'><strong>Atheniensium,</strong></span> <span class='ocrx_word' id='word_1_367' title='bbox 1098 3617 1241 3674; x_wconf 77' lang='lat' dir='ltr'><strong>cuiusce</strong></span> 
     </span>
     <span class='ocr_line' id='line_1_42' title="bbox 214 3693 1242 3776; baseline 0.004 -26"><span class='ocrx_word' id='word_1_368' title='bbox 214 3697 343 3752; x_wconf 84' lang='lat' dir='ltr'><strong>vissimis</strong></span> <span class='ocrx_word' id='word_1_369' title='bbox 357 3699 442 3757; x_wconf 85' lang='lat' dir='ltr'><strong>ennis</strong></span> <span class='ocrx_word' id='word_1_370' title='bbox 453 3697 537 3756; x_wconf 85' lang='lat' dir='ltr'><strong>iesus</strong></span> <span class='ocrx_word' id='word_1_371' title='bbox 551 3697 634 3756; x_wconf 84' lang='lat' dir='ltr'><strong>Neve</strong></span> <span class='ocrx_word' id='word_1_372' title='bbox 652 3707 785 3758; x_wconf 88' lang='lat' dir='ltr'><strong>mortuus</strong></span> <span class='ocrx_word' id='word_1_373' title='bbox 803 3702 966 3776; x_wconf 91' lang='lat' dir='ltr'><strong>reperitur,</strong></span> <span class='ocrx_word' id='word_1_374' title='bbox 987 3697 1140 3756; x_wconf 84' lang='lat' dir='ltr'><strong>Vulcanus</strong></span> <span class='ocrx_word' id='word_1_375' title='bbox 1154 3707 1185 3756; x_wconf 90' lang='lat' dir='ltr'><strong>et</strong></span> <span class='ocrx_word' id='word_1_376' title='bbox 1196 3693 1242 3754; x_wconf 80' lang='lat' dir='ltr'><strong>bli-</strong></span> 
     </span>
     <span class='ocr_line' id='line_1_43' title="bbox 215 3779 1243 3857; baseline 0.007 -27"><span class='ocrx_word' id='word_1_377' title='bbox 215 3793 307 3831; x_wconf 87' lang='lat' dir='ltr'><strong>ncrva</strong></span> <span class='ocrx_word' id='word_1_378' title='bbox 321 3789 456 3850; x_wconf 83' lang='lat' dir='ltr'><strong>parentes</strong></span> <span class='ocrx_word' id='word_1_379' title='bbox 469 3781 560 3838; x_wconf 77' lang='lat' dir='ltr'><strong>finisse</strong></span> <span class='ocrx_word' id='word_1_380' title='bbox 573 3781 721 3840; x_wconf 85' lang='lat' dir='ltr'><strong>dicuntur.</strong></span> <span class='ocrx_word' id='word_1_381' title='bbox 756 3781 816 3840; x_wconf 82' lang='lat' dir='ltr'><strong>Sed</strong></span> <span class='ocrx_word' id='word_1_382' title='bbox 827 3785 969 3857; x_wconf 84' lang='lat' dir='ltr'><strong>quoniam</strong></span> <span class='ocrx_word' id='word_1_383' title='bbox 982 3779 1149 3839; x_wconf 79' lang='lat' dir='ltr'><strong>Minervam</strong></span> <span class='ocrx_word' id='word_1_384' title='bbox 1160 3779 1243 3855; x_wconf 67' lang='lat' dir='ltr'><strong>virgi</strong></span> 
     </span>
     <span class='ocr_line' id='line_1_44' title="bbox 218 3857 1242 3928; baseline 0.003 -10"><span class='ocrx_word' id='word_1_385' title='bbox 218 3875 284 3918; x_wconf 81' lang='lat' dir='ltr'><strong>uem</strong></span> <span class='ocrx_word' id='word_1_386' title='bbox 298 3861 413 3928; x_wconf 79' lang='lat' dir='ltr'><strong>volunt,</strong></span> <span class='ocrx_word' id='word_1_387' title='bbox 428 3863 458 3922; x_wconf 84' lang='lat' dir='ltr'><strong>in</strong></span> <span class='ocrx_word' id='word_1_388' title='bbox 473 3865 623 3922; x_wconf 88' lang='lat' dir='ltr'><strong>amborum</strong></span> <span class='ocrx_word' id='word_1_389' title='bbox 637 3868 827 3925; x_wconf 88' lang='lat' dir='ltr'><strong>contentione</strong></span> <span class='ocrx_word' id='word_1_390' title='bbox 841 3865 1003 3924; x_wconf 83' lang='lat' dir='ltr'><strong>Vulcanum</strong></span> <span class='ocrx_word' id='word_1_391' title='bbox 1015 3873 1195 3922; x_wconf 87' lang='lat' dir='ltr'><strong>commotum</strong></span> <span class='ocrx_word' id='word_1_392' title='bbox 1208 3857 1242 3914; x_wconf 80' lang='lat' dir='ltr'><strong>ts·</strong></span> 
     </span>
    </p>
   </div>
   <div class='ocr_carea' id='block_1_3' title="bbox 0 0 1286 4392">
    <p class='ocr_par' dir='ltr' id='par_1_5' title="bbox 0 0 1286 4392">
     <span class='ocr_line' id='line_1_45' title="bbox 0 0 1286 4392; baseline 0 0"><span class='ocrx_word' id='word_1_393' title='bbox 0 0 1286 4392; x_wconf 95' lang='lat' dir='ltr'><strong> </strong></span> 
     </span>
    </p>
   </div>
  </div>
 </body>
</html>
