<?xml version="1.0" encoding="UTF-8"?>
<!DOCTYPE html PUBLIC "-//W3C//DTD XHTML 1.0 Transitional//EN"
    "http://www.w3.org/TR/xhtml1/DTD/xhtml1-transitional.dtd">
<html xmlns="http://www.w3.org/1999/xhtml" xml:lang="en" lang="en">
 <head>
  <title>
</title>
<meta http-equiv="Content-Type" content="text/html;charset=utf-8" />
  <meta name='ocr-system' content='tesseract 3.04.00' />
  <meta name='ocr-capabilities' content='ocr_page ocr_carea ocr_par ocr_line ocrx_word'/>
</head>
<body>
  <div class='ocr_page' id='page_1' title='image "./saureliiaugusti02augugoog_0086.png"; bbox 0 0 2590 4396; ppageno 0'>
   <div class='ocr_carea' id='block_1_1' title="bbox 248 195 1080 271">
    <p class='ocr_par' dir='ltr' id='par_1_1' title="bbox 248 195 1080 271">
     <span class='ocr_line' id='line_1_1' title="bbox 248 195 1080 271; baseline 0.012 -15"><span class='ocrx_word' id='word_1_1' title='bbox 248 199 313 256; x_wconf 83' lang='lat' dir='ltr'><strong>DE</strong></span> <span class='ocrx_word' id='word_1_2' title='bbox 336 195 557 255; x_wconf 79' lang='lat' dir='ltr'><strong>ClVlTA&#39;l&#39;E</strong></span> <span class='ocrx_word' id='word_1_3' title='bbox 582 196 660 255; x_wconf 88' lang='lat' dir='ltr'><strong>DEI</strong></span> <span class='ocrx_word' id='word_1_4' title='bbox 687 199 768 256; x_wconf 87' lang='lat' dir='ltr'><strong>LlB.</strong></span> <span class='ocrx_word' id='word_1_5' title='bbox 791 200 852 258; x_wconf 90' lang='lat' dir='ltr'><strong>lll.</strong></span> <span class='ocrx_word' id='word_1_6' title='bbox 1040 214 1080 271; x_wconf 71' lang='lat' dir='ltr'><strong>til</strong></span> 
     </span>
    </p>
   </div>
   <div class='ocr_carea' id='block_1_2' title="bbox 34 349 1112 3757">
    <p class='ocr_par' dir='ltr' id='par_1_2' title="bbox 34 349 1112 3757">
     <span class='ocr_line' id='line_1_2' title="bbox 43 349 1080 428; baseline 0.008 -18"><span class='ocrx_word' id='word_1_7' title='bbox 43 355 182 410; x_wconf 81' lang='lat' dir='ltr'><strong>l&#39;icerunt</strong></span> <span class='ocrx_word' id='word_1_8' title='bbox 196 371 272 428; x_wconf 86' lang='lat' dir='ltr'><strong>ergo</strong></span> <span class='ocrx_word' id='word_1_9' title='bbox 287 349 430 421; x_wconf 86' lang='lat' dir='ltr'><strong>Romani,</strong></span> <span class='ocrx_word' id='word_1_10' title='bbox 459 357 493 405; x_wconf 89' lang='lat' dir='ltr'><strong>ut</strong></span> <span class='ocrx_word' id='word_1_11' title='bbox 504 359 602 427; x_wconf 82' lang='lat' dir='ltr'><strong>strage</strong></span> <span class='ocrx_word' id='word_1_12' title='bbox 616 368 787 407; x_wconf 77' lang='lat' dir='ltr'><strong>socerorum</strong></span> <span class='ocrx_word' id='word_1_13' title='bbox 800 356 934 413; x_wconf 89' lang='lat' dir='ltr'><strong>manibus</strong></span> <span class='ocrx_word' id='word_1_14' title='bbox 949 363 1080 418; x_wconf 88' lang='lat' dir='ltr'><strong>cruentis</strong></span> 
     </span>
     <span class='ocr_line' id='line_1_3' title="bbox 43 433 1079 510; baseline 0.006 -16"><span class='ocrx_word' id='word_1_15' title='bbox 43 440 69 494; x_wconf 87' lang='lat' dir='ltr'><strong>ab</strong></span> <span class='ocrx_word' id='word_1_16' title='bbox 82 455 191 493; x_wconf 87' lang='lat' dir='ltr'><strong>eornm</strong></span> <span class='ocrx_word' id='word_1_17' title='bbox 204 434 325 490; x_wconf 88' lang='lat' dir='ltr'><strong>filiabus</strong></span> <span class='ocrx_word' id='word_1_18' title='bbox 339 433 493 506; x_wconf 85' lang='lat' dir='ltr'><strong>amplexus</strong></span> <span class='ocrx_word' id='word_1_19' title='bbox 506 433 687 489; x_wconf 73' lang='lat' dir='ltr'><strong>miserabiles</strong></span> <span class='ocrx_word' id='word_1_20' title='bbox 702 442 929 510; x_wconf 82' lang='lat' dir='ltr'><strong>extorquerent:</strong></span> <span class='ocrx_word' id='word_1_21' title='bbox 943 458 997 496; x_wconf 88' lang='lat' dir='ltr'><strong>nec</strong></span> <span class='ocrx_word' id='word_1_22' title='bbox 1011 444 1079 500; x_wconf 86' lang='lat' dir='ltr'><strong>illac</strong></span> 
     </span>
     <span class='ocr_line' id='line_1_4' title="bbox 43 513 1078 589; baseline 0.005 -12"><span class='ocrx_word' id='word_1_23' title='bbox 43 521 184 577; x_wconf 80' lang='lat' dir='ltr'><strong>auderent</strong></span> <span class='ocrx_word' id='word_1_24' title='bbox 198 516 274 573; x_wconf 88' lang='lat' dir='ltr'><strong>flere</strong></span> <span class='ocrx_word' id='word_1_25' title='bbox 288 525 388 589; x_wconf 89' lang='lat' dir='ltr'><strong>patrcs</strong></span> <span class='ocrx_word' id='word_1_26' title='bbox 403 516 535 587; x_wconf 87' lang='lat' dir='ltr'><strong>occisos,</strong></span> <span class='ocrx_word' id='word_1_27' title='bbox 551 534 589 571; x_wconf 91' lang='lat' dir='ltr'><strong>ne</strong></span> <span class='ocrx_word' id='word_1_28' title='bbox 603 513 787 573; x_wconf 85' lang='lat' dir='ltr'><strong>offenderent</strong></span> <span class='ocrx_word' id='word_1_29' title='bbox 799 521 928 577; x_wconf 87' lang='lat' dir='ltr'><strong>victores</strong></span> <span class='ocrx_word' id='word_1_30' title='bbox 942 526 1078 584; x_wconf 88' lang='lat' dir='ltr'><strong>maritos:</strong></span> 
     </span>
     <span class='ocr_line' id='line_1_5' title="bbox 42 587 1079 679; baseline 0.002 -19"><span class='ocrx_word' id='word_1_31' title='bbox 42 623 107 679; x_wconf 88' lang='lat' dir='ltr'><strong>quac</strong></span> <span class='ocrx_word' id='word_1_32' title='bbox 121 601 224 658; x_wconf 89' lang='lat' dir='ltr'><strong>adhuc</strong></span> <span class='ocrx_word' id='word_1_33' title='bbox 239 602 299 656; x_wconf 92' lang='lat' dir='ltr'><strong>illis</strong></span> <span class='ocrx_word' id='word_1_34' title='bbox 317 598 532 675; x_wconf 78' lang='lat' dir='ltr'><strong>pugnantibus,</strong></span> <span class='ocrx_word' id='word_1_35' title='bbox 546 616 600 673; x_wconf 90' lang='lat' dir='ltr'><strong>pro</strong></span> <span class='ocrx_word' id='word_1_36' title='bbox 615 600 721 674; x_wconf 90' lang='lat' dir='ltr'><strong>quibus</strong></span> <span class='ocrx_word' id='word_1_37' title='bbox 736 601 871 658; x_wconf 85' lang='lat' dir='ltr'><strong>facerent</strong></span> <span class='ocrx_word' id='word_1_38' title='bbox 882 614 952 661; x_wconf 86' lang='lat' dir='ltr'><strong>vota</strong></span> <span class='ocrx_word' id='word_1_39' title='bbox 965 587 1079 662; x_wconf 42' lang='lat' dir='ltr'><strong>nescia-⁴</strong></span> 
     </span>
     <span class='ocr_line' id='line_1_6' title="bbox 41 681 1081 758; baseline 0.001 -14"><span class='ocrx_word' id='word_1_40' title='bbox 41 689 110 744; x_wconf 87' lang='lat' dir='ltr'><strong>bant.</strong></span> <span class='ocrx_word' id='word_1_41' title='bbox 158 684 288 742; x_wconf 87' lang='lat' dir='ltr'><strong>Talibus</strong></span> <span class='ocrx_word' id='word_1_42' title='bbox 315 683 428 757; x_wconf 88' lang='lat' dir='ltr'><strong>nuptiis</strong></span> <span class='ocrx_word' id='word_1_43' title='bbox 454 683 594 756; x_wconf 89' lang='lat' dir='ltr'><strong>populum</strong></span> <span class='ocrx_word' id='word_1_44' title='bbox 606 681 771 740; x_wconf 90' lang='lat' dir='ltr'><strong>Romanum</strong></span> <span class='ocrx_word' id='word_1_45' title='bbox 794 703 854 742; x_wconf 92' lang='lat' dir='ltr'><strong>non</strong></span> <span class='ocrx_word' id='word_1_46' title='bbox 882 685 1002 758; x_wconf 87' lang='lat' dir='ltr'><strong>Venus,</strong></span> <span class='ocrx_word' id='word_1_47' title='bbox 1030 689 1081 746; x_wconf 90' lang='lat' dir='ltr'><strong>sed</strong></span> 
     </span>
     <span class='ocr_line' id='line_1_7' title="bbox 40 764 1081 842; baseline 0 -15"><span class='ocrx_word' id='word_1_48' title='bbox 40 770 155 828; x_wconf 83' lang='lat' dir='ltr'><strong>Bellona</strong></span> <span class='ocrx_word' id='word_1_49' title='bbox 171 769 306 824; x_wconf 85' lang='lat' dir='ltr'><strong>dotavit:</strong></span> <span class='ocrx_word' id='word_1_50' title='bbox 333 774 387 822; x_wconf 81' lang='lat' dir='ltr'><strong>aut</strong></span> <span class='ocrx_word' id='word_1_51' title='bbox 399 764 537 822; x_wconf 76' lang='lat' dir='ltr'><strong>fortassis</strong></span> <span class='ocrx_word' id='word_1_52' title='bbox 550 765 652 822; x_wconf 80' lang='lat' dir='ltr'><strong>Alecto</strong></span> <span class='ocrx_word' id='word_1_53' title='bbox 667 767 717 822; x_wconf 82' lang='lat' dir='ltr'><strong>illa</strong></span> <span class='ocrx_word' id='word_1_54' title='bbox 733 767 888 824; x_wconf 81' lang='lat' dir='ltr'><strong>infernalis</strong></span> <span class='ocrx_word' id='word_1_55' title='bbox 903 768 997 842; x_wconf 81' lang='lat' dir='ltr'><strong>iuria,</strong></span> <span class='ocrx_word' id='word_1_56' title='bbox 1023 773 1081 828; x_wconf 86' lang='lat' dir='ltr'><strong>iam</strong></span> 
     </span>
     <span class='ocr_line' id='line_1_8' title="bbox 40 847 1081 928; baseline -0.001 -17"><span class='ocrx_word' id='word_1_57' title='bbox 40 857 75 910; x_wconf 88' lang='lat' dir='ltr'><strong>eis</strong></span> <span class='ocrx_word' id='word_1_58' title='bbox 87 854 214 910; x_wconf 84' lang='lat' dir='ltr'><strong>favente</strong></span> <span class='ocrx_word' id='word_1_59' title='bbox 225 849 358 920; x_wconf 82' lang='lat' dir='ltr'><strong>lunone,</strong></span> <span class='ocrx_word' id='word_1_60' title='bbox 386 850 454 922; x_wconf 90' lang='lat' dir='ltr'><strong>plus</strong></span> <span class='ocrx_word' id='word_1_61' title='bbox 467 850 500 906; x_wconf 88' lang='lat' dir='ltr'><strong>in</strong></span> <span class='ocrx_word' id='word_1_62' title='bbox 517 850 584 905; x_wconf 90' lang='lat' dir='ltr'><strong>illos</strong></span> <span class='ocrx_word' id='word_1_63' title='bbox 608 847 710 906; x_wconf 89' lang='lat' dir='ltr'><strong>habuit</strong></span> <span class='ocrx_word' id='word_1_64' title='bbox 732 851 885 924; x_wconf 78' lang='lat' dir='ltr'><strong>licentiae,</strong></span> <span class='ocrx_word' id='word_1_65' title='bbox 913 870 1000 928; x_wconf 84' lang='lat' dir='ltr'><strong>quam</strong></span> <span class='ocrx_word' id='word_1_66' title='bbox 1014 873 1081 910; x_wconf 89' lang='lat' dir='ltr'><strong>cum</strong></span> 
     </span>
     <span class='ocr_line' id='line_1_9' title="bbox 40 931 1079 1010; baseline 0 -18"><span class='ocrx_word' id='word_1_67' title='bbox 40 940 94 994; x_wconf 88' lang='lat' dir='ltr'><strong>cius</strong></span> <span class='ocrx_word' id='word_1_68' title='bbox 107 937 256 1010; x_wconf 89' lang='lat' dir='ltr'><strong>precibus</strong></span> <span class='ocrx_word' id='word_1_69' title='bbox 269 942 376 992; x_wconf 88' lang='lat' dir='ltr'><strong>contra</strong></span> <span class='ocrx_word' id='word_1_70' title='bbox 387 931 518 990; x_wconf 80' lang='lat' dir='ltr'><strong>Aeneam</strong></span> <span class='ocrx_word' id='word_1_71' title='bbox 529 932 628 990; x_wconf 87' lang='lat' dir='ltr'><strong>fuerat</strong></span> <span class='ocrx_word' id='word_1_72' title='bbox 641 935 778 990; x_wconf 78' lang='lat' dir='ltr'><strong>excitata.</strong></span> <span class='ocrx_word' id='word_1_73' title='bbox 816 934 1020 992; x_wconf 80' lang='lat' dir='ltr'><strong>Andromache</strong></span> <span class='ocrx_word' id='word_1_74' title='bbox 1034 937 1079 994; x_wconf 83' lang='lat' dir='ltr'><strong>ic-</strong></span> 
     </span>
     <span class='ocr_line' id='line_1_10' title="bbox 39 1015 1078 1093; baseline -0.002 -15"><span class='ocrx_word' id='word_1_75' title='bbox 39 1023 116 1078; x_wconf 87' lang='lat' dir='ltr'><strong>licius</strong></span> <span class='ocrx_word' id='word_1_76' title='bbox 142 1020 299 1092; x_wconf 77' lang='lat' dir='ltr'><strong>captivata</strong></span> <span class='ocrx_word' id='word_1_77' title='bbox 325 1025 387 1088; x_wconf 89' lang='lat' dir='ltr'><strong>est,</strong></span> <span class='ocrx_word' id='word_1_78' title='bbox 413 1033 501 1090; x_wconf 80' lang='lat' dir='ltr'><strong>quam</strong></span> <span class='ocrx_word' id='word_1_79' title='bbox 512 1017 563 1072; x_wconf 83' lang='lat' dir='ltr'><strong>illa</strong></span> <span class='ocrx_word' id='word_1_80' title='bbox 587 1015 872 1093; x_wconf 82' lang='lat' dir='ltr'><strong>coniugiaRomana</strong></span> <span class='ocrx_word' id='word_1_81' title='bbox 897 1029 1078 1092; x_wconf 87' lang='lat' dir='ltr'><strong>nupserunt:</strong></span> 
     </span>
     <span class='ocr_line' id='line_1_11' title="bbox 39 1099 1079 1173; baseline 0 -13"><span class='ocrx_word' id='word_1_82' title='bbox 39 1107 100 1162; x_wconf 87' lang='lat' dir='ltr'><strong>licet</strong></span> <span class='ocrx_word' id='word_1_83' title='bbox 127 1104 276 1172; x_wconf 78' lang='lat' dir='ltr'><strong>serviles,</strong></span> <span class='ocrx_word' id='word_1_84' title='bbox 303 1111 404 1156; x_wconf 89' lang='lat' dir='ltr'><strong>tamen</strong></span> <span class='ocrx_word' id='word_1_85' title='bbox 417 1107 485 1172; x_wconf 89' lang='lat' dir='ltr'><strong>post</strong></span> <span class='ocrx_word' id='word_1_86' title='bbox 497 1099 562 1156; x_wconf 93' lang='lat' dir='ltr'><strong>cius</strong></span> <span class='ocrx_word' id='word_1_87' title='bbox 575 1100 726 1173; x_wconf 81' lang='lat' dir='ltr'><strong>amplexus</strong></span> <span class='ocrx_word' id='word_1_88' title='bbox 752 1101 868 1156; x_wconf 86' lang='lat' dir='ltr'><strong>nullum</strong></span> <span class='ocrx_word' id='word_1_89' title='bbox 881 1099 1079 1160; x_wconf 81' lang='lat' dir='ltr'><strong>Troianorum</strong></span> 
     </span>
     <span class='ocr_line' id='line_1_12' title="bbox 40 1181 1079 1263; baseline -0.002 -19"><span class='ocrx_word' id='word_1_90' title='bbox 40 1186 163 1263; x_wconf 80' lang='lat' dir='ltr'><strong>Pyrrhus</strong></span> <span class='ocrx_word' id='word_1_91' title='bbox 178 1183 303 1242; x_wconf 89' lang='lat' dir='ltr'><strong>occidit.</strong></span> <span class='ocrx_word' id='word_1_92' title='bbox 330 1181 458 1240; x_wconf 85' lang='lat' dir='ltr'><strong>Romani</strong></span> <span class='ocrx_word' id='word_1_93' title='bbox 471 1191 570 1238; x_wconf 87' lang='lat' dir='ltr'><strong>autem</strong></span> <span class='ocrx_word' id='word_1_94' title='bbox 583 1199 702 1240; x_wconf 84' lang='lat' dir='ltr'><strong>soceros</strong></span> <span class='ocrx_word' id='word_1_95' title='bbox 717 1182 934 1240; x_wconf 79' lang='lat' dir='ltr'><strong>interficiebant</strong></span> <span class='ocrx_word' id='word_1_96' title='bbox 947 1185 979 1240; x_wconf 87' lang='lat' dir='ltr'><strong>in</strong></span> <span class='ocrx_word' id='word_1_97' title='bbox 992 1203 1079 1258; x_wconf 90' lang='lat' dir='ltr'><strong>proe-</strong></span> 
     </span>
     <span class='ocr_line' id='line_1_13' title="bbox 39 1263 1081 1346; baseline -0.004 -20"><span class='ocrx_word' id='word_1_98' title='bbox 39 1273 95 1342; x_wconf 86' lang='lat' dir='ltr'><strong>liis,</strong></span> <span class='ocrx_word' id='word_1_99' title='bbox 120 1287 255 1346; x_wconf 88' lang='lat' dir='ltr'><strong>quorum</strong></span> <span class='ocrx_word' id='word_1_100' title='bbox 267 1268 331 1325; x_wconf 86' lang='lat' dir='ltr'><strong>iam</strong></span> <span class='ocrx_word' id='word_1_101' title='bbox 340 1265 417 1322; x_wconf 89' lang='lat' dir='ltr'><strong>filias</strong></span> <span class='ocrx_word' id='word_1_102' title='bbox 431 1265 674 1337; x_wconf 82' lang='lat' dir='ltr'><strong>amplexabantur</strong></span> <span class='ocrx_word' id='word_1_103' title='bbox 686 1267 719 1320; x_wconf 91' lang='lat' dir='ltr'><strong>in</strong></span> <span class='ocrx_word' id='word_1_104' title='bbox 732 1263 876 1320; x_wconf 76' lang='lat' dir='ltr'><strong>thalamis.</strong></span> <span class='ocrx_word' id='word_1_105' title='bbox 907 1263 961 1320; x_wconf 89' lang='lat' dir='ltr'><strong>llla</strong></span> <span class='ocrx_word' id='word_1_106' title='bbox 973 1268 1081 1322; x_wconf 87' lang='lat' dir='ltr'><strong>victori</strong></span> 
     </span>
     <span class='ocr_line' id='line_1_14' title="bbox 40 1347 1078 1421; baseline -0.006 -11"><span class='ocrx_word' id='word_1_107' title='bbox 40 1353 165 1421; x_wconf 87' lang='lat' dir='ltr'><strong>subdita,</strong></span> <span class='ocrx_word' id='word_1_108' title='bbox 193 1352 302 1408; x_wconf 87' lang='lat' dir='ltr'><strong>dolore</strong></span> <span class='ocrx_word' id='word_1_109' title='bbox 315 1357 570 1404; x_wconf 87' lang='lat' dir='ltr'><strong>tantumsuorum</strong></span> <span class='ocrx_word' id='word_1_110' title='bbox 581 1355 708 1404; x_wconf 82' lang='lat' dir='ltr'><strong>mortem</strong></span> <span class='ocrx_word' id='word_1_111' title='bbox 732 1347 847 1417; x_wconf 87' lang='lat' dir='ltr'><strong>potuit,</strong></span> <span class='ocrx_word' id='word_1_112' title='bbox 873 1364 934 1402; x_wconf 90' lang='lat' dir='ltr'><strong>non</strong></span> <span class='ocrx_word' id='word_1_113' title='bbox 960 1349 1078 1405; x_wconf 87' lang='lat' dir='ltr'><strong>timere:</strong></span> 
     </span>
     <span class='ocr_line' id='line_1_15' title="bbox 38 1430 1079 1504; baseline -0.008 -10"><span class='ocrx_word' id='word_1_114' title='bbox 38 1440 100 1494; x_wconf 84' lang='lat' dir='ltr'><strong>illae</strong></span> <span class='ocrx_word' id='word_1_115' title='bbox 122 1438 257 1492; x_wconf 83' lang='lat' dir='ltr'><strong>sociatae</strong></span> <span class='ocrx_word' id='word_1_116' title='bbox 281 1431 461 1488; x_wconf 72' lang='lat' dir='ltr'><strong>bellantibus</strong></span> <span class='ocrx_word' id='word_1_117' title='bbox 479 1439 637 1504; x_wconf 88' lang='lat' dir='ltr'><strong>parentum</strong></span> <span class='ocrx_word' id='word_1_118' title='bbox 655 1446 779 1484; x_wconf 90' lang='lat' dir='ltr'><strong>suorum</strong></span> <span class='ocrx_word' id='word_1_119' title='bbox 792 1437 902 1484; x_wconf 86' lang='lat' dir='ltr'><strong>mortes</strong></span> <span class='ocrx_word' id='word_1_120' title='bbox 915 1430 1079 1502; x_wconf 87' lang='lat' dir='ltr'><strong>proceden-</strong></span> 
     </span>
     <span class='ocr_line' id='line_1_16' title="bbox 39 1511 1078 1586; baseline -0.004 -12"><span class='ocrx_word' id='word_1_121' title='bbox 39 1521 115 1576; x_wconf 88' lang='lat' dir='ltr'><strong>tibus</strong></span> <span class='ocrx_word' id='word_1_122' title='bbox 127 1521 196 1574; x_wconf 85' lang='lat' dir='ltr'><strong>viris</strong></span> <span class='ocrx_word' id='word_1_123' title='bbox 208 1516 373 1586; x_wconf 84' lang='lat' dir='ltr'><strong>timebant,</strong></span> <span class='ocrx_word' id='word_1_124' title='bbox 400 1512 593 1570; x_wconf 84' lang='lat' dir='ltr'><strong>redeuntibus</strong></span> <span class='ocrx_word' id='word_1_125' title='bbox 607 1511 762 1582; x_wconf 82' lang='lat' dir='ltr'><strong>dolebant,</strong></span> <span class='ocrx_word' id='word_1_126' title='bbox 791 1529 846 1568; x_wconf 87' lang='lat' dir='ltr'><strong>nce</strong></span> <span class='ocrx_word' id='word_1_127' title='bbox 868 1513 1004 1570; x_wconf 86' lang='lat' dir='ltr'><strong>timorem</strong></span> <span class='ocrx_word' id='word_1_128' title='bbox 1026 1512 1078 1570; x_wconf 82' lang='lat' dir='ltr'><strong>ho-</strong></span> 
     </span>
     <span class='ocr_line' id='line_1_17' title="bbox 39 1595 1079 1670; baseline -0.003 -13"><span class='ocrx_word' id='word_1_129' title='bbox 39 1603 138 1658; x_wconf 89' lang='lat' dir='ltr'><strong>bentcs</strong></span> <span class='ocrx_word' id='word_1_130' title='bbox 149 1602 296 1670; x_wconf 80' lang='lat' dir='ltr'><strong>liberum,</strong></span> <span class='ocrx_word' id='word_1_131' title='bbox 323 1617 378 1656; x_wconf 88' lang='lat' dir='ltr'><strong>nec</strong></span> <span class='ocrx_word' id='word_1_132' title='bbox 392 1596 532 1652; x_wconf 87' lang='lat' dir='ltr'><strong>dolorem.</strong></span> <span class='ocrx_word' id='word_1_133' title='bbox 566 1595 641 1652; x_wconf 87' lang='lat' dir='ltr'><strong>Nam</strong></span> <span class='ocrx_word' id='word_1_134' title='bbox 653 1604 774 1668; x_wconf 81' lang='lat' dir='ltr'><strong>propter</strong></span> <span class='ocrx_word' id='word_1_135' title='bbox 787 1595 945 1652; x_wconf 82' lang='lat' dir='ltr'><strong>interitum</strong></span> <span class='ocrx_word' id='word_1_136' title='bbox 958 1598 1079 1668; x_wconf 81' lang='lat' dir='ltr'><strong>civium,</strong></span> 
     </span>
     <span class='ocr_line' id='line_1_18' title="bbox 39 1679 1080 1760; baseline -0.006 -18"><span class='ocrx_word' id='word_1_137' title='bbox 39 1688 288 1760; x_wconf 88' lang='lat' dir='ltr'><strong>propinquorum,</strong></span> <span class='ocrx_word' id='word_1_138' title='bbox 314 1681 461 1750; x_wconf 69' lang='lat' dir='ltr'><strong>imnum,</strong></span> <span class='ocrx_word' id='word_1_139' title='bbox 476 1687 647 1753; x_wconf 88' lang='lat' dir='ltr'><strong>parentum,</strong></span> <span class='ocrx_word' id='word_1_140' title='bbox 662 1687 715 1734; x_wconf 91' lang='lat' dir='ltr'><strong>aut</strong></span> <span class='ocrx_word' id='word_1_141' title='bbox 726 1679 775 1752; x_wconf 91' lang='lat' dir='ltr'><strong>pic</strong></span> <span class='ocrx_word' id='word_1_142' title='bbox 790 1679 1015 1751; x_wconf 86' lang='lat' dir='ltr'><strong>cruciabantur,</strong></span> <span class='ocrx_word' id='word_1_143' title='bbox 1028 1690 1080 1738; x_wconf 87' lang='lat' dir='ltr'><strong>aut</strong></span> 
     </span>
     <span class='ocr_line' id='line_1_19' title="bbox 40 1759 1078 1834; baseline -0.006 -10"><span class='ocrx_word' id='word_1_144' title='bbox 40 1771 192 1826; x_wconf 86' lang='lat' dir='ltr'><strong>crudeliter</strong></span> <span class='ocrx_word' id='word_1_145' title='bbox 213 1765 405 1824; x_wconf 81' lang='lat' dir='ltr'><strong>laetabantur</strong></span> <span class='ocrx_word' id='word_1_146' title='bbox 428 1763 561 1820; x_wconf 86' lang='lat' dir='ltr'><strong>victoriis</strong></span> <span class='ocrx_word' id='word_1_147' title='bbox 588 1763 770 1820; x_wconf 84' lang='lat' dir='ltr'><strong>maritorum.</strong></span> <span class='ocrx_word' id='word_1_148' title='bbox 815 1759 884 1818; x_wconf 83' lang='lat' dir='ltr'><strong>Huc</strong></span> <span class='ocrx_word' id='word_1_149' title='bbox 909 1762 1078 1834; x_wconf 87' lang='lat' dir='ltr'><strong>accedebat,</strong></span> 
     </span>
     <span class='ocr_line' id='line_1_20' title="bbox 40 1845 1078 1926; baseline -0.006 -18"><span class='ocrx_word' id='word_1_150' title='bbox 40 1854 124 1926; x_wconf 89' lang='lat' dir='ltr'><strong>quod,</strong></span> <span class='ocrx_word' id='word_1_151' title='bbox 150 1861 185 1908; x_wconf 89' lang='lat' dir='ltr'><strong>ut</strong></span> <span class='ocrx_word' id='word_1_152' title='bbox 199 1859 273 1907; x_wconf 85' lang='lat' dir='ltr'><strong>sunt</strong></span> <span class='ocrx_word' id='word_1_153' title='bbox 285 1850 403 1904; x_wconf 85' lang='lat' dir='ltr'><strong>alterna</strong></span> <span class='ocrx_word' id='word_1_154' title='bbox 415 1846 577 1916; x_wconf 86' lang='lat' dir='ltr'><strong>bellorum,</strong></span> <span class='ocrx_word' id='word_1_155' title='bbox 604 1846 720 1919; x_wconf 84' lang='lat' dir='ltr'><strong>aliquae</strong></span> <span class='ocrx_word' id='word_1_156' title='bbox 733 1853 890 1918; x_wconf 86' lang='lat' dir='ltr'><strong>parentum</strong></span> <span class='ocrx_word' id='word_1_157' title='bbox 903 1845 984 1902; x_wconf 87' lang='lat' dir='ltr'><strong>ferro</strong></span> <span class='ocrx_word' id='word_1_158' title='bbox 1005 1848 1078 1902; x_wconf 85' lang='lat' dir='ltr'><strong>asni-</strong></span> 
     </span>
     <span class='ocr_line' id='line_1_21' title="bbox 41 1928 1077 2004; baseline -0.006 -14"><span class='ocrx_word' id='word_1_159' title='bbox 41 1947 135 1994; x_wconf 88' lang='lat' dir='ltr'><strong>serunt</strong></span> <span class='ocrx_word' id='word_1_160' title='bbox 161 1937 261 2004; x_wconf 73' lang='lat' dir='ltr'><strong>rhos,</strong></span> <span class='ocrx_word' id='word_1_161' title='bbox 289 1933 427 2004; x_wconf 75' lang='lat' dir='ltr'><strong>eliaeque</strong></span> <span class='ocrx_word' id='word_1_162' title='bbox 444 1938 638 2002; x_wconf 84' lang='lat' dir='ltr'><strong>utrorumque</strong></span> <span class='ocrx_word' id='word_1_163' title='bbox 651 1928 731 1984; x_wconf 83' lang='lat' dir='ltr'><strong>ferro</strong></span> <span class='ocrx_word' id='word_1_164' title='bbox 747 1937 777 1984; x_wconf 88' lang='lat' dir='ltr'><strong>et</strong></span> <span class='ocrx_word' id='word_1_165' title='bbox 789 1937 928 2002; x_wconf 81' lang='lat' dir='ltr'><strong>parentes</strong></span> <span class='ocrx_word' id='word_1_166' title='bbox 943 1938 973 1984; x_wconf 87' lang='lat' dir='ltr'><strong>et</strong></span> <span class='ocrx_word' id='word_1_167' title='bbox 986 1930 1077 1986; x_wconf 80' lang='lat' dir='ltr'><strong>viros.</strong></span> 
     </span>
     <span class='ocr_line' id='line_1_22' title="bbox 40 2011 1078 2094; baseline -0.011 -18"><span class='ocrx_word' id='word_1_168' title='bbox 40 2018 134 2094; x_wconf 89' lang='lat' dir='ltr'><strong>Neque</strong></span> <span class='ocrx_word' id='word_1_169' title='bbox 150 2020 234 2074; x_wconf 87' lang='lat' dir='ltr'><strong>enim</strong></span> <span class='ocrx_word' id='word_1_170' title='bbox 248 2025 278 2072; x_wconf 89' lang='lat' dir='ltr'><strong>et</strong></span> <span class='ocrx_word' id='word_1_171' title='bbox 291 2015 370 2089; x_wconf 93' lang='lat' dir='ltr'><strong>apud</strong></span> <span class='ocrx_word' id='word_1_172' title='bbox 383 2012 535 2070; x_wconf 83' lang='lat' dir='ltr'><strong>Romanos</strong></span> <span class='ocrx_word' id='word_1_173' title='bbox 560 2031 651 2087; x_wconf 83' lang='lat' dir='ltr'><strong>parva</strong></span> <span class='ocrx_word' id='word_1_174' title='bbox 676 2012 800 2068; x_wconf 83' lang='lat' dir='ltr'><strong>fuerunt</strong></span> <span class='ocrx_word' id='word_1_175' title='bbox 823 2013 874 2070; x_wconf 86' lang='lat' dir='ltr'><strong>illa</strong></span> <span class='ocrx_word' id='word_1_176' title='bbox 897 2011 1078 2068; x_wconf 88' lang='lat' dir='ltr'><strong>discrimina.</strong></span> 
     </span>
     <span class='ocr_line' id='line_1_23' title="bbox 41 2095 1076 2178; baseline -0.012 -19"><span class='ocrx_word' id='word_1_177' title='bbox 41 2102 188 2178; x_wconf 78' lang='lat' dir='ltr'><strong>Siquidem</strong></span> <span class='ocrx_word' id='word_1_178' title='bbox 197 2101 236 2158; x_wconf 87' lang='lat' dir='ltr'><strong>ad</strong></span> <span class='ocrx_word' id='word_1_179' title='bbox 250 2097 436 2157; x_wconf 86' lang='lat' dir='ltr'><strong>obsidionem</strong></span> <span class='ocrx_word' id='word_1_180' title='bbox 450 2113 566 2170; x_wconf 90' lang='lat' dir='ltr'><strong>quoque</strong></span> <span class='ocrx_word' id='word_1_181' title='bbox 578 2104 754 2170; x_wconf 82' lang='lat' dir='ltr'><strong>perventum</strong></span> <span class='ocrx_word' id='word_1_182' title='bbox 769 2103 814 2149; x_wconf 89' lang='lat' dir='ltr'><strong>cst</strong></span> <span class='ocrx_word' id='word_1_183' title='bbox 828 2095 975 2163; x_wconf 87' lang='lat' dir='ltr'><strong>civitatis,</strong></span> <span class='ocrx_word' id='word_1_184' title='bbox 996 2095 1076 2148; x_wconf 91' lang='lat' dir='ltr'><strong>clau-</strong></span> 
     </span>
     <span class='ocr_line' id='line_1_24' title="bbox 41 2175 1077 2262; baseline -0.008 -22"><span class='ocrx_word' id='word_1_185' title='bbox 41 2189 132 2262; x_wconf 89' lang='lat' dir='ltr'><strong>sisque</strong></span> <span class='ocrx_word' id='word_1_186' title='bbox 144 2186 242 2260; x_wconf 88' lang='lat' dir='ltr'><strong>portis</strong></span> <span class='ocrx_word' id='word_1_187' title='bbox 257 2193 290 2238; x_wconf 83' lang='lat' dir='ltr'><strong>se</strong></span> <span class='ocrx_word' id='word_1_188' title='bbox 303 2181 474 2238; x_wconf 83' lang='lat' dir='ltr'><strong>tuebantur.</strong></span> <span class='ocrx_word' id='word_1_189' title='bbox 518 2179 634 2246; x_wconf 73' lang='lat' dir='ltr'><strong>Quibus</strong></span> <span class='ocrx_word' id='word_1_190' title='bbox 647 2178 713 2234; x_wconf 89' lang='lat' dir='ltr'><strong>dolo</strong></span> <span class='ocrx_word' id='word_1_191' title='bbox 727 2178 855 2251; x_wconf 87' lang='lat' dir='ltr'><strong>apertis,</strong></span> <span class='ocrx_word' id='word_1_192' title='bbox 882 2175 1077 2251; x_wconf 83' lang='lat' dir='ltr'><strong>admissisque</strong></span> 
     </span>
     <span class='ocr_line' id='line_1_25' title="bbox 40 2262 1077 2336; baseline -0.008 -12"><span class='ocrx_word' id='word_1_193' title='bbox 40 2267 167 2328; x_wconf 79' lang='lat' dir='ltr'><strong>hostibus</strong></span> <span class='ocrx_word' id='word_1_194' title='bbox 180 2271 261 2326; x_wconf 90' lang='lat' dir='ltr'><strong>intra</strong></span> <span class='ocrx_word' id='word_1_195' title='bbox 274 2266 411 2336; x_wconf 83' lang='lat' dir='ltr'><strong>moenia,</strong></span> <span class='ocrx_word' id='word_1_196' title='bbox 425 2265 457 2320; x_wconf 88' lang='lat' dir='ltr'><strong>in</strong></span> <span class='ocrx_word' id='word_1_197' title='bbox 471 2265 534 2336; x_wconf 90' lang='lat' dir='ltr'><strong>ipso</strong></span> <span class='ocrx_word' id='word_1_198' title='bbox 545 2262 611 2320; x_wconf 85' lang='lat' dir='ltr'><strong>loro</strong></span> <span class='ocrx_word' id='word_1_199' title='bbox 625 2263 769 2318; x_wconf 88' lang='lat' dir='ltr'><strong>scelerata</strong></span> <span class='ocrx_word' id='word_1_200' title='bbox 784 2269 814 2316; x_wconf 88' lang='lat' dir='ltr'><strong>ct</strong></span> <span class='ocrx_word' id='word_1_201' title='bbox 828 2262 916 2320; x_wconf 85' lang='lat' dir='ltr'><strong>nimis</strong></span> <span class='ocrx_word' id='word_1_202' title='bbox 930 2269 1016 2317; x_wconf 87' lang='lat' dir='ltr'><strong>atrox</strong></span> <span class='ocrx_word' id='word_1_203' title='bbox 1030 2263 1077 2316; x_wconf 87' lang='lat' dir='ltr'><strong>in-</strong></span> 
     </span>
     <span class='ocr_line' id='line_1_26' title="bbox 42 2343 1079 2432; baseline -0.009 -23"><span class='ocrx_word' id='word_1_204' title='bbox 42 2365 80 2410; x_wconf 88' lang='lat' dir='ltr'><strong>ter</strong></span> <span class='ocrx_word' id='word_1_205' title='bbox 91 2371 221 2432; x_wconf 79' lang='lat' dir='ltr'><strong>generos</strong></span> <span class='ocrx_word' id='word_1_206' title='bbox 236 2367 417 2424; x_wconf 83' lang='lat' dir='ltr'><strong>socerosque</strong></span> <span class='ocrx_word' id='word_1_207' title='bbox 441 2365 542 2424; x_wconf 83' lang='lat' dir='ltr'><strong>pugna</strong></span> <span class='ocrx_word' id='word_1_208' title='bbox 566 2346 721 2405; x_wconf 83' lang='lat' dir='ltr'><strong>commissa</strong></span> <span class='ocrx_word' id='word_1_209' title='bbox 735 2353 791 2402; x_wconf 83' lang='lat' dir='ltr'><strong>est.</strong></span> <span class='ocrx_word' id='word_1_210' title='bbox 834 2343 875 2402; x_wconf 85' lang='lat' dir='ltr'><strong>Et</strong></span> <span class='ocrx_word' id='word_1_211' title='bbox 887 2353 1020 2417; x_wconf 77' lang='lat' dir='ltr'><strong>raptores</strong></span> <span class='ocrx_word' id='word_1_212' title='bbox 1034 2345 1079 2400; x_wconf 93' lang='lat' dir='ltr'><strong>illi</strong></span> 
     </span>
     <span class='ocr_line' id='line_1_27' title="bbox 42 2428 1077 2511; baseline -0.01 -19"><span class='ocrx_word' id='word_1_213' title='bbox 42 2441 120 2494; x_wconf 86' lang='lat' dir='ltr'><strong>etiam</strong></span> <span class='ocrx_word' id='word_1_214' title='bbox 134 2437 373 2511; x_wconf 85' lang='lat' dir='ltr'><strong>superabantur3</strong></span> <span class='ocrx_word' id='word_1_215' title='bbox 387 2441 418 2488; x_wconf 88' lang='lat' dir='ltr'><strong>et</strong></span> <span class='ocrx_word' id='word_1_216' title='bbox 431 2431 532 2488; x_wconf 81' lang='lat' dir='ltr'><strong>crebro</strong></span> <span class='ocrx_word' id='word_1_217' title='bbox 546 2431 697 2507; x_wconf 78' lang='lat' dir='ltr'><strong>fugientes</strong></span> <span class='ocrx_word' id='word_1_218' title='bbox 711 2431 791 2484; x_wconf 89' lang='lat' dir='ltr'><strong>intra</strong></span> <span class='ocrx_word' id='word_1_219' title='bbox 802 2428 902 2488; x_wconf 87' lang='lat' dir='ltr'><strong>domos</strong></span> <span class='ocrx_word' id='word_1_220' title='bbox 913 2445 993 2497; x_wconf 88' lang='lat' dir='ltr'><strong>suas,</strong></span> <span class='ocrx_word' id='word_1_221' title='bbox 1008 2445 1077 2503; x_wconf 80' lang='lat' dir='ltr'><strong>gra-</strong></span> 
     </span>
     <span class='ocr_line' id='line_1_28' title="bbox 42 2509 1078 2592; baseline -0.014 -13"><span class='ocrx_word' id='word_1_222' title='bbox 42 2525 98 2579; x_wconf 78' lang='lat' dir='ltr'><strong>tias</strong></span> <span class='ocrx_word' id='word_1_223' title='bbox 122 2521 284 2579; x_wconf 80' lang='lat' dir='ltr'><strong>foedabant</strong></span> <span class='ocrx_word' id='word_1_224' title='bbox 308 2517 469 2592; x_wconf 87' lang='lat' dir='ltr'><strong>pristinas,</strong></span> <span class='ocrx_word' id='word_1_225' title='bbox 495 2514 673 2589; x_wconf 80' lang='lat' dir='ltr'><strong>quomriset</strong></span> <span class='ocrx_word' id='word_1_226' title='bbox 698 2513 777 2584; x_wconf 87' lang='lat' dir='ltr'><strong>ipsas</strong></span> <span class='ocrx_word' id='word_1_227' title='bbox 796 2509 946 2582; x_wconf 84' lang='lat' dir='ltr'><strong>pudendas</strong></span> <span class='ocrx_word' id='word_1_228' title='bbox 970 2510 1078 2582; x_wconf 83' lang='lat' dir='ltr'><strong>lugen-</strong></span> 
     </span>
     <span class='ocr_line' id='line_1_29' title="bbox 41 2591 1080 2681; baseline -0.018 -21"><span class='ocrx_word' id='word_1_229' title='bbox 41 2606 145 2681; x_wconf 85' lang='lat' dir='ltr'><strong>dasque</strong></span> <span class='ocrx_word' id='word_1_230' title='bbox 170 2605 323 2662; x_wconf 83' lang='lat' dir='ltr'><strong>victorias.</strong></span> <span class='ocrx_word' id='word_1_231' title='bbox 368 2598 427 2656; x_wconf 90' lang='lat' dir='ltr'><strong>Hic</strong></span> <span class='ocrx_word' id='word_1_232' title='bbox 439 2607 538 2656; x_wconf 88' lang='lat' dir='ltr'><strong>tamen</strong></span> <span class='ocrx_word' id='word_1_233' title='bbox 551 2597 696 2652; x_wconf 87' lang='lat' dir='ltr'><strong>Romulus</strong></span> <span class='ocrx_word' id='word_1_234' title='bbox 711 2593 747 2648; x_wconf 85' lang='lat' dir='ltr'><strong>dc</strong></span> <span class='ocrx_word' id='word_1_235' title='bbox 761 2609 883 2646; x_wconf 82' lang='lat' dir='ltr'><strong>suorum</strong></span> <span class='ocrx_word' id='word_1_236' title='bbox 895 2591 955 2642; x_wconf 82' lang='lat' dir='ltr'><strong>iam</strong></span> <span class='ocrx_word' id='word_1_237' title='bbox 966 2591 1080 2643; x_wconf 83' lang='lat' dir='ltr'><strong>virtute</strong></span> 
     </span>
     <span class='ocr_line' id='line_1_30' title="bbox 39 2669 1079 2762; baseline -0.019 -18"><span class='ocrx_word' id='word_1_238' title='bbox 39 2690 214 2762; x_wconf 84' lang='lat' dir='ltr'><strong>desperans,</strong></span> <span class='ocrx_word' id='word_1_239' title='bbox 240 2686 342 2744; x_wconf 86' lang='lat' dir='ltr'><strong>lovem</strong></span> <span class='ocrx_word' id='word_1_240' title='bbox 355 2683 474 2760; x_wconf 79' lang='lat' dir='ltr'><strong>rogavit</strong></span> <span class='ocrx_word' id='word_1_241' title='bbox 486 2690 521 2738; x_wconf 86' lang='lat' dir='ltr'><strong>ut</strong></span> <span class='ocrx_word' id='word_1_242' title='bbox 534 2684 665 2734; x_wconf 86' lang='lat' dir='ltr'><strong>starent:</strong></span> <span class='ocrx_word' id='word_1_243' title='bbox 692 2683 781 2746; x_wconf 85' lang='lat' dir='ltr'><strong>atquo</strong></span> <span class='ocrx_word' id='word_1_244' title='bbox 795 2673 845 2729; x_wconf 89' lang='lat' dir='ltr'><strong>ille</strong></span> <span class='ocrx_word' id='word_1_245' title='bbox 856 2669 910 2726; x_wconf 83' lang='lat' dir='ltr'><strong>hac</strong></span> <span class='ocrx_word' id='word_1_246' title='bbox 924 2671 1079 2726; x_wconf 89' lang='lat' dir='ltr'><strong>occasione</strong></span> 
     </span>
     <span class='ocr_line' id='line_1_31' title="bbox 38 2753 1080 2828; baseline -0.019 0"><span class='ocrx_word' id='word_1_247' title='bbox 38 2790 150 2828; x_wconf 89' lang='lat' dir='ltr'><strong>nomen</strong></span> <span class='ocrx_word' id='word_1_248' title='bbox 163 2769 289 2827; x_wconf 78' lang='lat' dir='ltr'><strong>Statoris</strong></span> <span class='ocrx_word' id='word_1_249' title='bbox 303 2769 429 2824; x_wconf 85' lang='lat' dir='ltr'><strong>invenit.</strong></span> <span class='ocrx_word' id='word_1_250' title='bbox 465 2763 528 2820; x_wconf 88' lang='lat' dir='ltr'><strong>Nec</strong></span> <span class='ocrx_word' id='word_1_251' title='bbox 541 2761 611 2818; x_wconf 90' lang='lat' dir='ltr'><strong>finis</strong></span> <span class='ocrx_word' id='word_1_252' title='bbox 627 2765 706 2814; x_wconf 85' lang='lat' dir='ltr'><strong>esset</strong></span> <span class='ocrx_word' id='word_1_253' title='bbox 719 2757 796 2812; x_wconf 86' lang='lat' dir='ltr'><strong>tanti</strong></span> <span class='ocrx_word' id='word_1_254' title='bbox 807 2754 892 2823; x_wconf 89' lang='lat' dir='ltr'><strong>mali,</strong></span> <span class='ocrx_word' id='word_1_255' title='bbox 906 2753 966 2808; x_wconf 91' lang='lat' dir='ltr'><strong>nisi</strong></span> <span class='ocrx_word' id='word_1_256' title='bbox 978 2761 1080 2824; x_wconf 85' lang='lat' dir='ltr'><strong>raptae</strong></span> 
     </span>
     <span class='ocr_line' id='line_1_32' title="bbox 36 2836 1078 2912; baseline -0.017 -2"><span class='ocrx_word' id='word_1_257' title='bbox 36 2858 105 2910; x_wconf 87' lang='lat' dir='ltr'><strong>illac</strong></span> <span class='ocrx_word' id='word_1_258' title='bbox 131 2855 268 2910; x_wconf 83' lang='lat' dir='ltr'><strong>laceratis</strong></span> <span class='ocrx_word' id='word_1_259' title='bbox 297 2850 430 2909; x_wconf 85' lang='lat' dir='ltr'><strong>crinibus</strong></span> <span class='ocrx_word' id='word_1_260' title='bbox 457 2849 633 2912; x_wconf 85' lang='lat' dir='ltr'><strong>emicarent,</strong></span> <span class='ocrx_word' id='word_1_261' title='bbox 661 2850 691 2898; x_wconf 86' lang='lat' dir='ltr'><strong>et</strong></span> <span class='ocrx_word' id='word_1_262' title='bbox 709 2839 883 2912; x_wconf 83' lang='lat' dir='ltr'><strong>provolutae</strong></span> <span class='ocrx_word' id='word_1_263' title='bbox 895 2836 1078 2910; x_wconf 89' lang='lat' dir='ltr'><strong>parentibus,</strong></span> 
     </span>
     <span class='ocr_line' id='line_1_33' title="bbox 36 2918 1080 3000; baseline -0.015 -8"><span class='ocrx_word' id='word_1_264' title='bbox 36 2941 109 2994; x_wconf 85' lang='lat' dir='ltr'><strong>iram</strong></span> <span class='ocrx_word' id='word_1_265' title='bbox 124 2955 231 2994; x_wconf 80' lang='lat' dir='ltr'><strong>coram</strong></span> <span class='ocrx_word' id='word_1_266' title='bbox 241 2935 452 3000; x_wconf 85' lang='lat' dir='ltr'><strong>iustissimam,</strong></span> <span class='ocrx_word' id='word_1_267' title='bbox 479 2947 540 2986; x_wconf 87' lang='lat' dir='ltr'><strong>non</strong></span> <span class='ocrx_word' id='word_1_268' title='bbox 556 2927 645 2984; x_wconf 85' lang='lat' dir='ltr'><strong>armis</strong></span> <span class='ocrx_word' id='word_1_269' title='bbox 658 2923 849 2994; x_wconf 85' lang='lat' dir='ltr'><strong>victricibus,</strong></span> <span class='ocrx_word' id='word_1_270' title='bbox 876 2918 927 2978; x_wconf 89' lang='lat' dir='ltr'><strong>sed</strong></span> <span class='ocrx_word' id='word_1_271' title='bbox 953 2921 1080 2993; x_wconf 88' lang='lat' dir='ltr'><strong>supplici</strong></span> 
     </span>
     <span class='ocr_line' id='line_1_34' title="bbox 34 3003 1078 3095; baseline -0.014 -19"><span class='ocrx_word' id='word_1_272' title='bbox 34 3024 145 3095; x_wconf 84' lang='lat' dir='ltr'><strong>pictate</strong></span> <span class='ocrx_word' id='word_1_273' title='bbox 174 3019 322 3076; x_wconf 86' lang='lat' dir='ltr'><strong>sedarent.</strong></span> <span class='ocrx_word' id='word_1_274' title='bbox 368 3013 486 3072; x_wconf 85' lang='lat' dir='ltr'><strong>Deinde</strong></span> <span class='ocrx_word' id='word_1_275' title='bbox 500 3011 603 3068; x_wconf 89' lang='lat' dir='ltr'><strong>Titum</strong></span> <span class='ocrx_word' id='word_1_276' title='bbox 616 3007 737 3066; x_wconf 86' lang='lat' dir='ltr'><strong>Tatium</strong></span> <span class='ocrx_word' id='word_1_277' title='bbox 763 3023 864 3083; x_wconf 80' lang='lat' dir='ltr'><strong>regem</strong></span> <span class='ocrx_word' id='word_1_278' title='bbox 889 3003 1078 3074; x_wconf 85' lang='lat' dir='ltr'><strong>Sabinorum,</strong></span> 
     </span>
     <span class='ocr_line' id='line_1_35' title="bbox 35 3089 1077 3180; baseline -0.016 -21"><span class='ocrx_word' id='word_1_279' title='bbox 35 3107 150 3161; x_wconf 88' lang='lat' dir='ltr'><strong>socium</strong></span> <span class='ocrx_word' id='word_1_280' title='bbox 165 3104 252 3180; x_wconf 78' lang='lat' dir='ltr'><strong>regni</strong></span> <span class='ocrx_word' id='word_1_281' title='bbox 265 3100 411 3158; x_wconf 83' lang='lat' dir='ltr'><strong>Romulus</strong></span> <span class='ocrx_word' id='word_1_282' title='bbox 427 3097 506 3153; x_wconf 84' lang='lat' dir='ltr'><strong>ferre</strong></span> <span class='ocrx_word' id='word_1_283' title='bbox 520 3094 689 3166; x_wconf 88' lang='lat' dir='ltr'><strong>compulsus</strong></span> <span class='ocrx_word' id='word_1_284' title='bbox 706 3099 767 3161; x_wconf 91' lang='lat' dir='ltr'><strong>est,</strong></span> <span class='ocrx_word' id='word_1_285' title='bbox 781 3090 917 3167; x_wconf 77' lang='lat' dir='ltr'><strong>germani</strong></span> <span class='ocrx_word' id='word_1_286' title='bbox 931 3089 1077 3144; x_wconf 90' lang='lat' dir='ltr'><strong>consortis</strong></span> 
     </span>
     <span class='ocr_line' id='line_1_36' title="bbox 34 3172 1078 3260; baseline -0.017 -18"><span class='ocrx_word' id='word_1_287' title='bbox 34 3189 212 3260; x_wconf 83' lang='lat' dir='ltr'><strong>irnpatiens:</strong></span> <span class='ocrx_word' id='word_1_288' title='bbox 238 3183 291 3242; x_wconf 90' lang='lat' dir='ltr'><strong>sed</strong></span> <span class='ocrx_word' id='word_1_289' title='bbox 303 3179 422 3258; x_wconf 82' lang='lat' dir='ltr'><strong>quando</strong></span> <span class='ocrx_word' id='word_1_290' title='bbox 436 3189 467 3234; x_wconf 89' lang='lat' dir='ltr'><strong>et</strong></span> <span class='ocrx_word' id='word_1_291' title='bbox 478 3181 569 3234; x_wconf 85' lang='lat' dir='ltr'><strong>istum</strong></span> <span class='ocrx_word' id='word_1_292' title='bbox 582 3176 633 3232; x_wconf 89' lang='lat' dir='ltr'><strong>diu</strong></span> <span class='ocrx_word' id='word_1_293' title='bbox 647 3177 804 3243; x_wconf 85' lang='lat' dir='ltr'><strong>toleraret,</strong></span> <span class='ocrx_word' id='word_1_294' title='bbox 826 3173 877 3248; x_wconf 86' lang='lat' dir='ltr'><strong>qui</strong></span> <span class='ocrx_word' id='word_1_295' title='bbox 891 3172 1013 3228; x_wconf 66' lang='lat' dir='ltr'><strong>irenem</strong></span> <span class='ocrx_word' id='word_1_296' title='bbox 1025 3189 1078 3246; x_wconf 79' lang='lat' dir='ltr'><strong>ge-</strong></span> 
     </span>
     <span class='ocr_line' id='line_1_37' title="bbox 35 3255 1080 3344; baseline -0.018 -19"><span class='ocrx_word' id='word_1_297' title='bbox 35 3273 210 3344; x_wconf 88' lang='lat' dir='ltr'><strong>minumque</strong></span> <span class='ocrx_word' id='word_1_298' title='bbox 236 3285 297 3324; x_wconf 85' lang='lat' dir='ltr'><strong>non</strong></span> <span class='ocrx_word' id='word_1_299' title='bbox 324 3258 468 3339; x_wconf 79' lang='lat' dir='ltr'><strong>pertuliti</strong></span> <span class='ocrx_word' id='word_1_300' title='bbox 511 3259 595 3316; x_wconf 90' lang='lat' dir='ltr'><strong>Vnde</strong></span> <span class='ocrx_word' id='word_1_301' title='bbox 610 3267 639 3314; x_wconf 90' lang='lat' dir='ltr'><strong>et</strong></span> <span class='ocrx_word' id='word_1_302' title='bbox 653 3259 717 3330; x_wconf 89' lang='lat' dir='ltr'><strong>ipso</strong></span> <span class='ocrx_word' id='word_1_303' title='bbox 731 3255 906 3324; x_wconf 83' lang='lat' dir='ltr'><strong>interfecto,</strong></span> <span class='ocrx_word' id='word_1_304' title='bbox 934 3263 968 3310; x_wconf 86' lang='lat' dir='ltr'><strong>ut</strong></span> <span class='ocrx_word' id='word_1_305' title='bbox 986 3255 1080 3308; x_wconf 87' lang='lat' dir='ltr'><strong>maior</strong></span> 
     </span>
     <span class='ocr_line' id='line_1_38' title="bbox 35 3337 1079 3427; baseline -0.021 -19"><span class='ocrx_word' id='word_1_306' title='bbox 35 3354 105 3410; x_wconf 88' lang='lat' dir='ltr'><strong>dcos</strong></span> <span class='ocrx_word' id='word_1_307' title='bbox 129 3361 231 3422; x_wconf 85' lang='lat' dir='ltr'><strong>esset,</strong></span> <span class='ocrx_word' id='word_1_308' title='bbox 255 3364 387 3427; x_wconf 75' lang='lat' dir='ltr'><strong>regnum</strong></span> <span class='ocrx_word' id='word_1_309' title='bbox 412 3346 492 3402; x_wconf 89' lang='lat' dir='ltr'><strong>solus</strong></span> <span class='ocrx_word' id='word_1_310' title='bbox 516 3343 652 3402; x_wconf 88' lang='lat' dir='ltr'><strong>obtinuit.</strong></span> <span class='ocrx_word' id='word_1_311' title='bbox 698 3341 781 3405; x_wconf 76' lang='lat' dir='ltr'><strong>Quae</strong></span> <span class='ocrx_word' id='word_1_312' title='bbox 795 3337 1079 3394; x_wconf 86' lang='lat' dir='ltr'><strong>suntistaiuranu-</strong></span> 
     </span>
     <span class='ocr_line' id='line_1_39' title="bbox 34 3416 1080 3509; baseline -0.028 -13"><span class='ocrx_word' id='word_1_313' title='bbox 34 3439 180 3508; x_wconf 82' lang='lat' dir='ltr'><strong>ptiarnm,</strong></span> <span class='ocrx_word' id='word_1_314' title='bbox 210 3452 287 3509; x_wconf 89' lang='lat' dir='ltr'><strong>quae</strong></span> <span class='ocrx_word' id='word_1_315' title='bbox 301 3433 487 3488; x_wconf 81' lang='lat' dir='ltr'><strong>irritamenta</strong></span> <span class='ocrx_word' id='word_1_316' title='bbox 499 3427 659 3492; x_wconf 83' lang='lat' dir='ltr'><strong>bellorum,</strong></span> <span class='ocrx_word' id='word_1_317' title='bbox 680 3439 755 3495; x_wconf 88' lang='lat' dir='ltr'><strong>quae</strong></span> <span class='ocrx_word' id='word_1_318' title='bbox 768 3420 888 3476; x_wconf 84' lang='lat' dir='ltr'><strong>foedera</strong></span> <span class='ocrx_word' id='word_1_319' title='bbox 901 3416 1080 3495; x_wconf 78' lang='lat' dir='ltr'><strong>germanita-</strong></span> 
     </span>
     <span class='ocr_line' id='line_1_40' title="bbox 36 3494 1080 3590; baseline -0.026 -16"><span class='ocrx_word' id='word_1_320' title='bbox 36 3523 90 3590; x_wconf 86' lang='lat' dir='ltr'><strong>tis,</strong></span> <span class='ocrx_word' id='word_1_321' title='bbox 116 3518 293 3586; x_wconf 83' lang='lat' dir='ltr'><strong>affinitatis,</strong></span> <span class='ocrx_word' id='word_1_322' title='bbox 322 3513 491 3581; x_wconf 87' lang='lat' dir='ltr'><strong>societatis,</strong></span> <span class='ocrx_word' id='word_1_323' title='bbox 517 3501 703 3564; x_wconf 79' lang='lat' dir='ltr'><strong>divinitatisl</strong></span> <span class='ocrx_word' id='word_1_324' title='bbox 749 3504 832 3568; x_wconf 71' lang='lat' dir='ltr'><strong>Quae</strong></span> <span class='ocrx_word' id='word_1_325' title='bbox 854 3510 1002 3574; x_wconf 79' lang='lat' dir='ltr'><strong>postremo</strong></span> <span class='ocrx_word' id='word_1_326' title='bbox 1027 3494 1080 3548; x_wconf 91' lang='lat' dir='ltr'><strong>sub</strong></span> 
     </span>
     <span class='ocr_line' id='line_1_41' title="bbox 36 3576 1112 3658; baseline -0.021 -3"><span class='ocrx_word' id='word_1_327' title='bbox 36 3613 76 3657; x_wconf 92' lang='lat' dir='ltr'><strong>tot</strong></span> <span class='ocrx_word' id='word_1_328' title='bbox 103 3603 164 3658; x_wconf 87' lang='lat' dir='ltr'><strong>diis</strong></span> <span class='ocrx_word' id='word_1_329' title='bbox 191 3599 345 3657; x_wconf 90' lang='lat' dir='ltr'><strong>tutoribus</strong></span> <span class='ocrx_word' id='word_1_330' title='bbox 369 3597 433 3652; x_wconf 79' lang='lat' dir='ltr'><strong>vita</strong></span> <span class='ocrx_word' id='word_1_331' title='bbox 461 3585 615 3649; x_wconf 75' lang='lat' dir='ltr'><strong>civitatisi</strong></span> <span class='ocrx_word' id='word_1_332' title='bbox 659 3585 747 3641; x_wconf 80' lang='lat' dir='ltr'><strong>Vides</strong></span> <span class='ocrx_word' id='word_1_333' title='bbox 773 3592 884 3658; x_wconf 86' lang='lat' dir='ltr'><strong>quanta</strong></span> <span class='ocrx_word' id='word_1_334' title='bbox 897 3580 965 3634; x_wconf 90' lang='lat' dir='ltr'><strong>hinc</strong></span> <span class='ocrx_word' id='word_1_335' title='bbox 981 3576 1039 3630; x_wconf 91' lang='lat' dir='ltr'><strong>dici</strong></span> <span class='ocrx_word' id='word_1_336' title='bbox 1053 3585 1082 3632; x_wconf 88' lang='lat' dir='ltr'><strong>ct</strong></span> <span class='ocrx_word' id='word_1_337' title='bbox 1109 3625 1112 3632; x_wconf 88' lang='lat'><strong>.</strong></span> 
     </span>
     <span class='ocr_line' id='line_1_42' title="bbox 36 3659 1081 3757; baseline -0.029 -17"><span class='ocrx_word' id='word_1_338' title='bbox 36 3705 121 3757; x_wconf 88' lang='lat' dir='ltr'><strong>quam</strong></span> <span class='ocrx_word' id='word_1_339' title='bbox 147 3686 243 3740; x_wconf 83' lang='lat' dir='ltr'><strong>multa</strong></span> <span class='ocrx_word' id='word_1_340' title='bbox 269 3687 409 3755; x_wconf 87' lang='lat' dir='ltr'><strong>possent,</strong></span> <span class='ocrx_word' id='word_1_341' title='bbox 435 3677 494 3732; x_wconf 89' lang='lat' dir='ltr'><strong>nisi</strong></span> <span class='ocrx_word' id='word_1_342' title='bbox 519 3691 594 3748; x_wconf 85' lang='lat' dir='ltr'><strong>quac</strong></span> <span class='ocrx_word' id='word_1_343' title='bbox 617 3676 777 3744; x_wconf 85' lang='lat' dir='ltr'><strong>supersunt</strong></span> <span class='ocrx_word' id='word_1_344' title='bbox 790 3673 891 3722; x_wconf 83' lang='lat' dir='ltr'><strong>nostra</strong></span> <span class='ocrx_word' id='word_1_345' title='bbox 905 3667 1023 3714; x_wconf 87' lang='lat' dir='ltr'><strong>curaret</strong></span> <span class='ocrx_word' id='word_1_346' title='bbox 1036 3659 1081 3712; x_wconf 90' lang='lat' dir='ltr'><strong>in-</strong></span> 
     </span>
    </p>
   </div>
   <div class='ocr_carea' id='block_1_3' title="bbox 37 3759 626 3842">
    <p class='ocr_par' dir='ltr' id='par_1_3' title="bbox 37 3759 626 3842">
     <span class='ocr_line' id='line_1_43' title="bbox 37 3759 626 3842; baseline -0.019 -22"><span class='ocrx_word' id='word_1_347' title='bbox 37 3771 148 3842; x_wconf 84' lang='lat' dir='ltr'><strong>tentio,</strong></span> <span class='ocrx_word' id='word_1_348' title='bbox 176 3778 209 3823; x_wconf 88' lang='lat' dir='ltr'><strong>et</strong></span> <span class='ocrx_word' id='word_1_349' title='bbox 223 3783 323 3822; x_wconf 88' lang='lat' dir='ltr'><strong>sermo</strong></span> <span class='ocrx_word' id='word_1_350' title='bbox 337 3765 370 3818; x_wconf 91' lang='lat' dir='ltr'><strong>in</strong></span> <span class='ocrx_word' id='word_1_351' title='bbox 386 3760 443 3816; x_wconf 82' lang='lat' dir='ltr'><strong>alia</strong></span> <span class='ocrx_word' id='word_1_352' title='bbox 461 3759 626 3814; x_wconf 83' lang='lat' dir='ltr'><strong>festinaret.</strong></span> 
     </span>
    </p>
   </div>
   <div class='ocr_carea' id='block_1_4' title="bbox 0 0 1300 4396">
    <p class='ocr_par' dir='ltr' id='par_1_4' title="bbox 0 0 1300 4396">
     <span class='ocr_line' id='line_1_44' title="bbox 0 0 1300 4396; baseline 0 0"><span class='ocrx_word' id='word_1_353' title='bbox 0 0 1300 4396; x_wconf 95' lang='lat' dir='ltr'><strong> </strong></span> 
     </span>
    </p>
   </div>
  </div>
 </body>
</html>
