2602 4416
214 257 254 311 68
441 243 539 304 DlVl
564 236 750 300 AVREbll
773 237 1027 296 AVGVSTlNl

213 401 401 480 passionibus
418 399 596 477 gloriamur,
625 393 676 466 qui
690 407 900 464 usquequaque
918 389 1058 446 adversus
1086 397 1250 464 potestates

215 485 435 545 inimicissimas
462 478 672 556 confligentes,
700 490 807 546 casque
829 472 947 528 fortiter
959 473 1111 530 moriendo
1124 475 1250 530 vincen-

214 583 277 642 tes,
303 569 450 646 sanguine
472 563 556 619 nobis
580 557 655 614 hanc
678 557 805 630 patriam
828 573 967 631 peperere
990 575 1054 612 suo.
1097 556 1142 613 Ad
1161 573 1251 631 quam

215 655 340 729 patriam
354 661 384 707 te
397 649 555 705 invitamus
570 637 819 711 secerneremur,
839 647 873 695 ut
884 640 948 696 eius
962 638 1111 696 adiiciaris
1124 658 1248 696 numero

216 739 340 805 civium,
368 733 452 787 euius
477 725 603 801 quodam
625 722 711 780 modo
725 724 840 798 asylum
853 731 899 778 est
911 741 981 780 vera
994 724 1128 779 remissio
1143 740 1249 796 pecce-

216 832 322 877 torum.
365 813 433 870 Non
457 808 559 865 audias
582 806 744 886 degeneres
758 815 825 862 tuos
839 803 955 862 Christo
970 804 1184 875 christianisve
1198 805 1250 860 de-

215 901 365 958 trahentes
388 903 418 950 et
440 899 615 949 accusantes
630 891 713 948 velut
737 897 870 963 tempora
894 891 985 960 malm
1013 907 1080 945 eum
1105 898 1251 964 quaerant

215 994 346 1054 tempora
360 977 466 1053 quibus
478 993 539 1031 non
553 975 593 1030 sit
606 974 706 1049 quieta
718 973 797 1044 vita,
812 971 864 1028 sed
875 973 974 1046 potius
989 989 1094 1029 secura
1107 973 1250 1046 nequitia.

214 1063 297 1121 Haec
310 1063 364 1118 tibi
378 1077 529 1135 nunquam
554 1076 610 1115 nee
629 1075 683 1130 pro
707 1065 826 1112 terrena
838 1056 935 1128 patria
947 1057 1131 1128 placuerunt.
1161 1054 1251 1111 Nunc

214 1151 272 1204 iam
287 1147 445 1202 coelestem
458 1143 571 1216 arripe,
596 1157 650 1214 pro
678 1157 736 1214 qua
760 1139 913 1196 minimum
936 1137 1098 1209 laborabis,
1126 1146 1156 1192 et
1169 1139 1201 1192 in
1217 1155 1252 1190 ca

214 1229 360 1288 veraciter
374 1243 546 1300 semperque
558 1223 706 1300 regnabis.
749 1219 818 1276 lllic'
827 1221 907 1276 enim
919 1219 973 1276 tibi
988 1237 1048 1275 non
1062 1219 1189 1276 Vestalis
1204 1221 1251 1276 fo-

216 1331 284 1385 cus,
311 1329 372 1368 non
396 1310 470 1382 lapis
484 1307 685 1381 Capitolinus,
712 1303 764 1360 sed
776 1302 859 1360 Deus
872 1321 950 1358 unus
965 1311 995 1358 ct
1006 1319 1095 1358 verus
1118 1321 1174 1358 nec
1188 1321 1251 1358 me-

215 1407 261 1454 tas
274 1413 393 1465 rerum,
413 1409 468 1448 nec
482 1400 613 1464 tempora
625 1396 732 1463 ponet,
756 1387 914 1460 imperium
926 1386 991 1441 sine
1004 1383 1062 1440 fide
1076 1383 1164 1440 dabit.

278 1477 349 1534 Noli
362 1476 432 1531 deos
447 1475 537 1530 falsos
551 1473 733 1546 fallacesque
745 1470 914 1543 requirere余
941 1468 1034 1524 obiice
1047 1469 1146 1542 pot'prs
1161 1475 1253 1540 atque

216 1570 383 1630 contemne,
399 1558 430 1612 iu
443 1575 543 1614 veram
556 1556 685 1610 emicans
699 1553 873 1609 libertatem.
917 1550 986 1608 Non
999 1559 1070 1606 sunt
1083 1548 1140 1621 dii,
1166 1552 1252 1605 mali-

215 1645 269 1722 gni
286 1649 357 1698 sunt
370 1640 509 1713 spiritus,
536 1637 641 1712 quibus
655 1644 777 1691 aeterna
789 1643 841 1690 tua
854 1634 981 1690 felicitas
994 1651 1089 1708 poena
1103 1642 1156 1688 est.
1183 1632 1252 1689 Non

216 1739 276 1783 tam
289 1724 363 1782 luno
378 1721 535 1792 Troianis,
561 1737 580 1774 a
593 1719 699 1793 quibus
715 1717 864 1774 carnalem
877 1717 1025 1793 originem
1042 1715 1141 1787 ducis,
1168 1735 1252 1771 arces

216 1809 334 1867 videtur
346 1803 489 1862 invidisse
502 1801 666 1873 Romanas,
694 1818 781 1876 quam
803 1799 855 1854 isti
868 1797 1042 1870 daemones,
1069 1817 1142 1873 quos
1157 1797 1253 1855 adhue

216 1893 286 1948 deos
300 1898 404 1964 putas,
426 1888 506 1943 omui
519 1887 626 1964 generi
637 1881 791 1940 hominum
803 1881 888 1940 sedes
899 1881 1035 1940 invident
1048 1883 1252 1955 sempiternes.

215 1975 255 2032 Et
266 1984 300 2030 tu
313 1975 379 2047 ipsa
398 1989 458 2027 non
481 1985 572 2044 parva
598 1986 637 2024 ex
659 1975 741 2041 parte
763 1965 799 2022 de
819 1967 929 2024 talibus
951 1964 1106 2036 iudicasti,
1134 1965 1252 2040 quande

216 2057 294 2116 ludis
312 2074 363 2112 eos
388 2053 529 2130 placasti,
559 2060 589 2107 et
600 2069 653 2126 per
668 2067 742 2126 quos
756 2047 890 2106 homines
904 2047 1022 2106 eosdem
1034 2047 1118 2105 ludos
1142 2049 1252 2119 fecisti,

216 2142 340 2200 infames
358 2157 424 2195 csse
439 2137 568 2195 voluisti.
602 2133 709 2191 Patere
728 2135 823 2188 asseri
835 2133 1000 2190 libertatem
1014 2142 1096 2188 tuam
1109 2130 1252 2189 adversus

216 2221 382 2292 immundos
403 2221 525 2296 spiritus
532 2220 592 2300 gui
610 2219 670 2274 tuis
686 2215 851 2274 cervicibus
865 2218 1067 2292 imposuerant
1080 2215 1254 2272 sacrandam

216 2308 273 2363 sibi
287 2315 317 2362 et
333 2301 537 2362 celebrandam
550 2301 749 2380 ignominiam
762 2318 854 2356 suam.
896 2299 1021 2356 Aetores
1036 2299 1193 2354 criminum
1207 2299 1252 2354 di-

215 2391 354 2448 vinorum
379 2386 532 2443 removisti
546 2385 582 2440 ab
595 2382 759 2440 honoribus
772 2383 848 2440 tuis:
876 2384 1007 2458 supplica
1021 2381 1086 2439 Deo
1100 2399 1191 2452 vero,
1220 2392 1254 2437 ut

215 2492 232 2528 a
246 2482 276 2528 te
289 2477 441 2528 removeat
454 2469 520 2524 illos
534 2467 622 2540 deos,
650 2467 702 2542 qui
715 2465 899 2522 delcetantur
913 2466 1085 2522 criminibus
1100 2465 1173 2535 suis,
1189 2467 1254 2521 sive

216 2557 316 2627 veris,
333 2552 411 2630 quod
426 2551 741 2631 ignominiosissimum
753 2558 814 2622 est余
841 2551 904 2606 sivo
917 2549 1016 2619 falsis,
1030 2547 1109 2623 quod
1122 2550 1253 2604 malitio-

216 2639 365 2695 sissimum
379 2643 432 2692 est.
476 2633 572 2705 Bone,
596 2631 676 2708 quod
688 2641 740 2688 tua
753 2641 858 2706 sponte
870 2629 1065 2688 histrionibus
1080 2640 1110 2686 et
1123 2633 1254 2687 scenicis

216 2723 388 2778 societatem
401 2717 530 2775 civitatis
544 2725 646 2789 patere
659 2716 799 2788 noluisti余
821 2717 930 2794 evigila
943 2716 1075 2788 plenius:
1089 2715 1171 2770 nullo
1186 2733 1253 2770 mo-

216 2804 252 2860 do
265 2803 311 2858 his
326 2801 438 2858 artibus
451 2801 585 2874 placatur
600 2797 700 2856 divina
714 2800 866 2869 maiestas,
890 2799 996 2873 quibus
1010 2796 1137 2853 humana
1150 2796 1253 2874 digni-

216 2897 261 2942 tas
284 2885 467 2959 inquinatur.
512 2883 577 2948 Quo
592 2883 686 2959 igitur
699 2890 786 2954 pacto
800 2880 888 2952 deos,
916 2881 968 2955 qui
980 2881 1086 2936 talibus
1101 2879 1252 2936 delcetan-

215 2979 265 3024 tur
279 2967 445 3041 obsequiis,
471 2963 574 3021 baberi
589 2973 676 3038 putas
690 2965 721 3018 in
736 2966 817 3020 omni
831 2981 955 3019 numero
970 2973 1138 3019 sanctarum
1151 2966 1252 3019 cocle-

215 3052 306 3106 stium
332 3056 527 3123 potestatum,
554 3066 622 3103 cum
634 3045 768 3102 homines
784 3065 837 3121 per
851 3063 925 3121 quos
941 3045 1041 3102 eadem
1054 3053 1184 3123 aguntur
1197 3049 1252 3103 ob-

215 3134 329 3207 sequio,
343 3149 404 3188 non
417 3132 529 3204 putasti
541 3128 690 3186 habendos
703 3130 735 3185 in
746 3148 870 3186 numero
881 3130 1130 3204 qualiumcunque
1140 3130 1250 3186 civium

215 3210 438 3272 Romanoruml
456 3213 728 3286 incomparabiliter
742 3231 869 3287 superna
883 3221 929 3269 est
943 3214 1048 3268 civitas
1062 3213 1186 3284 clarior,
1199 3215 1252 3270 ubi

215 3299 357 3370 victoria,
383 3299 508 3368 veritas3
535 3296 585 3352 ubi
600 3295 745 3372 dignitas,
760 3297 917 3368 sanctitas,
943 3296 994 3352 ubi
1006 3313 1082 3370 pax,
1106 3295 1251 3370 felicitas余

214 3383 264 3438 ubi
278 3383 354 3453 vita,
374 3381 543 3436 aeternitas.
588 3377 682 3434 Multo
696 3379 794 3435 minus
808 3377 895 3435 habet
907 3381 939 3435 in
953 3396 1007 3434 sua
1019 3380 1162 3434 socictate
1175 3381 1251 3438 tales

215 3464 300 3536 deos,
328 3465 354 3520 si
373 3473 405 3518 tu
420 3465 450 3517 in
464 3472 516 3518 tua
530 3464 603 3518 tales
617 3459 750 3517 homines
764 3460 871 3518 habere
885 3462 1039 3518 erubuisti.
1082 3459 1210 3517 Proinde
1224 3466 1251 3519 si

213 3547 249 3602 ad
275 3549 390 3603 beatam
415 3546 571 3618 pervenire
597 3543 749 3599 desideras
763 3543 935 3616 Civitatem,
963 3543 1060 3600 devita
1075 3543 1250 3602 daemonum

213 3631 393 3685 societatem.
437 3625 563 3703 indigne
576 3627 611 3681 ab
626 3624 759 3680 honestis
774 3629 929 3697 coluntur,
945 3629 996 3700 qui
1009 3645 1061 3701 per
1072 3635 1173 3700 turpes
1186 3632 1249 3702 pla-

212 3719 326 3765 cantur.
371 3709 422 3766 Sic
435 3710 486 3763 isti
500 3727 517 3763 a
530 3717 582 3764 tua
604 3709 713 3780 pietate
739 3717 948 3764 removeantur
972 3713 1150 3787 purgatione
1164 3709 1250 3767 Chri-

211 3794 322 3862 stiana,
338 3790 483 3867 quomodo
496 3793 566 3846 illia
581 3800 632 3846 tua
646 3788 792 3865 dignitate
806 3793 912 3846 remoti
926 3801 998 3848 sunt
1010 3795 1164 3849 notatione
1178 3813 1250 3850 een-

211 3877 298 3931 soria.
344 3875 389 3931 De
412 3875 497 3930 bonis
520 3881 618 3928 autem
639 3873 821 3945 carnalibus,
848 3875 954 3949 quibus
968 3877 1039 3932 solis
1053 3879 1121 3932 mali
1134 3878 1249 3952 perfrui
