2592 4396
232 213 250 266 4
458 196 557 258 DiVl
578 191 766 254 AVREbll
786 187 1040 250 uvu‘vsrltii

233 373 387 437 gravamur
409 353 500 430 igitur
522 345 702 422 corruptibili
722 360 855 418 corpore,
885 351 914 397 et
933 340 1023 415 ipsius
1043 343 1261 418 aggravationis

233 457 363 506 causam,
378 453 438 492 non
452 443 587 490 naturam
601 428 845 500 substantiamque
859 424 1002 498 corporis,
1017 421 1068 476 sesi
1082 423 1145 478 eius
1160 441 1260 480 conu-

230 525 359 596 ptionem
372 518 513 584 scientes,
535 512 667 568 nolumus
680 527 800 584 corpore
814 506 986 580 exspoliari,
1000 503 1126 559 aerleius
1141 506 1258 560 immor-

230 604 343 659 talitate
358 599 469 656 vestiri.
511 594 549 650 lit
565 603 634 648 tuno
648 593 725 646 enim
739 592 795 645 erit
808 583 955 666 (corpus),
973 585 1025 642 sad
1038 588 1105 661 quia
1120 593 1261 660 corrupti·

230 685 288 741 bile
313 699 372 738 non
399 681 470 748 erit,
497 694 556 732 non
583 674 724 750 gravabit.
767 667 927 749 Aggreoet
952 685 1020 745 ergo
1034 685 1114 724 nuno
1134 671 1264 724 enimam

231 781 336 843 eorpus
359 757 566 838 corruptibile,
593 763 623 812 et
644 755 784 832 deprimit
807 760 928 808 terrene
947 748 1125 806 inhabitatio
1147 766 1263 807 semum

229 846 324 904 mulie
347 844 534 920 cogitantem.
577 836 784 892 Verumtamen
807 834 855 906 qui
876 833 972 889 omnia
989 833 1101 888 animae
1123 831 1202 886 mala
1228 849 1262 886 ex

232 943 353 1000 corpore
365 933 470 997 putant
482 919 633 988 accidisse,
649 920 677 972 in
693 935 791 972 errore
807 925 884 971 sunt.

294 1007 432 1073 Quamvis
446 1005 524 1060 enim
537 999 677 1080 Virgilius
690 999 871 1054 Platonicam
882 995 1015 1054 rideatur
1027 996 1183 1054 luculentis
1197 1012 1260 1050 rer·

232 1090 310 1146 sibus
324 1089 470 1160 explicare
484 1086 670 1154 sententiam,
685 1081 795 1152 dicens,

314 1167 422 1247 Igneus
438 1177 481 1223 est
495 1167 560 1222 ollis
572 1167 669 1242 vigor,
681 1173 710 1220 et
723 1163 857 1218 caelantia
871 1163 952 1240 origo

316 1250 493 1320 Seminibus,
508 1257 646 1323 quantum
660 1265 719 1302 non
731 1247 821 1301 noxia
830 1262 950 1318 corpora
962 1242 1088 1313 tardant,

317 1333 500 1406 Terrenique
513 1327 652 1386 hebetant
662 1337 742 1386 artus
756 1325 982 1400 moribundaque
997 1325 1138 1388 membra:

234 1433 390 1490 omnesque
402 1415 467 1470 illas
481 1413 647 1470 notissimas
669 1419 792 1485 quatuor
810 1409 900 1464 animi
915 1405 1164 1481 perturbationes,
1185 1410 1265 1480 eupi-

235 1500 368 1567 ditatem,
382 1499 529 1564 timorem,
542 1495 698 1563 laetitiam,
716 1491 880 1559 tristitiam,
902 1491 983 1564 quasi
997 1489 1124 1566 origines
1138 1491 1265 1544 omnium

234 1590 418 1654 peccatorum
430 1586 516 1648 atque
530 1575 778 1630 vitiorumvolens
794 1570 920 1648 intelligi
934 1589 971 1626 ex
984 1587 1100 1646 corpore
1120 1571 1265 1641 accidere,

235 1663 393 1734 subiungat
405 1667 434 1712 et
447 1657 534 1728 dicat,

317 1739 396 1796 Hinc
410 1747 543 1794 metuunt
556 1739 748 1810 cupiuntque,¹
759 1733 857 1790 dolent
878 1734 1078 1812 gaudentque,
1107 1752 1162 1791 uec
1182 1753 1264 1791 auras

320 1821 502 1895 Suspioiunt,
518 1821 635 1875 clausae
647 1817 773 1874 tenebris
789 1825 819 1872 et
832 1817 947 1872 carcere
961 1833 1061 1872 caeco:

236 1916 334 1960 tamen
359 1903 445 1957 aliter
471 1919 503 1955 se
528 1899 615 1956 habet
639 1899 710 1955 fides
737 1907 845 1956 nestra.
891 1898 966 1954 Nam
995 1899 1140 1973 corruptio
1168 1917 1265 1974 eorpo-

236 1989 294 2056 ris,
315 1999 390 2060 quae
402 1993 544 2061 aggravat
556 1984 697 2052 animam,
717 1998 778 2038 nun
800 1983 912 2056 peceati
924 1983 1011 2056 primi
1033 1991 1077 2036 est
1089 1999 1196 2052 causa,
1217 1981 1267 2038 sesi

237 2080 345 2144 poena3
373 2083 513 2122 neccaro
536 2063 731 2139 corruptibilis
753 2065 879 2120 animam
900 2063 1103 2137 peccatricem,
1133 2063 1186 2118 sed
1205 2067 1268 2121 ani·

237 2169 284 2206 ma
305 2150 454 2224 peccatrix
474 2147 544 2204 fecit
562 2166 626 2203 esse
645 2145 861 2220 corruptibilem
886 2163 1010 2200 carnem.
1051 2145 1098 2200 Ex
1123 2163 1181 2219 qua
1204 2165 1269 2202 cor·

237 2234 373 2306 ruptione
399 2233 496 2286 earnis
523 2232 593 2285 licet
618 2229 762 2284 exsistant
791 2226 931 2304 quaedam
962 2228 1150 2284 incitamenta
1182 2231 1277 2294 ritio-j

239 2331 318 2383 rum,
345 2323 375 2368 et
400 2314 463 2386 ipsa
489 2309 631 2366 desideria
652 2311 773 2366 vitioso:
799 2328 859 2366 non
880 2318 977 2366 tamen
996 2311 1091 2364 omnia
1111 2311 1192 2366 ritae
1213 2314 1269 2367 ini·

239 2412 312 2469 quae
324 2395 397 2450 vitia
410 2391 563 2449 tribuenda
578 2400 647 2446 sunt
659 2393 754 2462 carni,
776 2409 813 2446 ne
833 2391 868 2446 ab
892 2390 937 2446 his
958 2391 1090 2447 omnibus
1111 2409 1277 2470 purgemus}

239 2475 399 2548 diabolum,
423 2477 473 2549 qui
485 2471 642 2530 nonhabet
655 2491 780 2528 carnem.
822 2469 889 2528 Etsi
900 2475 976 2529 euim
990 2473 1120 2529 diabolus
1139 2473 1270 2532 fornica·

239 2569 285 2614 tor
296 2559 344 2614 rel
358 2557 504 2628 ebriosus,
517 2558 565 2612 vel
577 2557 602 2611 si
615 2555 684 2630 quid
707 2554 786 2610 aliud
806 2551 972 2611 huiusmodi
991 2556 1061 2610 mali
1074 2564 1119 2610 est
1141 2557 1221 2629 quod
1235 2559 1270 2614 ad

240 2641 337 2696 carnis
348 2641 475 2714 pertiuet
488 2629 666 2712 voluptates,
689 2655 747 2692 non
761 2647 856 2712 potest
869 2637 941 2706 slici,
960 2653 1048 2712 quum
1061 2639 1101 2694 sit
1124 2640 1212 2696 etiarn
1227 2651 1269 2696 ta-

239 2722 310 2778 lium
323 2731 507 2796 peecatorum
521 2737 625 2776 suasor
638 2729 667 2775 et
685 2720 843 2796 instigator
856 2719 1000 2776 occultus:
1026 2729 1070 2774 est
1092 2727 1188 2776 tamen
1209 2741 1277 2788 mag

237 2805 316 2859 xime
328 2803 470 2876 superbus
484 2811 570 2876 atque
582 2799 705 2858 invidus.
734 2802 813 2867 Quae
828 2801 910 2857 illum
923 2803 1117 2858 vitiositassic
1130 2801 1277 2873 obtinuit,

238 2894 271 2940 ut
283 2893 400 2956 propter
412 2882 488 2953 hanc
502 2883 619 2938 essetin
634 2883 796 2939 carceribus
811 2880 963 2960 caliginosi
976 2883 1062 2940 huius
1083 2884 1160 2938 airis
1175 2873 1277 2940 aeter·¹

238 2982 278 3018 no
291 2964 431 3036 supplicio
445 2963 613 3018 destinatus.
656 2961 737 3020 Haec
751 2975 848 3022 autem
860 2967 933 3022 vitia
956 2983 1031 3039 quae
1047 2973 1148 3020 tenent
1161 2967 1194 3020 in
1208 2966 1270 3022 slia-

238 3046 305 3102 bolo
320 3045 523 3118 principatum,
537 3045 619 3100 carni
628 3041 731 3102 tribuit
743 3046 911 3118 Apostolus,
923 3065 1008 3120 quarn
1022 3055 1132 3102 eertum
1147 3055 1194 3102 est
1205 3048 1277 3108 riisr-¹

239 3126 336 3180 bolum
349 3143 408 3180 non
420 3123 535 3183 habere.
577 3123 658 3182 Dicit
671 3129 746 3183 enim
754 3166 763 3196 ‚
787 3129 974 3197 inimicitias,
988 3129 1207 3197 contentiones,
1221 3147 1277 3196 ae:

239 3207 433 3278 mulationes,
446 3210 660 3280 animositates,
674 3209 815 3278 invidias,
839 3228 925 3284 opera
934 3228 997 3265 esse
1010 3211 1121 3266 cernis:
1147 3228 1277 3290 qnorum,

240 3290 369 3345 omnium
390 3291 530 3346 malorum
551 3301 639 3364 caput
659 3300 745 3366 atque
768 3293 849 3368 origo
870 3293 1003 3364 superbia
1023 3301 1083 3362 est,
1109 3309 1186 3366 quae
1207 3294 1277 3360 sine,

239 3389 327 3426 corne
339 3381 446 3448 regnat
457 3371 620 3429 indiabolo.
662 3374 733 3439 Quis
745 3381 842 3428 autem
854 3374 905 3429 illo
913 3375 1131 3430 estinimicitior
1141 3369 1277 3446 sanctini

239 3455 310 3520 Quis
324 3453 463 3510 adversus
478 3473 527 3510 eos
542 3455 766 3527 contentiosior,
787 3455 962 3526 animosior,
983 3466 1012 3511 et
1031 3455 1125 3531 magis
1139 3457 1277 3524 aemulus,

188 3562 196 3578 ·
239 3545 323 3611 atque
336 3535 453 3593 invidus
466 3531 634 3594 invenituri
663 3534 703 3589 Et
713 3533 784 3590 haec
798 3538 896 3592 omnia
910 3555 996 3612 quum
1009 3535 1115 3592 habeat
1127 3537 1196 3592 aine
1210 3553 1277 3608 aar,

239 3634 275 3672 ne
283 3657 293 3688 ,
315 3618 458 3692 quomodo
472 3627 540 3674 suut
554 3634 641 3691 opera
653 3619 769 3687 carnis,
790 3619 849 3673 nisi
869 3621 938 3692 quia
951 3637 1038 3692 opera
1050 3627 1121 3673 sunt
1132 3615 1277 3686 bominisp

239 3716 339 3770 quem,
361 3701 437 3756 sicut
451 3699 527 3769 dixi,
548 3699 665 3754 nomine
679 3701 775 3755 carnis
788 3697 930 3774 appellati
972 3701 1037 3758 Non
1050 3700 1129 3756 euim
1139 3697 1272 3756 babendo

240 3795 373 3847 carnem,
394 3799 479 3854 quam
500 3779 658 3838 nonhabet
681 3779 827 3839 diabolus:
854 3783 905 3838 sed
923 3783 1046 3842 virendo
1064 3781 1226 3840 secundum
1247 3799 1274 3836 se
