2530 4392
147 225 199 286 DE
220 227 438 290 clvlrsTE
461 231 538 291 DE!
572 231 652 291 uls.
674 232 772 292 XlX.
907 243 969 304 243

83 378 179 436 ιιιιίιιιι
190 379 391 456 perferuntur,
413 383 516 459 quihus
529 403 581 441 cor
594 394 725 442 nostrum
739 383 840 465 flagris
855 401 969 463 uratur,

83 471 136 532 est,
160 463 210 518 nisi
227 466 276 539 qui
293 468 366 524 talia
379 468 486 538 scutit,
510 464 685 525 adverteret
716 467 850 527 Mortuos
864 475 968 549 quippe

83 546 214 604 callemus:
234 552 366 622 quamvis
380 558 411 606 et
423 548 479 606 hoc
492 551 557 606 sine
571 549 671 608 dolore
685 569 744 609 noa
757 554 902 628 possimus
916 573 968 612 au-

83 645 177 691 tuorum
193 630 268 689 euim
286 650 340 689 nos
354 633 417 690 vita
429 643 552 708 propter
564 635 710 690 amicitiae
724 637 830 692 solatia
843 635 970 692 dclccta-

83 730 99 766 e
111 710 170 767 ficri
180 721 272 786 potest
285 724 319 771 ut
333 733 434 772 eorum
447 735 526 773 mors
540 719 649 774 nullam
663 717 747 776 nohis
761 719 879 796 ingerat
891 737 970 774 mae·

83 790 133 849 ιιιιι
148 796 233 862 Quam
247 798 297 870 qui
309 797 452 874 prohihet,
465 797 629 873 prohibeat,
642 802 669 856 si
682 810 789 875 potest,
803 803 896 858 amica
910 803 970 858 col·

84 877 229 934 interdicat
247 882 397 938 amicalem
417 879 637 960 [societatem‚]
655 885 703 941 vel
721 883 881 941 intercidat
899 881 970 940 affe-

83 961 183 1016 mnium
195 959 386 1020 humansrum
399 966 651 1022 necessitudinum
663 968 782 1023 vincula
793 969 901 1024 mentis
915 969 969 1022 im·

83 1061 139 1100 rore
150 1043 320 1120 disrumpat3
347 1057 399 1104 aut
411 1049 454 1104 sic
469 1049 512 1104 eis
526 1049 666 1106 utendum
681 1059 816 1121 censeat,
838 1059 872 1106 ut
889 1051 969 1106 nulla

83 1128 183 1184 nimum
202 1125 323 1186 dulcedo
344 1129 510 1205 perfundat.
547 1130 631 1198 Quod
653 1134 680 1188 si
698 1132 764 1188 ficri
782 1134 864 1188 nullo
883 1131 969 1189 modo

83 1211 163 1266 etiam
173 1206 226 1266 hoc
239 1229 298 1286 quo
310 1223 396 1287 pacto
408 1212 540 1271 futurum
554 1224 616 1286 est,
641 1223 676 1271 ιιι
694 1217 756 1271 eius
769 1215 855 1272 nobie
870 1233 969 1272 amara

83 1311 96 1348 u
114 1294 165 1365 sit,
184 1294 266 1350 caius
286 1293 378 1352 dulcis
396 1305 441 1353 est
457 1292 539 1354 vitai
570 1293 650 1354 Hinc
664 1307 710 1354 est
722 1299 800 1355 enim
820 1307 850 1354 ιι
861 1299 970 1370 luctus,
999 1323 1002 1332 ·

100 1394 157 1434 non
174 1374 324 1436 inhumani
340 1379 436 1436 cordis
465 1375 573 1454 [luctus
589 1380 706 1456 quidem
719 1379 893 1437 inhumano
906 1399 970 1437 cor-

85 1461 218 1530 ivulnus,
242 1469 294 1518 aut
304 1464 403 1534 ulcus,
428 1464 477 1520 cui
490 1463 621 1520 sanando
635 1463 810 1521 adhibentur
823 1462 970 1520 officiosae

86 1561 161 1600 oues.
183 1541 248 1600 Non
263 1547 342 1601 enim
354 1555 510 1620 propterea
523 1565 583 1603 non
598 1557 644 1604 est
657 1547 736 1623 quod
749 1555 882 1617 sanetur,
898 1564 969 1620 quo·

83 1635 137 1682 nrto
150 1634 194 1682 est
205 1628 319 1684 animus
335 1631 456 1702 melior,
480 1638 564 1686 tauto
582 1631 613 1687 in
634 1649 668 1687 eo
687 1632 777 1687 citius
795 1629 970 1703 faciliusque

89 1708 159 1766 Cum
171 1709 261 1787 igitur
275 1712 364 1768 etiarn
377 1711 413 1768 de
426 1713 646 1770 carissimorum
659 1712 819 1783 mortibus,
843 1713 970 1768 maxime

88 1790 229 1848 humanae
254 1795 390 1851 societati
421 1795 515 1854 officia
542 1799 725 1870 necessaria,
754 1813 834 1852 nunc
859 1797 970 1866 mitius,

85 1877 163 1932 erius
181 1873 327 1952 affligatur
343 1879 404 1935 vita
424 1880 607 1952 mortalium3
632 1890 765 1938 mortuos
786 1888 885 1936 tamen
907 1896 969 1947 eos,

83 1960 178 2035 pimus,
192 1976 276 2033 quam
288 1962 336 2016 vel
346 1979 364 2017 a
373 1961 441 2033 fidc,
454 1963 503 2018 vel
517 1979 534 2018 a
547 1963 632 2020 honis
645 1964 778 2020 moribus
792 1963 900 2035 lapsos,
913 1960 970 2018 hoc

83 2061 128 2116 psa
145 2041 242 2098 anisua
259 2051 391 2102 mortuos
405 2043 508 2100 audire
528 2063 581 2102 seu
599 2045 700 2102 videre
721 2045 889 2100 mallemus:
915 2061 971 2116 qua

83 2125 181 2182 latoria
193 2126 336 2184 malorum
348 2129 435 2202 plena
448 2134 492 2182 est
505 2135 600 2198 terra;
613 2125 819 2202 propterquod
829 2126 970 2198 scriptum

83 2208 164 2285 cquid
175 2225 231 2264 ιιοιι
246 2211 374 2266 tentatio
387 2218 433 2267 est
446 2211 512 2266 cita
525 2208 654 2266 damano
667 2227 757 2288 super
771 2205 905 2265 terrem?
933 2205 972 2262 Et

86 2290 143 2346 uod
161 2291 225 2366 ipse
239 2289 385 2348 Dominus
405 2293 459 2348 ait:
492 2289 552 2350 Vos
564 2294 670 2351 mundo
684 2293 721 2350 ad
735 2289 898 2348 scandalis.
932 2287 972 2346 Et

84 2373 224 2442 Quondam
238 2373 411 2445 abundavit,
430 2376 539 2450 inquit,
553 2377 709 2453 iniquitas,
722 2371 907 2450 refrigescet
920 2391 971 2428 co-

84 2467 186 2513 torum.
222 2456 271 2516 Ex
290 2475 347 2532 quo
366 2456 415 2529 fit,
437 2468 471 2516 ιιι
489 2457 574 2514 hcuis
587 2459 689 2514 amicis
702 2457 825 2514 mortuis
839 2457 970 2534 gratule-

84 2559 125 2595 rm
136 2557 218 2596 mors
232 2557 334 2596 eorum
348 2558 402 2597 nos
416 2542 582 2611 contristet,
596 2542 659 2615 ipsa
672 2559 727 2597 nos
740 2540 849 2594 certius
864 2555 971 2594 conso·

84 2623 182 2678 oniam
195 2622 281 2678 malis
296 2632 470 2695 caruerunt,
494 2624 597 2699 quihus
611 2625 643 2680 in
656 2622 710 2679 hac
724 2623 787 2680 vita
800 2622 888 2678 etiam
901 2619 971 2676 honi

84 2706 118 2760 *el
134 2713 343 2777 conteruntur,
357 2708 405 2763 vel
419 2706 631 2782 depravantur,
645 2709 693 2764 vel
707 2708 739 2764 in
753 2711 879 2779 utroque
892 2703 970 2778 peri-

332 2872 455 2932 CAP.
500 2873 568 2932 lX.

85 2975 276 3023 assuetorum
286 2969 467 3041 Angelorum,
485 2986 554 3040 quae
568 2967 669 3022 homini
686 2970 716 3022 s'n
735 2968 784 3021 doc
801 2969 899 3020 mundo
919 2983 972 3020 nors

85 3056 110 3090 se
121 3039 290 3104 manifesto,
307 3049 420 3108 propter
425 3040 572 3113 fallaciam
583 3041 749 3103 dumosam,
757 3039 788 3092 s'rs
797 3053 862 3107 pros
871 3036 939 3092 incr'·

86 3109 192 3162 derunt
210 3109 425 3177 quimcltosss'ds'
435 3111 624 3163 deosculendos
630 3115 806 3178 putauerunt.

87 3216 183 3272 ictate
204 3233 275 3272 vero
293 3223 463 3272 sanctorum
475 3215 673 3292 Angelorum,
697 3233 784 3288 quara
806 3210 971 3287 philosophi

85 3298 139 3354 »his
155 3297 229 3355 deos
244 3299 353 3355 amicos
367 3315 433 3353 csse
445 3299 612 3366 voluerunt,
630 3305 735 3370 quarto
750 3295 973 3351 constituerunt

85 3391 91 3437 ':
106 3381 146 3438 ad
160 3379 310 3438 mundum
320 3381 474 3437 venientes
488 3381 523 3436 ab
538 3379 607 3434 orbe
620 3387 781 3448 terrarum,
798 3375 886 3430 uteie
899 3391 972 3448 quo-

98 3466 372 3540 complecterentur
386 3473 416 3519 et
431 3465 557 3534 coelum3
582 3459 765 3517 nullomodo
780 3456 898 3533 quidem
912 3473 973 3511 me·

86 3575 87 3596 ι
103 3549 184 3604 tales
201 3547 291 3604 amici
303 3549 352 3603 vel
365 3557 458 3604 morte
470 3564 524 3603 nos
539 3562 603 3616 sua,
617 3545 665 3600 vel
678 3541 886 3616 depravatione
901 3555 973 3594 con-

86 3629 147 3688 Sed
170 3631 246 3706 quia
263 3630 348 3687 nohis
362 3647 422 3686 non
436 3648 471 3685 ea
483 3647 540 3704 qua
552 3626 685 3684 homines
699 3622 904 3680 familiaritate
917 3622 974 3676 mi-

89 3713 176 3788 quod
193 3714 285 3769 etiam
298 3713 396 3786 ipsum
408 3711 445 3768 ad
457 3727 612 3769 aerumnas
627 3708 716 3766 huius
729 3706 859 3782 pertinet
872 3707 961 3777 vitae,

86 3796 120 3852 lo
131 3797 284 3866 Satanas,
308 3797 385 3852 sicut
400 3797 545 3875 legimus,
566 3791 760 3872 mansllgurat
773 3808 805 3848 se
818 3791 901 3846 velut
914 3786 960 3865 [in

86 3882 181 3950 ucis,
205 3877 246 3934 ad
266 3878 423 3936 tentandos
444 3895 580 3955 eosquos
595 3878 637 3934 ita
650 3878 698 3936 vel
713 3874 823 3932 erudiri
836 3891 906 3949 opus
921 3882 975 3942 est,
