2530 4392
190 237 253 302 bid
417 229 515 290 DlVl
538 227 728 287 avuultn
749 225 1008 286 AVGVSTlNl

585 381 607 440 C
629 383 652 438 Α
675 380 706 438 P.
750 377 829 436 XV.

191 489 235 544 De
244 488 371 542 libertate
381 481 516 545 naturali,
526 488 554 532 et
564 480 595 532 de
605 478 742 541 cervitate,
753 476 830 530 cuiue
837 474 1019 544 primatuum
1026 482 1176 542 peccatum
1184 483 1218 527 ιιι
1256 539 1257 546 ¹

242 573 295 626 qua
306 555 383 608 bomo
393 555 480 606 malae
489 548 647 612 noluntaria,
658 547 827 600 etiamtiam
836 554 877 597 eo
886 543 1053 612 mancipium
1064 544 1182 596 alteriue

385 643 396 663 ·
434 619 656 684 contemnerem
670 625 711 670 cat
718 615 848 685 propriae
857 613 985 668 debellatur.

256 731 322 789 Hoc
337 729 478 788 naturalia
493 725 563 783 ordo
576 723 760 799 praescribit,
778 724 820 779 ita
833 720 915 778 Deua
928 719 1081 776 hominem
1095 721 1224 777 condidit.

193 814 269 873 Nam
280 815 474 878 Dominam,
496 809 607 883 inquit,
622 807 753 884 piacium
766 807 869 874 moria,
884 813 914 861 et
924 803 1097 860 volatilium
1111 803 1192 874 coeli,
1203 814 1224 860 et

193 901 318 956 omnium
330 895 495 972 repentium
509 909 584 968 quoe
595 899 707 966 repunt
719 905 810 966 cuper
823 879 949 944 terram.
986 885 1179 944 Rationalem
1190 886 1224 941 b-

194 990 273 1037 ctum
286 979 323 1034 ad
342 977 501 1053 imaginem
519 991 600 1028 suam
623 972 719 1026 noluit
744 971 804 1025 nisi
827 970 1048 1026 irrationalibus
1077 969 1222 1027 dominari.

193 1079 254 1118 non
267 1059 415 1116 hominem
432 1056 559 1124 homini,
586 1052 637 1110 red
653 1050 801 1108 hominem
819 1053 928 1128 pecori.
964 1051 1037 1108 lade
1051 1053 1145 1127 primi
1154 1053 1224 1121 insti,

193 1153 326 1220 pastores
339 1157 487 1216 pecorum,
509 1139 603 1217 magia
618 1155 705 1212 quam
717 1153 804 1214 regen
818 1133 967 1192 bominum
981 1137 1142 1192 constituti
1155 1145 1225 1192 runt:

195 1237 229 1283 ut
243 1229 332 1282 etiam
345 1227 388 1281 ric
401 1225 568 1280 insinuaret
581 1220 679 1292 Deua,
706 1219 775 1294 quid
791 1219 920 1294 postulet
933 1217 1006 1274 ordo
1020 1230 1226 1288 creaturarum,

195 1309 265 1386 quid
285 1310 389 1386 exigat
406 1309 544 1364 meritum
560 1313 755 1380 pcccatorum.
790 1301 927 1360 conditio
952 1303 1061 1376 quippe
1086 1303 1227 1358 servitutir

194 1393 448 1470 iureintclligitur
462 1389 597 1466 imposita
611 1387 768 1464 peccatori.
798 1383 925 1443 Proinde
938 1403 1086 1460 nusquam
1102 1383 1228 1459 Scripta·

195 1495 295 1533 rarum
316 1477 441 1554 legimur
465 1491 593 1545 servum,
619 1480 688 1528 anto
712 1487 800 1545 quam
821 1469 876 1526 hoc
896 1469 1040 1526 vocabulo
1053 1468 1121 1526 Nori
1143 1471 1228 1525 iustu·

194 1569 346 1634 peecatum
358 1558 414 1614 lilii
424 1558 597 1614 vindicaret.
618 1554 733 1612 Nomen
746 1555 844 1629 itaque
857 1551 935 1609 istud
945 1553 1031 1626 culpa
1043 1553 1167 1624 meruit,
1181 1569 1229 1608 nou

195 1651 310 1696 natura.
347 1638 440 1716 Origo
453 1649 552 1695 autem
562 1638 698 1695 vocabuli
718 1652 871 1694 nervorum
881 1637 914 1692 in
929 1634 1036 1692 Latina
1048 1637 1160 1714 lingna
1173 1635 1229 1692 inde

195 1722 327 1778 creditur
337 1721 435 1792 ducta,
456 1720 534 1795 quod
546 1720 577 1776 hi
591 1722 642 1795 qui
654 1722 719 1776 iure
732 1721 801 1776 belli
814 1728 935 1794 portent
947 1718 1057 1790 occidi,
1086 1737 1105 1775 a
1117 1721 1229 1776 victori·

195 1805 248 1861 bus
263 1823 330 1860 cum
342 1805 545 1874 servabantur,
559 1804 638 1860 servi
650 1801 771 1874 fiebant,
785 1801 961 1860 acervanda
976 1803 1138 1876 appelleti3
1165 1799 1229 1878 qnod

196 1889 284 1944 etiam
303 1890 398 1964 ipsum
417 1889 482 1943 sine
501 1887 614 1961 pcccati
631 1886 737 1942 merito
751 1895 880 1944 nonest.
914 1885 990 1944 Nam
1002 1895 1116 1942 etcum
1130 1887 1227 1944 iuatnn

196 1974 310 2052 geritur
323 1971 442 2043 bobum,
457 1989 510 2046 pro
523 1979 644 2046 peccato
659 1979 690 2026 ct
703 1987 720 2027 a
734 1973 883 2031 contrario
898 1971 1071 2028 dimicatur:
1100 1981 1134 2028 et
1146 1969 1229 2028 omnis

195 2058 330 2128 victoria,
346 2058 513 2113 curretiam
524 2056 608 2112 malit
621 2056 770 2129 provenit,
793 2056 895 2113 divino
908 2055 1016 2112 iudicio
1029 2055 1131 2112 victor
1145 2053 1229 2111 buni-

195 2141 260 2211 lint,
281 2142 330 2198 vol
345 2139 503 2197 emendam
517 2147 652 2214 peecata,
676 2139 726 2194 vcl
736 2139 871 2214 puniens.
905 2137 1003 2196 Tertia
1017 2147 1065 2194 eat
1078 2135 1171 2196 bomo
1183 2135 1229 2194 Dei
1256 2137 1257 2162 ³

195 2222 321 2295 Daniel,
345 2241 411 2279 cum
424 2225 457 2279 in
471 2223 641 2297 captivitate
654 2223 783 2296 potitur,
806 2231 928 2297 peccata
940 2239 992 2278 aua
1004 2230 1036 2277 et
1047 2233 1175 2296 peccata
1185 2239 1229 2296 po-

193 2307 255 2380 puli
267 2307 314 2360 aui
328 2305 487 2362 confitetur
499 2305 582 2377 Deo,
609 2313 639 2362 ct
651 2303 726 2361 hanc
746 2323 811 2360 eoae
829 2323 948 2362 cautam
964 2305 1043 2361 illiua
1057 2307 1231 2381 captivitato

194 2389 243 2462 pio
258 2387 358 2444 doloro
372 2395 506 2445 tentatur.
541 2387 640 2446 Prima
654 2405 726 2466 crgo
740 2390 891 2445 servitutis
905 2384 992 2445 cauae
1004 2399 1167 2464 peccatum
1178 2397 1230 2446 ert:
1255 2423 1256 2430 ι

195 2479 228 2526 ut
245 2469 330 2527 homo
348 2469 460 2528 homini
480 2471 658 2529 conditionis
678 2463 798 2528 vincalo
819 2471 1002 2528 aubderetur:
1030 2472 1112 2546 qnod
1132 2471 1232 2530 nonit
1255 2445 1256 2537 i

194 2554 253 2610 nisi
266 2553 331 2610 Dco
348 2555 513 2628 iudicante,
536 2555 612 2630 apud
625 2573 713 2630 quem
726 2571 787 2611 non
801 2565 846 2612 cat
863 2556 1024 2631 iniquitas,
1048 2564 1082 2611 et
1094 2559 1183 2614 norit
1194 2555 1231 2610 di·
1254 2605 1255 2608 ,

193 2655 295 2694 versas
310 2655 420 2712 poenae
432 2638 545 2694 moritis
563 2637 740 2694 distribuere
759 2637 1001 2716 delinquentium.
1032 2635 1120 2696 Sicut
1139 2648 1231 2696 auten

194 2737 338 2796 supernae
352 2719 497 2778 Dominus
511 2719 593 2791 dicit,
611 2716 715 2778 Οιιιιιίι
728 2722 1049 2799 quisocitpcccctum‚
1072 2739 1181 2781 camur
1193 2729 1231 2778 ιιι
1254 2743 1255 2784 ι

190 2805 327 2881 pcccati:
341 2821 375 2860 ac
388 2823 442 2880 per
452 2802 509 2860 boc
521 2805 606 2860 multi
619 2803 735 2878 quidem
748 2805 882 2884 religiosi
895 2805 1022 2862 dominia
1037 2807 1164 2882 iniquia,
1178 2821 1231 2862 nor

193 2895 292 2942 tamen
304 2885 405 2942 liberis
423 2887 571 2944 serviunt:
596 2886 625 2942 Α
635 2905 689 2962 quo
710 2889 787 2941 anim
804 2890 870 2961 quio
890 2889 1023 2942 devictae
1037 2898 1102 2957 eat,
1124 2887 1197 2945 baio
1207 2895 1231 2944 ιι

194 2985 297 3026 aervua
310 2969 450 3028 addictur
462 2979 516 3026 eat.
539 2966 579 3025 Et
596 2969 698 3042 utique
715 2966 831 3024 felicius
852 2969 979 3025 territur
996 2965 1128 3042 bomini,
1153 2987 1231 3046 quan

193 3050 323 3124 libidini3
349 3069 415 3108 oum
428 3050 602 3108 naeviarimo
614 3049 766 3106 dominatu
779 3060 876 3108 vastet
889 3051 976 3108 corda
988 3053 1182 3124 mortalium,
1204 3063 1231 3107 ιι

192 3135 265 3190 alica
279 3135 422 3206 omittam,
436 3131 526 3191 libido
540 3136 605 3208 ipsa
617 3133 796 3191 dominandi.
814 3131 990 3192 Hominibus
1003 3144 1105 3192 antem
1118 3137 1175 3194 illo
1186 3153 1230 3210 pa·
1253 3153 1254 3190 1

192 3219 233 3276 cia
248 3217 364 3290 ordine,
388 3232 445 3292 quo
458 3218 523 3274 aliia
537 3218 589 3274 alii
601 3217 726 3274 aubiccti
740 3227 825 3288 aunt,
849 3219 926 3274 sicut
943 3217 1065 3292 prodeat
1082 3217 1230 3276 humiliter
1253 3239 1254 3271 ι

192 3300 404 3372 servientibus,
432 3302 473 3357 ita
486 3309 575 3356 nocet
592 3301 729 3375 superbia
742 3299 968 3358 dominantibur.
1004 3300 1114 3358 Nullua
1137 3313 1230 3359 auten

191 3393 308 3456 natura,
322 3385 354 3440 in
367 3401 425 3458 qua
436 3385 518 3458 priua
532 3383 616 3440 Deua
629 3382 775 3440 bominem
789 3383 934 3454 condidit,
958 3401 1061 3440 acrvua
1077 3395 1126 3441 cat
1138 3384 1231 3441 borni·

191 3467 250 3538 nia,
264 3477 316 3524 aut
326 3468 450 3540 peccati.
481 3465 589 3523 Verum
601 3473 632 3522 et
643 3468 776 3542 poenalia
794 3469 922 3524 aervitua
937 3485 970 3524 eo
982 3468 1050 3546 lege
1068 3467 1229 3532 ordinatur,
1252 3521 1253 3540 ,

192 3567 267 3624 quae
289 3551 452 3607 naturalem
475 3549 609 3606 ordinem
633 3552 805 3608 conaervari
827 3550 926 3622 iubet,
949 3549 1122 3625 perturbari
1140 3559 1229 3608 vetat:
1252 3545 1253 3637 i

192 3632 260 3704 quic
272 3633 299 3686 ai
311 3642 416 3689 contra
428 3649 492 3688 eam
505 3635 602 3711 legem
615 3651 675 3689 non
690 3643 768 3689 earet
784 3634 910 3705 factum,
933 3632 1007 3690 nibil
1018 3643 1102 3689 earet
1114 3631 1230 3708 poenali

192 3713 335 3766 servitute
349 3714 550 3772 cairoendum.
585 3715 712 3790 Ideoque
724 3717 879 3791 Apoatolua
898 3719 988 3774 etiam
1005 3733 1110 3772 aervoa
1130 3721 1230 3772 monet

99 3833 104 3842 .
191 3789 321 3844 subditos
334 3809 399 3846 care
411 3795 537 3853 dominia
551 3799 628 3867 auia,
643 3807 674 3854 ct
684 3816 724 3853 ex
738 3801 835 3855 animo
847 3800 891 3854 eia
906 3817 971 3855 eum
985 3799 1062 3854 bona
1074 3801 1230 3856 voluntate

190 3871 315 3926 acrvire:
342 3881 375 3927 ut
388 3876 500 3934 scilicet
511 3881 538 3934 ai
551 3897 612 3936 nou
623 3891 750 3954 potsunt
763 3899 780 3936 a
793 3881 919 3938 dominia
937 3881 1022 3938 liberi
1034 3880 1120 3952 ficri,
1145 3897 1228 3937 auu
