2576 4396
245 236 306 292 300
464 226 561 288 DlVl
584 226 773 287 AVRELll
799 224 1049 286 AVGVS'llNl

244 395 295 465 gat
309 385 425 440 omnino
439 381 611 437 ullislitcris
623 379 882 451 ascendendum,
895 388 993 456 potest
1003 381 1088 437 etism
1099 379 1214 454 dicere‚·
1228 405 1276 442 nec

245 469 313 525 deos
330 469 404 523 ullos
423 483 525 522 curare
541 466 684 520 mortalia.
710 462 777 520 Non
801 465 879 520 enim
902 465 1035 520 realiter
1053 465 1193 522 colendos
1215 487 1275 526 ssse

243 557 462 628 persuaserunt,
477 549 536 604 nisi
547 548 723 605 mirabilium
735 566 856 623 operum
870 545 1033 620 effectibus,
1050 567 1175 624 quorum
1190 560 1221 607 et
1232 549 1274 607 hi-

244 635 335 690 storia
347 633 479 712 gentium
488 632 572 688 testis
586 640 641 703 ost,
655 647 776 710 quarum
789 629 831 688 dii
842 649 875 688 ss
888 639 1036 688 ostentare
1049 632 1211 706 mhsbilos,
1225 654 1274 710 po·

243 721 403 793 tiusiqusm
417 717 502 772 utiles
523 715 677 772 ostendere
692 724 859 792 potuerunt.
885 713 969 772 Vnde
984 713 1039 772 hoo
1057 735 1144 792 opere
1163 727 1274 788 nostro,

245 803 327 858 cuius
340 800 417 856 hunc
430 799 489 854 iam
502 798 644 856 decimum
656 799 764 857 librum
775 798 913 857 hahemus
926 801 957 856 in
970 801 1118 871 manibus,
1145 819 1207 857 non
1229 821 1273 857 eos

244 885 423 960 suscepimus
435 881 623 954 refellendos,
638 883 689 958 qui
701 885 749 940 rel
760 884 851 940 ullam
864 901 928 940 csse
941 884 1000 940 vim
1012 881 1139 940 divinam
1153 893 1273 963 negant,

243 970 291 1026 rel
302 965 428 1024 humana
440 985 500 1023 non
515 967 821 1040 curare'contendunt3
835 966 886 1024 sed
896 985 945 1023 eos
957 968 1007 1043 qui
1017 975 1119 1024 nostro
1129 966 1193 1024 Deo
1205 987 1272 1025 con·

243 1052 331 1108 ditori
343 1059 460 1106 sunctae
480 1059 509 1106 et
524 1051 753 1128 gloriosissimae
765 1050 899 1110 Civitatis
916 1050 986 1108 deos
1006 1069 1075 1108 suos
1093 1051 1273 1125 praeferunt,

243 1136 405 1193 nescientes
419 1152 483 1190 eum
495 1134 590 1208 ipsum
608 1153 673 1190 esse
694 1136 782 1192 etiam
800 1133 902 1192 mundi
918 1133 1004 1191 huius
1024 1133 1148 1192 visibilis
1169 1144 1198 1190 et
1210 1155 1273 1191 mu-

243 1219 339 1276 tabilis
353 1217 530 1274 invisibilem
543 1227 572 1274 et
583 1219 849 1276 incommutabilem
862 1217 1058 1290 conditorem,
1073 1227 1102 1274 st
1115 1219 1191 1276 vitae
1200 1219 1273 1274 'hes-

243 1312 290 1358 tae
304 1320 363 1358 non
377 1299 412 1356 de
425 1298 470 1356 his
485 1319 557 1376 quae
571 1301 712 1374 condidit,
726 1302 776 1358 sed
789 1303 824 1360 dc
837 1321 868 1358 se
881 1303 943 1378 ipso
956 1303 1137 1360 verissimum
1149 1303 1273 1379 largito-

242 1405 312 1442 rem.
338 1384 410 1440 Eius
425 1386 503 1440 euim
515 1383 659 1461 Propheta
672 1388 876 1444 veracissimus
890 1387 946 1442 ait:
964 1383 1042 1443 Mitt
1054 1394 1150 1443 auton
1163 1384 1272 1442 adhae-

244 1487 312 1526 rere
324 1467 405 1540 Deo,
431 1468 533 1524 bonum
547 1480 602 1527 cst.
628 1468 675 1526 De
694 1469 753 1526 fine
772 1488 897 1545 namque
912 1470 984 1526 boni
1001 1471 1079 1526 inter
1091 1466 1272 1544 philosophos

244 1554 411 1628 quaeritur,
438 1551 474 1606 ad
489 1552 565 1626 quod
581 1553 796 1627 adipiscendum
809 1555 907 1610 omnio
925 1551 1018 1609 officis
1030 1551 1181 1608 referenda
1194 1561 1271 1608 sunt.

243 1635 304 1692 Nec
331 1635 406 1691 dixit
430 1635 504 1704 iste,
537 1633 609 1690 Mihi
635 1643 731 1690 autem
757 1634 868 1692 divitiis
895 1635 1057 1707 abundare,
1080 1635 1190 1692 bonum
1215 1645 1271 1707 est3

243 1729 294 1775 aut
306 1719 444 1798 insigniri
457 1735 585 1792 purpura
598 1727 628 1773 et
641 1726 770 1792 sceptro,
788 1720 836 1776 vel
853 1717 1013 1776 diademate
1030 1719 1187 1792 excellere;
1213 1729 1270 1789 aut,

244 1802 321 1877 quod
335 1801 469 1858 nonnulli
485 1801 573 1856 etiarn
585 1799 822 1876 philosophorum
833 1803 930 1860 dicere
942 1821 1003 1860 non
1016 1801 1203 1874 erubuerunt,
1217 1801 1268 1858 Mi-

242 1883 273 1942 hi
285 1888 417 1960 voluptas
431 1884 563 1960 corporis
577 1885 686 1942 bonum
700 1893 761 1957 est;
779 1895 829 1944 aut
842 1885 919 1963 quod
930 1887 1032 1943 melius
1045 1886 1127 1944 relut
1139 1887 1268 1944 meliores

244 1969 340 2026 dicere
351 1968 409 2026 uisi
423 1975 508 2040 suut,
533 1966 606 2026 Mihi
622 1969 717 2026 virtus
731 1970 822 2027 animi
833 1971 891 2028 mei
903 1969 1011 2027 bonum
1023 1978 1080 2027 est:
1105 1969 1167 2042 sed,
1187 1967 1269 2039 Mitt,

242 2055 348 2129 inquit,
362 2048 527 2110 adhaerere
539 2050 617 2124 Deo,
638 2051 741 2110 bonum
754 2063 809 2112 cst.
850 2052 916 2112 Hoc
927 2071 993 2112 cum
1002 2053 1150 2126 docuerat,
1164 2055 1210 2110 cui
1221 2054 1270 2109 uui

242 2134 442 2194 tantummodo
455 2134 679 2193 sacrificandum
692 2139 787 2194 sancti
800 2155 915 2215 quoque
926 2138 1032 2218 Angeli
1044 2138 1106 2196 eius
1120 2137 1269 2196 miraculo-

241 2222 418 2278 rumesiam
442 2221 653 2278 contestatione
681 2231 867 2278 monuerunt.
916 2219 1000 2278 Vnde
1022 2230 1052 2278 et
1077 2222 1140 2297 ipse
1162 2219 1268 2279 sacrifi-

243 2305 320 2360 cium
333 2304 395 2358 eius
409 2301 505 2358 factm
519 2311 596 2372 erat,
610 2304 693 2360 ouius
707 2305 777 2382 igne
790 2305 969 2386 intelligibili
981 2313 1130 2380 correptus
1143 2303 1268 2376 ardebat,

242 2395 272 2442 et
289 2387 322 2442 iu
340 2386 401 2442 eius
419 2381 596 2442 ineffabilem
614 2385 875 2465 incorporeumque
888 2389 1068 2465 complexum
1080 2397 1183 2446 sancto
1196 2387 1268 2445 desi-

242 2469 321 2526 derio
343 2466 500 2526 ferebatur.
531 2467 624 2526 Porro
647 2477 744 2526 autem
766 2472 794 2528 si
814 2461 975 2530 multorum'
992 2472 1112 2530 deorum
1134 2474 1267 2544 cultores,

241 2547 474 2630 (qualescunque
487 2551 555 2610 deos
568 2571 637 2610 suos
652 2571 716 2610 csse
727 2551 937 2634 arbitrorum)
951 2555 986 2613 ob
999 2557 1041 2612 cis
1054 2555 1132 2614 iacta
1142 2573 1206 2614 csse
1217 2557 1267 2612 mi-

240 2639 348 2709 racula,
375 2637 423 2694 vel
439 2636 567 2694 civilium
580 2655 680 2694 rerum
692 2635 849 2712 historiae,
875 2641 922 2696 rel
938 2639 1020 2697 libris
1039 2641 1177 2720 magicis,
1199 2641 1267 2711 sire,

241 2719 317 2796 quod
329 2720 479 2777 honestius
492 2729 606 2796 putant,
620 2719 780 2800 theurgicis
794 2721 930 2795 credunt,
945 2722 1015 2800 quid
1028 2741 1134 2782 causac
1146 2733 1208 2797 est,
1222 2741 1268 2780 our

240 2806 298 2860 illis
313 2805 406 2860 literis
420 2804 516 2860 nolint
529 2802 663 2876 credere,
691 2805 748 2861 ista
760 2805 839 2864 facts
849 2823 927 2879 csse,
953 2806 1059 2884 quibus
1075 2814 1159 2866 tanto
1178 2809 1268 2864 maior

240 2887 359 2944 (lebetum
372 2884 459 2955 fides,
486 2895 595 2960 quanto
609 2905 695 2962 super
708 2906 808 2947 omues
822 2899 868 2948 cst
884 2907 1020 2970 magnus,
1032 2891 1080 2948 cui
1092 2893 1144 2949 uni
1156 2893 1212 2950 soli
1224 2909 1268 2948 ss-

240 2967 427 3026 crificanduru
440 2985 504 3024 esse
517 2966 718 3045 praecipiuntl

240 3232 315 3296 Quas
325 3231 399 3285 ratio
409 3232 446 3285 sit
456 3231 569 3286 visibilis
580 3235 712 3307 carnficis'
720 3238 792 3308 quod
800 3238 848 3292 uni
857 3255 919 3292 cero
929 3247 957 3292 et
965 3239 1095 3294 incauto·
1103 3238 1165 3294 Deo
1176 3239 1269 3312 offerri
1279 3239 1280 3244 ’

622 3307 698 3360 docet
706 3325 771 3360 ocra
781 3307 887 3379 religio.

294 3394 351 3459 Qui
364 3402 461 3450 autem
472 3402 589 3469 putam,
602 3394 673 3454 haec
685 3399 812 3456 visibilis
825 3397 968 3456 sacrificis
980 3397 1035 3456 diis
1046 3400 1112 3457 aliis
1125 3418 1280 3481 congrus-¹

236 3495 280 3549 re,
293 3478 337 3532 illi
347 3493 418 3534 vero
431 3486 571 3554 tanquam
584 3481 726 3538 invisibili
737 3481 906 3554 invisibilis,
920 3492 957 3539 et
962 3484 1067 3540 maiori
1077 3484 1200 3558 maiora,
1211 3504 1266 3542 me-
1279 3503 1280 3558 ᾗ

235 3562 359 3636 liorique
371 3561 508 3634 meliora,
532 3564 630 3638 qualia
647 3574 718 3620 sunt
735 3581 825 3639 purae
840 3566 949 3622 mentis
963 3575 992 3623 et
1005 3563 1098 3624 bonne
1109 3569 1280 3626 voluntatis*

236 3643 345 3715 officia3
369 3643 501 3718 profecto
523 3647 677 3716 nesciunt,
699 3645 771 3704 hacc
786 3649 830 3704 its
843 3666 908 3704 esse
926 3651 1013 3728 signa
1029 3652 1165 3724 illorum,
1195 3649 1280 3710 sicut*

235 3727 325 3782 verba
339 3727 476 3784 sonantia
489 3729 575 3806 signa
588 3737 658 3786 sunt
669 3747 775 3786 rerum.
803 3731 945 3798 Quocirca
959 3735 1037 3790 sicut
1049 3744 1168 3792 orantes
1182 3747 1265 3812 atque
1279 3723 1280 3796 l

236 3809 387 3865 laudantes
400 3809 437 3865 sd
450 3829 517 3868 eum
532 3811 683 3890 dirigimus
697 3813 898 3891 significantes
911 3833 1010 3888 rocas,
1024 3818 1072 3874 cui
1084 3835 1132 3874 res
1144 3819 1225 3894 ipsas
1238 3822 1266 3874 iu

238 3889 324 3948 corde
337 3910 407 3968 quas
421 3893 620 3970 significamus
638 3892 799 3954 offerimus:
826 3897 868 3954 its
883 3899 1083 3958 sacrificantes
1102 3921 1164 3962 non
1184 3903 1280 3961 slteri*
