<?xml version="1.0" encoding="UTF-8"?>
<!DOCTYPE html PUBLIC "-//W3C//DTD XHTML 1.0 Transitional//EN"
    "http://www.w3.org/TR/xhtml1/DTD/xhtml1-transitional.dtd">
<html xmlns="http://www.w3.org/1999/xhtml" xml:lang="en" lang="en">
 <head>
  <title>
</title>
<meta http-equiv="Content-Type" content="text/html;charset=utf-8" />
  <meta name='ocr-system' content='tesseract 3.04.00' />
  <meta name='ocr-capabilities' content='ocr_page ocr_carea ocr_par ocr_line ocrx_word'/>
</head>
<body>
  <div class='ocr_page' id='page_1' title='image "./saureliiaugusti02augugoog_0037.png"; bbox 0 0 2602 4416; ppageno 0'>
   <div class='ocr_carea' id='block_1_1' title="bbox 226 249 1051 323">
    <p class='ocr_par' dir='ltr' id='par_1_1' title="bbox 226 249 1051 323">
     <span class='ocr_line' id='line_1_1' title="bbox 226 249 1051 323; baseline -0.004 -8"><span class='ocrx_word' id='word_1_1' title='bbox 226 253 274 323; x_wconf 76' lang='lat'><strong>&#39;8⁰</strong></span> <span class='ocrx_word' id='word_1_2' title='bbox 449 253 546 314; x_wconf 81' lang='lat' dir='ltr'><strong>mvl</strong></span> <span class='ocrx_word' id='word_1_3' title='bbox 579 249 764 314; x_wconf 73' lang='lat' dir='ltr'><strong>nvuuml</strong></span> <span class='ocrx_word' id='word_1_4' title='bbox 796 249 1051 312; x_wconf 83' lang='lat' dir='ltr'>AVGVSTINI</span> 
     </span>
    </p>
   </div>
   <div class='ocr_carea' id='block_1_2' title="bbox 233 400 1276 3122">
    <p class='ocr_par' dir='ltr' id='par_1_2' title="bbox 233 400 1276 3122">
     <span class='ocr_line' id='line_1_2' title="bbox 237 400 1264 480; baseline -0.004 -13"><span class='ocrx_word' id='word_1_5' title='bbox 237 410 395 468; x_wconf 71' lang='lat' dir='ltr'>defunctae</span> <span class='ocrx_word' id='word_1_6' title='bbox 406 416 494 480; x_wconf 85' lang='lat' dir='ltr'><strong>sunt,</strong></span> <span class='ocrx_word' id='word_1_7' title='bbox 521 421 681 479; x_wconf 82' lang='lat' dir='ltr'><strong>eamusque</strong></span> <span class='ocrx_word' id='word_1_8' title='bbox 692 403 834 478; x_wconf 86' lang='lat' dir='ltr'><strong>martyria</strong></span> <span class='ocrx_word' id='word_1_9' title='bbox 851 404 883 459; x_wconf 89' lang='lat' dir='ltr'><strong>in</strong></span> <span class='ocrx_word' id='word_1_10' title='bbox 901 400 1054 461; x_wconf 80' lang='lat' dir='ltr'><strong>catholica</strong></span> <span class='ocrx_word' id='word_1_11' title='bbox 1067 401 1201 462; x_wconf 76' lang='lat' dir='ltr'><strong>Ecclesia</strong></span> <span class='ocrx_word' id='word_1_12' title='bbox 1215 427 1264 464; x_wconf 87' lang='lat' dir='ltr'><strong>ve-</strong></span> 
     </span>
     <span class='ocr_line' id='line_1_3' title="bbox 235 484 1265 561; baseline -0.003 -11"><span class='ocrx_word' id='word_1_13' title='bbox 235 495 392 552; x_wconf 87' lang='lat' dir='ltr'><strong>neratione</strong></span> <span class='ocrx_word' id='word_1_14' title='bbox 404 491 593 548; x_wconf 85' lang='lat' dir='ltr'><strong>celeberrima</strong></span> <span class='ocrx_word' id='word_1_15' title='bbox 605 486 842 561; x_wconf 63' lang='lat' dir='ltr'><strong>frequentantur.</strong></span> <span class='ocrx_word' id='word_1_16' title='bbox 886 485 927 544; x_wconf 89' lang='lat' dir='ltr'><strong>Di</strong></span> <span class='ocrx_word' id='word_1_17' title='bbox 937 484 983 542; x_wconf 82' lang='lat' dir='ltr'><strong>his</strong></span> <span class='ocrx_word' id='word_1_18' title='bbox 1002 487 1077 544; x_wconf 86' lang='lat' dir='ltr'>nihil</span> <span class='ocrx_word' id='word_1_19' title='bbox 1089 497 1199 545; x_wconf 90' lang='lat' dir='ltr'><strong>temere</strong></span> <span class='ocrx_word' id='word_1_20' title='bbox 1214 509 1265 547; x_wconf 89' lang='lat' dir='ltr'><strong>ou·</strong></span> 
     </span>
     <span class='ocr_line' id='line_1_4' title="bbox 235 567 1266 650; baseline -0.005 -16"><span class='ocrx_word' id='word_1_21' title='bbox 235 577 290 633; x_wconf 88' lang='lat' dir='ltr'><strong>deo</strong></span> <span class='ocrx_word' id='word_1_22' title='bbox 312 574 453 632; x_wconf 85' lang='lat' dir='ltr'><strong>iudicare.</strong></span> <span class='ocrx_word' id='word_1_23' title='bbox 496 571 601 626; x_wconf 89' lang='lat' dir='ltr'><strong>Vtrum</strong></span> <span class='ocrx_word' id='word_1_24' title='bbox 627 571 707 626; x_wconf 92' lang='lat' dir='ltr'><strong>enim</strong></span> <span class='ocrx_word' id='word_1_25' title='bbox 732 567 886 625; x_wconf 78' lang='lat' dir='ltr'><strong>Ecclesiae</strong></span> <span class='ocrx_word' id='word_1_26' title='bbox 911 571 1058 644; x_wconf 78' lang='lat' dir='ltr'><strong>aliquibus</strong></span> <span class='ocrx_word' id='word_1_27' title='bbox 1085 570 1143 628; x_wconf 92' lang='lat' dir='ltr'><strong>fide</strong></span> <span class='ocrx_word' id='word_1_28' title='bbox 1169 571 1266 650; x_wconf 81' lang='lat' dir='ltr'><strong>dignis</strong></span> 
     </span>
     <span class='ocr_line' id='line_1_5' title="bbox 234 651 1265 729; baseline -0.007 -11"><span class='ocrx_word' id='word_1_29' title='bbox 234 657 505 725; x_wconf 81' lang='lat' dir='ltr'><strong>testificationibus,</strong></span> <span class='ocrx_word' id='word_1_30' title='bbox 519 662 553 710; x_wconf 88' lang='lat' dir='ltr'><strong>nt</strong></span> <span class='ocrx_word' id='word_1_31' title='bbox 565 670 668 710; x_wconf 87' lang='lat' dir='ltr'><strong>earum</strong></span> <span class='ocrx_word' id='word_1_32' title='bbox 681 653 853 710; x_wconf 79' lang='lat' dir='ltr'><strong>memoriam</strong></span> <span class='ocrx_word' id='word_1_33' title='bbox 866 654 910 710; x_wconf 81' lang='lat' dir='ltr'><strong>sic</strong></span> <span class='ocrx_word' id='word_1_34' title='bbox 920 651 1058 725; x_wconf 89' lang='lat' dir='ltr'><strong>honoret,</strong></span> <span class='ocrx_word' id='word_1_35' title='bbox 1085 653 1185 712; x_wconf 86' lang='lat' dir='ltr'><strong>divina</strong></span> <span class='ocrx_word' id='word_1_36' title='bbox 1200 673 1265 729; x_wconf 89' lang='lat' dir='ltr'><strong>per·</strong></span> 
     </span>
     <span class='ocr_line' id='line_1_6' title="bbox 237 735 1266 810; baseline -0.008 -8"><span class='ocrx_word' id='word_1_37' title='bbox 237 744 368 804; x_wconf 78' lang='lat' dir='ltr'><strong>suaserit</strong></span> <span class='ocrx_word' id='word_1_38' title='bbox 377 738 552 809; x_wconf 85' lang='lat' dir='ltr'><strong>auctoritas,</strong></span> <span class='ocrx_word' id='word_1_39' title='bbox 570 738 689 793; x_wconf 81' lang='lat' dir='ltr'><strong>nereio:</strong></span> <span class='ocrx_word' id='word_1_40' title='bbox 715 745 746 792; x_wconf 89' lang='lat' dir='ltr'><strong>et</strong></span> <span class='ocrx_word' id='word_1_41' title='bbox 757 735 824 792; x_wconf 90' lang='lat' dir='ltr'><strong>fieri</strong></span> <span class='ocrx_word' id='word_1_42' title='bbox 837 745 946 810; x_wconf 87' lang='lat' dir='ltr'><strong>potest,</strong></span> <span class='ocrx_word' id='word_1_43' title='bbox 960 746 994 794; x_wconf 94' lang='lat' dir='ltr'><strong>nt</strong></span> <span class='ocrx_word' id='word_1_44' title='bbox 1004 739 1046 793; x_wconf 91' lang='lat' dir='ltr'><strong>ita</strong></span> <span class='ocrx_word' id='word_1_45' title='bbox 1060 739 1108 792; x_wconf 92' lang='lat' dir='ltr'><strong>sit.</strong></span> <span class='ocrx_word' id='word_1_46' title='bbox 1151 738 1230 805; x_wconf 74' lang='lat' dir='ltr'><strong>Quid</strong></span> <span class='ocrx_word' id='word_1_47' title='bbox 1242 740 1266 794; x_wconf 90' lang='lat' dir='ltr'><strong>si</strong></span> 
     </span>
     <span class='ocr_line' id='line_1_7' title="bbox 237 817 1276 894; baseline -0.007 -11"><span class='ocrx_word' id='word_1_48' title='bbox 237 829 318 883; x_wconf 90' lang='lat' dir='ltr'><strong>enim</strong></span> <span class='ocrx_word' id='word_1_49' title='bbox 337 821 396 878; x_wconf 87' lang='lat' dir='ltr'><strong>hoe</strong></span> <span class='ocrx_word' id='word_1_50' title='bbox 419 819 571 892; x_wconf 85' lang='lat' dir='ltr'><strong>fecerunt,</strong></span> <span class='ocrx_word' id='word_1_51' title='bbox 597 838 658 876; x_wconf 89' lang='lat' dir='ltr'><strong>non</strong></span> <span class='ocrx_word' id='word_1_52' title='bbox 680 817 850 875; x_wconf 90' lang='lat' dir='ltr'><strong>humanitus</strong></span> <span class='ocrx_word' id='word_1_53' title='bbox 872 819 1028 894; x_wconf 88' lang='lat' dir='ltr'><strong>deceptae,</strong></span> <span class='ocrx_word' id='word_1_54' title='bbox 1055 820 1107 876; x_wconf 87' lang='lat' dir='ltr'><strong>sed</strong></span> <span class='ocrx_word' id='word_1_55' title='bbox 1125 817 1276 877; x_wconf 83' lang='lat' dir='ltr'><strong>divinitus</strong></span> 
     </span>
     <span class='ocr_line' id='line_1_8' title="bbox 235 891 1264 975; baseline -0.006 -11"><span class='ocrx_word' id='word_1_56' title='bbox 235 912 349 975; x_wconf 88' lang='lat' dir='ltr'><strong>iussae;</strong></span> <span class='ocrx_word' id='word_1_57' title='bbox 371 921 426 959; x_wconf 90' lang='lat' dir='ltr'><strong>nec</strong></span> <span class='ocrx_word' id='word_1_58' title='bbox 441 911 586 974; x_wconf 77' lang='lat' dir='ltr'><strong>errantes,</strong></span> <span class='ocrx_word' id='word_1_59' title='bbox 606 901 657 960; x_wconf 89' lang='lat' dir='ltr'><strong>sed</strong></span> <span class='ocrx_word' id='word_1_60' title='bbox 671 899 862 958; x_wconf 78' lang='lat' dir='ltr'><strong>obedientesi</strong></span> <span class='ocrx_word' id='word_1_61' title='bbox 890 905 969 959; x_wconf 89' lang='lat' dir='ltr'><strong>sieut</strong></span> <span class='ocrx_word' id='word_1_62' title='bbox 982 903 1017 960; x_wconf 93' lang='lat' dir='ltr'><strong>de</strong></span> <span class='ocrx_word' id='word_1_63' title='bbox 1031 902 1175 961; x_wconf 86' lang='lat' dir='ltr'><strong>Samsone</strong></span> <span class='ocrx_word' id='word_1_64' title='bbox 1188 891 1264 960; x_wconf 76' lang='lat' dir='ltr'><strong>al&#39;iud</strong></span> 
     </span>
     <span class='ocr_line' id='line_1_9' title="bbox 234 983 1262 1061; baseline -0.005 -15"><span class='ocrx_word' id='word_1_65' title='bbox 234 989 319 1046; x_wconf 82' lang='lat' dir='ltr'><strong>nobis</strong></span> <span class='ocrx_word' id='word_1_66' title='bbox 333 987 378 1042; x_wconf 83' lang='lat' dir='ltr'><strong>ias</strong></span> <span class='ocrx_word' id='word_1_67' title='bbox 391 1003 453 1044; x_wconf 91' lang='lat' dir='ltr'><strong>non</strong></span> <span class='ocrx_word' id='word_1_68' title='bbox 467 994 513 1041; x_wconf 91' lang='grc' dir='ltr'><strong>ιιι</strong></span> <span class='ocrx_word' id='word_1_69' title='bbox 526 984 655 1042; x_wconf 84' lang='lat' dir='ltr'><strong>credere.</strong></span> <span class='ocrx_word' id='word_1_70' title='bbox 699 983 773 1042; x_wconf 86' lang='lat' dir='ltr'><strong>Cum</strong></span> <span class='ocrx_word' id='word_1_71' title='bbox 786 993 886 1042; x_wconf 87' lang='lat' dir='ltr'><strong>cutem</strong></span> <span class='ocrx_word' id='word_1_72' title='bbox 897 985 980 1044; x_wconf 86' lang='lat' dir='ltr'><strong>Deus</strong></span> <span class='ocrx_word' id='word_1_73' title='bbox 994 988 1087 1058; x_wconf 91' lang='lat' dir='ltr'><strong>iubet,</strong></span> <span class='ocrx_word' id='word_1_74' title='bbox 1113 1005 1205 1061; x_wconf 86' lang='lat' dir='ltr'><strong>seque</strong></span> <span class='ocrx_word' id='word_1_75' title='bbox 1218 989 1262 1042; x_wconf 89' lang='lat' dir='ltr'><strong>iu-</strong></span> 
     </span>
     <span class='ocr_line' id='line_1_10' title="bbox 235 1068 1265 1145; baseline -0.004 -18"><span class='ocrx_word' id='word_1_76' title='bbox 235 1071 306 1127; x_wconf 91' lang='lat' dir='ltr'><strong>bere</strong></span> <span class='ocrx_word' id='word_1_77' title='bbox 320 1071 386 1128; x_wconf 87' lang='lat' dir='ltr'><strong>sine</strong></span> <span class='ocrx_word' id='word_1_78' title='bbox 404 1069 474 1126; x_wconf 87' lang='lat' dir='ltr'><strong>ullis</strong></span> <span class='ocrx_word' id='word_1_79' title='bbox 495 1068 668 1145; x_wconf 80' lang='lat' dir='ltr'><strong>ambagibus</strong></span> <span class='ocrx_word' id='word_1_80' title='bbox 686 1068 821 1138; x_wconf 86' lang='lat' dir='ltr'><strong>intimat,</strong></span> <span class='ocrx_word' id='word_1_81' title='bbox 845 1069 912 1144; x_wconf 86' lang='lat' dir='ltr'><strong>quis</strong></span> <span class='ocrx_word' id='word_1_82' title='bbox 935 1068 1133 1126; x_wconf 80' lang='lat' dir='ltr'><strong>obedientiam</strong></span> <span class='ocrx_word' id='word_1_83' title='bbox 1153 1071 1186 1126; x_wconf 93' lang='lat' dir='ltr'><strong>in</strong></span> <span class='ocrx_word' id='word_1_84' title='bbox 1210 1069 1265 1124; x_wconf 90' lang='lat' dir='ltr'><strong>eri-</strong></span> 
     </span>
     <span class='ocr_line' id='line_1_11' title="bbox 235 1146 1266 1226; baseline -0.004 -17"><span class='ocrx_word' id='word_1_85' title='bbox 235 1171 303 1209; x_wconf 89' lang='lat' dir='ltr'><strong>men</strong></span> <span class='ocrx_word' id='word_1_86' title='bbox 317 1146 422 1209; x_wconf 78' lang='lat' dir='ltr'><strong>voceti</strong></span> <span class='ocrx_word' id='word_1_87' title='bbox 444 1153 510 1226; x_wconf 82' lang='lat' dir='ltr'><strong>quis</strong></span> <span class='ocrx_word' id='word_1_88' title='bbox 530 1151 705 1226; x_wconf 81' lang='lat' dir='ltr'><strong>obsequium</strong></span> <span class='ocrx_word' id='word_1_89' title='bbox 728 1151 847 1224; x_wconf 87' lang='lat' dir='ltr'><strong>pietatis</strong></span> <span class='ocrx_word' id='word_1_90' title='bbox 871 1147 1009 1207; x_wconf 81' lang='lat' dir='ltr'><strong>accusati</strong></span> <span class='ocrx_word' id='word_1_91' title='bbox 1037 1150 1097 1208; x_wconf 86' lang='lat' dir='ltr'><strong>Sed</strong></span> <span class='ocrx_word' id='word_1_92' title='bbox 1119 1170 1179 1208; x_wconf 90' lang='lat' dir='ltr'><strong>non</strong></span> <span class='ocrx_word' id='word_1_93' title='bbox 1202 1151 1266 1206; x_wconf 93' lang='lat' dir='ltr'><strong>ideo</strong></span> 
     </span>
     <span class='ocr_line' id='line_1_12' title="bbox 234 1231 1267 1310; baseline -0.004 -18"><span class='ocrx_word' id='word_1_94' title='bbox 234 1237 300 1292; x_wconf 85' lang='lat' dir='ltr'><strong>sine</strong></span> <span class='ocrx_word' id='word_1_95' title='bbox 313 1235 426 1292; x_wconf 91' lang='lat' dir='ltr'><strong>scelere</strong></span> <span class='ocrx_word' id='word_1_96' title='bbox 444 1234 532 1305; x_wconf 79' lang='lat' dir='ltr'><strong>lacit,</strong></span> <span class='ocrx_word' id='word_1_97' title='bbox 555 1234 691 1310; x_wconf 79' lang='lat' dir='ltr'><strong>quisquis</strong></span> <span class='ocrx_word' id='word_1_98' title='bbox 714 1231 780 1290; x_wconf 89' lang='lat' dir='ltr'><strong>Deo</strong></span> <span class='ocrx_word' id='word_1_99' title='bbox 804 1235 955 1290; x_wconf 85' lang='lat' dir='ltr'><strong>immolare</strong></span> <span class='ocrx_word' id='word_1_100' title='bbox 977 1233 1071 1290; x_wconf 90' lang='lat' dir='ltr'><strong>filium</strong></span> <span class='ocrx_word' id='word_1_101' title='bbox 1093 1233 1267 1302; x_wconf 89' lang='lat' dir='ltr'><strong>decreverit,</strong></span> 
     </span>
     <span class='ocr_line' id='line_1_13' title="bbox 235 1313 1267 1394; baseline -0.004 -20"><span class='ocrx_word' id='word_1_102' title='bbox 235 1319 305 1394; x_wconf 88' lang='lat' dir='ltr'><strong>quia</strong></span> <span class='ocrx_word' id='word_1_103' title='bbox 329 1316 386 1374; x_wconf 89' lang='lat' dir='ltr'><strong>boc</strong></span> <span class='ocrx_word' id='word_1_104' title='bbox 410 1315 557 1374; x_wconf 88' lang='lat' dir='ltr'><strong>Abraham</strong></span> <span class='ocrx_word' id='word_1_105' title='bbox 582 1317 671 1372; x_wconf 85' lang='lat' dir='ltr'><strong>etiam</strong></span> <span class='ocrx_word' id='word_1_106' title='bbox 695 1313 883 1372; x_wconf 90' lang='lat' dir='ltr'><strong>laudabiliter</strong></span> <span class='ocrx_word' id='word_1_107' title='bbox 901 1316 982 1372; x_wconf 85' lang='lat' dir='ltr'><strong>lecit.</strong></span> <span class='ocrx_word' id='word_1_108' title='bbox 1024 1314 1101 1372; x_wconf 89' lang='lat' dir='ltr'><strong>Nam</strong></span> <span class='ocrx_word' id='word_1_109' title='bbox 1119 1325 1149 1372; x_wconf 90' lang='grc' dir='ltr'><strong>ιι</strong></span> <span class='ocrx_word' id='word_1_110' title='bbox 1172 1319 1267 1386; x_wconf 82' lang='lat' dir='ltr'><strong>nriles,</strong></span> 
     </span>
     <span class='ocr_line' id='line_1_14' title="bbox 235 1397 1266 1476; baseline -0.005 -18"><span class='ocrx_word' id='word_1_111' title='bbox 235 1420 303 1458; x_wconf 88' lang='lat' dir='ltr'><strong>cum</strong></span> <span class='ocrx_word' id='word_1_112' title='bbox 316 1399 456 1458; x_wconf 89' lang='lat' dir='ltr'><strong>obediens</strong></span> <span class='ocrx_word' id='word_1_113' title='bbox 470 1399 627 1476; x_wconf 80' lang='lat' dir='ltr'><strong>potestati,</strong></span> <span class='ocrx_word' id='word_1_114' title='bbox 650 1397 704 1454; x_wconf 89' lang='lat' dir='ltr'><strong>sub</strong></span> <span class='ocrx_word' id='word_1_115' title='bbox 720 1416 778 1474; x_wconf 88' lang='lat' dir='ltr'><strong>qua</strong></span> <span class='ocrx_word' id='word_1_116' title='bbox 790 1400 923 1476; x_wconf 80' lang='lat' dir='ltr'><strong>legitime</strong></span> <span class='ocrx_word' id='word_1_117' title='bbox 935 1399 1114 1454; x_wconf 89' lang='lat' dir='ltr'><strong>constitutus</strong></span> <span class='ocrx_word' id='word_1_118' title='bbox 1129 1408 1186 1469; x_wconf 93' lang='lat' dir='ltr'><strong>est,</strong></span> <span class='ocrx_word' id='word_1_119' title='bbox 1213 1398 1266 1454; x_wconf 93' lang='lat' dir='ltr'><strong>ho-</strong></span> 
     </span>
     <span class='ocr_line' id='line_1_15' title="bbox 234 1479 1267 1558; baseline -0.003 -19"><span class='ocrx_word' id='word_1_120' title='bbox 234 1485 344 1539; x_wconf 89' lang='lat' dir='ltr'><strong>minem</strong></span> <span class='ocrx_word' id='word_1_121' title='bbox 369 1483 490 1552; x_wconf 88' lang='lat' dir='ltr'><strong>oceidit,</strong></span> <span class='ocrx_word' id='word_1_122' title='bbox 512 1483 594 1538; x_wconf 92' lang='lat' dir='ltr'><strong>nulla</strong></span> <span class='ocrx_word' id='word_1_123' title='bbox 619 1483 749 1538; x_wconf 85' lang='lat' dir='ltr'><strong>civitatis</strong></span> <span class='ocrx_word' id='word_1_124' title='bbox 773 1499 845 1536; x_wconf 90' lang='lat' dir='ltr'><strong>suae</strong></span> <span class='ocrx_word' id='word_1_125' title='bbox 864 1483 934 1558; x_wconf 62' lang='lat' dir='ltr'><strong>,lege</strong></span> <span class='ocrx_word' id='word_1_126' title='bbox 956 1498 1026 1536; x_wconf 89' lang='lat' dir='ltr'><strong>reus</strong></span> <span class='ocrx_word' id='word_1_127' title='bbox 1045 1488 1091 1536; x_wconf 92' lang='lat' dir='ltr'><strong>est</strong></span> <span class='ocrx_word' id='word_1_128' title='bbox 1102 1479 1267 1536; x_wconf 88' lang='lat' dir='ltr'><strong>homicidii:</strong></span> 
     </span>
     <span class='ocr_line' id='line_1_16' title="bbox 234 1563 1267 1638; baseline -0.004 -18"><span class='ocrx_word' id='word_1_129' title='bbox 234 1566 333 1624; x_wconf 85' lang='lat' dir='ltr'><strong>immo¹</strong></span> <span class='ocrx_word' id='word_1_130' title='bbox 347 1565 407 1620; x_wconf 90' lang='lat' dir='ltr'><strong>nisi</strong></span> <span class='ocrx_word' id='word_1_131' title='bbox 425 1563 548 1636; x_wconf 87' lang='lat' dir='ltr'><strong>iecerit,</strong></span> <span class='ocrx_word' id='word_1_132' title='bbox 576 1581 646 1620; x_wconf 88' lang='lat' dir='ltr'><strong>reus</strong></span> <span class='ocrx_word' id='word_1_133' title='bbox 670 1573 716 1619; x_wconf 87' lang='lat' dir='ltr'><strong>est</strong></span> <span class='ocrx_word' id='word_1_134' title='bbox 736 1565 852 1638; x_wconf 84' lang='lat' dir='ltr'><strong>imperii</strong></span> <span class='ocrx_word' id='word_1_135' title='bbox 875 1563 987 1619; x_wconf 85' lang='lat' dir='ltr'><strong>deserti</strong></span> <span class='ocrx_word' id='word_1_136' title='bbox 1006 1570 1095 1638; x_wconf 88' lang='lat' dir='ltr'><strong>atque</strong></span> <span class='ocrx_word' id='word_1_137' title='bbox 1118 1565 1267 1619; x_wconf 89' lang='lat' dir='ltr'><strong>contemti.</strong></span> 
     </span>
     <span class='ocr_line' id='line_1_17' title="bbox 235 1645 1267 1720; baseline -0.001 -18"><span class='ocrx_word' id='word_1_138' title='bbox 235 1645 364 1714; x_wconf 77' lang='lat' dir='ltr'><strong>Quodsi</strong></span> <span class='ocrx_word' id='word_1_139' title='bbox 381 1663 435 1702; x_wconf 82' lang='lat' dir='ltr'><strong>sua</strong></span> <span class='ocrx_word' id='word_1_140' title='bbox 453 1653 558 1720; x_wconf 89' lang='lat' dir='ltr'><strong>sponte</strong></span> <span class='ocrx_word' id='word_1_141' title='bbox 578 1655 668 1718; x_wconf 87' lang='lat' dir='ltr'><strong>atque</strong></span> <span class='ocrx_word' id='word_1_142' title='bbox 690 1645 870 1700; x_wconf 88' lang='lat' dir='ltr'><strong>auctoritate</strong></span> <span class='ocrx_word' id='word_1_143' title='bbox 887 1645 1024 1715; x_wconf 87' lang='lat' dir='ltr'><strong>iecisset,</strong></span> <span class='ocrx_word' id='word_1_144' title='bbox 1044 1647 1077 1700; x_wconf 92' lang='lat' dir='ltr'><strong>in</strong></span> <span class='ocrx_word' id='word_1_145' title='bbox 1098 1647 1212 1701; x_wconf 87' lang='lat' dir='ltr'><strong>crimen</strong></span> <span class='ocrx_word' id='word_1_146' title='bbox 1227 1645 1267 1701; x_wconf 84' lang='lat' dir='ltr'><strong>ei-</strong></span> 
     </span>
     <span class='ocr_line' id='line_1_18' title="bbox 234 1723 1267 1804; baseline -0.002 -18"><span class='ocrx_word' id='word_1_147' title='bbox 234 1729 296 1786; x_wconf 85' lang='lat' dir='ltr'><strong>iusi</strong></span> <span class='ocrx_word' id='word_1_148' title='bbox 309 1726 431 1784; x_wconf 89' lang='lat' dir='ltr'><strong>humani</strong></span> <span class='ocrx_word' id='word_1_149' title='bbox 442 1727 598 1804; x_wconf 80' lang='lat' dir='ltr'><strong>sanguinis</strong></span> <span class='ocrx_word' id='word_1_150' title='bbox 612 1725 777 1781; x_wconf 87' lang='lat' dir='ltr'><strong>incidisset.</strong></span> <span class='ocrx_word' id='word_1_151' title='bbox 819 1723 923 1802; x_wconf 90' lang='lat' dir='ltr'><strong>ltaque</strong></span> <span class='ocrx_word' id='word_1_152' title='bbox 940 1726 1020 1782; x_wconf 91' lang='lat' dir='ltr'><strong>unde</strong></span> <span class='ocrx_word' id='word_1_153' title='bbox 1037 1729 1161 1801; x_wconf 89' lang='lat' dir='ltr'><strong>punitur</strong></span> <span class='ocrx_word' id='word_1_154' title='bbox 1179 1729 1207 1784; x_wconf 90' lang='grc' dir='ltr'><strong>ιιί</strong></span> <span class='ocrx_word' id='word_1_155' title='bbox 1226 1728 1267 1784; x_wconf 85' lang='lat' dir='ltr'><strong>fe-</strong></span> 
     </span>
     <span class='ocr_line' id='line_1_19' title="bbox 235 1807 1269 1884; baseline -0.002 -16"><span class='ocrx_word' id='word_1_156' title='bbox 235 1812 310 1868; x_wconf 89' lang='lat' dir='ltr'><strong>eerit</strong></span> <span class='ocrx_word' id='word_1_157' title='bbox 323 1811 467 1882; x_wconf 85' lang='lat' dir='ltr'><strong>iniussus,</strong></span> <span class='ocrx_word' id='word_1_158' title='bbox 490 1808 559 1866; x_wconf 89' lang='lat' dir='ltr'><strong>inde</strong></span> <span class='ocrx_word' id='word_1_159' title='bbox 570 1809 715 1884; x_wconf 91' lang='lat' dir='ltr'><strong>punietur</strong></span> <span class='ocrx_word' id='word_1_160' title='bbox 727 1808 788 1864; x_wconf 89' lang='lat' dir='ltr'><strong>nisi</strong></span> <span class='ocrx_word' id='word_1_161' title='bbox 800 1807 906 1866; x_wconf 78' lang='lat' dir='ltr'><strong>fecerit</strong></span> <span class='ocrx_word' id='word_1_162' title='bbox 924 1810 1034 1866; x_wconf 86' lang='lat' dir='ltr'><strong>iussus.</strong></span> <span class='ocrx_word' id='word_1_163' title='bbox 1079 1810 1166 1877; x_wconf 80' lang='lat' dir='ltr'><strong>Quod</strong></span> <span class='ocrx_word' id='word_1_164' title='bbox 1185 1813 1212 1866; x_wconf 91' lang='lat' dir='ltr'><strong>si</strong></span> <span class='ocrx_word' id='word_1_165' title='bbox 1229 1812 1269 1866; x_wconf 89' lang='lat' dir='ltr'><strong>ita</strong></span> 
     </span>
     <span class='ocr_line' id='line_1_20' title="bbox 236 1890 1268 1970; baseline -0.002 -20"><span class='ocrx_word' id='word_1_166' title='bbox 236 1902 282 1950; x_wconf 86' lang='lat' dir='ltr'><strong>est</strong></span> <span class='ocrx_word' id='word_1_167' title='bbox 294 1893 415 1952; x_wconf 90' lang='lat' dir='ltr'><strong>iubente</strong></span> <span class='ocrx_word' id='word_1_168' title='bbox 429 1894 624 1968; x_wconf 84' lang='lat' dir='ltr'><strong>imperatore,</strong></span> <span class='ocrx_word' id='word_1_169' title='bbox 647 1899 758 1966; x_wconf 87' lang='lat' dir='ltr'><strong>quanto</strong></span> <span class='ocrx_word' id='word_1_170' title='bbox 776 1892 871 1970; x_wconf 79' lang='lat' dir='ltr'><strong>magis</strong></span> <span class='ocrx_word' id='word_1_171' title='bbox 890 1892 1013 1950; x_wconf 90' lang='lat' dir='ltr'><strong>iubente</strong></span> <span class='ocrx_word' id='word_1_172' title='bbox 1030 1890 1188 1950; x_wconf 80' lang='lat' dir='ltr'><strong>Creatorei</strong></span> <span class='ocrx_word' id='word_1_173' title='bbox 1212 1895 1268 1960; x_wconf 81' lang='lat' dir='ltr'><strong>Qui</strong></span> 
     </span>
     <span class='ocr_line' id='line_1_21' title="bbox 235 1973 1267 2054; baseline -0.002 -22"><span class='ocrx_word' id='word_1_174' title='bbox 235 1993 307 2054; x_wconf 79' lang='lat' dir='ltr'><strong>ergo</strong></span> <span class='ocrx_word' id='word_1_175' title='bbox 319 1974 416 2046; x_wconf 89' lang='lat' dir='ltr'><strong>audit,</strong></span> <span class='ocrx_word' id='word_1_176' title='bbox 437 1993 499 2032; x_wconf 89' lang='lat' dir='ltr'><strong>nou</strong></span> <span class='ocrx_word' id='word_1_177' title='bbox 509 1975 600 2030; x_wconf 92' lang='lat' dir='ltr'><strong>licere</strong></span> <span class='ocrx_word' id='word_1_178' title='bbox 614 1991 647 2030; x_wconf 87' lang='lat' dir='ltr'><strong>se</strong></span> <span class='ocrx_word' id='word_1_179' title='bbox 666 1973 819 2045; x_wconf 89' lang='lat' dir='ltr'><strong>occidere,</strong></span> <span class='ocrx_word' id='word_1_180' title='bbox 841 1974 947 2046; x_wconf 88' lang='lat' dir='ltr'><strong>faciat,</strong></span> <span class='ocrx_word' id='word_1_181' title='bbox 965 1977 992 2030; x_wconf 89' lang='lat' dir='ltr'><strong>si</strong></span> <span class='ocrx_word' id='word_1_182' title='bbox 1004 1975 1093 2032; x_wconf 89' lang='lat' dir='ltr'><strong>iussit</strong></span> <span class='ocrx_word' id='word_1_183' title='bbox 1109 1978 1194 2032; x_wconf 90' lang='lat' dir='ltr'><strong>cuius</strong></span> <span class='ocrx_word' id='word_1_184' title='bbox 1210 1994 1267 2031; x_wconf 90' lang='lat' dir='ltr'><strong>non</strong></span> 
     </span>
     <span class='ocr_line' id='line_1_22' title="bbox 234 2055 1268 2132; baseline -0.003 -17"><span class='ocrx_word' id='word_1_185' title='bbox 234 2061 305 2115; x_wconf 91' lang='lat' dir='ltr'><strong>licet</strong></span> <span class='ocrx_word' id='word_1_186' title='bbox 317 2059 409 2114; x_wconf 83' lang='lat' dir='ltr'><strong>iussa</strong></span> <span class='ocrx_word' id='word_1_187' title='bbox 431 2066 630 2114; x_wconf 87' lang='lat' dir='ltr'><strong>contemnere.</strong></span> <span class='ocrx_word' id='word_1_188' title='bbox 673 2055 892 2114; x_wconf 85' lang='lat' dir='ltr'><strong>Tantummodo</strong></span> <span class='ocrx_word' id='word_1_189' title='bbox 911 2057 1026 2132; x_wconf 83' lang='lat' dir='ltr'><strong>rideat,</strong></span> <span class='ocrx_word' id='word_1_190' title='bbox 1044 2067 1145 2114; x_wconf 90' lang='lat' dir='ltr'><strong>utrum</strong></span> <span class='ocrx_word' id='word_1_191' title='bbox 1168 2057 1268 2114; x_wconf 87' lang='lat' dir='ltr'><strong>divina</strong></span> 
     </span>
     <span class='ocr_line' id='line_1_23' title="bbox 234 2137 1267 2214; baseline -0.001 -17"><span class='ocrx_word' id='word_1_192' title='bbox 234 2143 328 2198; x_wconf 90' lang='lat' dir='ltr'><strong>iussio</strong></span> <span class='ocrx_word' id='word_1_193' title='bbox 342 2141 424 2196; x_wconf 91' lang='lat' dir='ltr'><strong>nullo</strong></span> <span class='ocrx_word' id='word_1_194' title='bbox 438 2149 525 2197; x_wconf 89' lang='lat' dir='ltr'><strong>nutet</strong></span> <span class='ocrx_word' id='word_1_195' title='bbox 537 2141 662 2196; x_wconf 87' lang='lat' dir='ltr'><strong>incerto.</strong></span> <span class='ocrx_word' id='word_1_196' title='bbox 705 2137 768 2197; x_wconf 84' lang='lat' dir='ltr'><strong>Nos</strong></span> <span class='ocrx_word' id='word_1_197' title='bbox 782 2157 836 2214; x_wconf 91' lang='lat' dir='ltr'><strong>per</strong></span> <span class='ocrx_word' id='word_1_198' title='bbox 848 2158 950 2198; x_wconf 90' lang='lat' dir='ltr'><strong>aurem</strong></span> <span class='ocrx_word' id='word_1_199' title='bbox 969 2141 1183 2198; x_wconf 89' lang='lat' dir='ltr'><strong>conscientiam</strong></span> <span class='ocrx_word' id='word_1_200' title='bbox 1197 2159 1267 2196; x_wconf 89' lang='lat' dir='ltr'><strong>con·</strong></span> 
     </span>
     <span class='ocr_line' id='line_1_24' title="bbox 235 2220 1267 2300; baseline 0 -20"><span class='ocrx_word' id='word_1_201' title='bbox 235 2225 387 2293; x_wconf 83' lang='lat' dir='ltr'><strong>venimus,</strong></span> <span class='ocrx_word' id='word_1_202' title='bbox 411 2223 595 2280; x_wconf 90' lang='lat' dir='ltr'><strong>occultorum</strong></span> <span class='ocrx_word' id='word_1_203' title='bbox 609 2222 695 2278; x_wconf 89' lang='lat' dir='ltr'><strong>nobis</strong></span> <span class='ocrx_word' id='word_1_204' title='bbox 716 2221 862 2280; x_wconf 88' lang='lat' dir='ltr'><strong>iudicium</strong></span> <span class='ocrx_word' id='word_1_205' title='bbox 875 2241 937 2280; x_wconf 90' lang='lat' dir='ltr'><strong>non</strong></span> <span class='ocrx_word' id='word_1_206' title='bbox 952 2241 1138 2300; x_wconf 87' lang='lat' dir='ltr'><strong>usurpamus.</strong></span> <span class='ocrx_word' id='word_1_207' title='bbox 1179 2220 1267 2280; x_wconf 88' lang='lat' dir='ltr'><strong>Nemo</strong></span> 
     </span>
     <span class='ocr_line' id='line_1_25' title="bbox 235 2303 1267 2382; baseline -0.003 -18"><span class='ocrx_word' id='word_1_208' title='bbox 235 2307 294 2364; x_wconf 80' lang='lat' dir='ltr'><strong>coit</strong></span> <span class='ocrx_word' id='word_1_209' title='bbox 307 2306 379 2382; x_wconf 73' lang='lat' dir='ltr'><strong>qnid</strong></span> <span class='ocrx_word' id='word_1_210' title='bbox 390 2315 503 2380; x_wconf 78' lang='lat' dir='ltr'><strong>agatur</strong></span> <span class='ocrx_word' id='word_1_211' title='bbox 516 2307 547 2362; x_wconf 88' lang='lat' dir='ltr'><strong>in</strong></span> <span class='ocrx_word' id='word_1_212' title='bbox 559 2303 688 2376; x_wconf 83' lang='lat' dir='ltr'><strong>bomine,</strong></span> <span class='ocrx_word' id='word_1_213' title='bbox 712 2307 774 2362; x_wconf 83' lang='lat' dir='ltr'><strong>nisi</strong></span> <span class='ocrx_word' id='word_1_214' title='bbox 785 2307 913 2382; x_wconf 82' lang='lat' dir='ltr'><strong>spiritns</strong></span> <span class='ocrx_word' id='word_1_215' title='bbox 926 2303 1068 2376; x_wconf 80' lang='lat' dir='ltr'><strong>bominis,</strong></span> <span class='ocrx_word' id='word_1_216' title='bbox 1095 2307 1146 2382; x_wconf 83' lang='lat' dir='ltr'><strong>qni</strong></span> <span class='ocrx_word' id='word_1_217' title='bbox 1158 2307 1189 2361; x_wconf 90' lang='lat' dir='ltr'><strong>in</strong></span> <span class='ocrx_word' id='word_1_218' title='bbox 1204 2308 1267 2382; x_wconf 74' lang='lat' dir='ltr'><strong>apso</strong></span> 
     </span>
     <span class='ocr_line' id='line_1_26' title="bbox 235 2383 1267 2462; baseline -0.003 -17"><span class='ocrx_word' id='word_1_219' title='bbox 235 2397 290 2446; x_wconf 84' lang='lat' dir='ltr'><strong>cst.</strong></span> <span class='ocrx_word' id='word_1_220' title='bbox 333 2385 400 2444; x_wconf 89' lang='lat' dir='ltr'><strong>Hoc</strong></span> <span class='ocrx_word' id='word_1_221' title='bbox 414 2387 550 2460; x_wconf 89' lang='lat' dir='ltr'><strong>dicimus,</strong></span> <span class='ocrx_word' id='word_1_222' title='bbox 571 2385 627 2444; x_wconf 89' lang='lat' dir='ltr'><strong>boc</strong></span> <span class='ocrx_word' id='word_1_223' title='bbox 639 2389 810 2459; x_wconf 89' lang='lat' dir='ltr'><strong>asserimus,</strong></span> <span class='ocrx_word' id='word_1_224' title='bbox 837 2386 893 2442; x_wconf 91' lang='lat' dir='ltr'><strong>hoe</strong></span> <span class='ocrx_word' id='word_1_225' title='bbox 906 2383 1000 2444; x_wconf 81' lang='lat' dir='ltr'><strong>&#39;rnodis</strong></span> <span class='ocrx_word' id='word_1_226' title='bbox 1013 2389 1148 2444; x_wconf 88' lang='lat' dir='ltr'><strong>omnibus</strong></span> <span class='ocrx_word' id='word_1_227' title='bbox 1162 2405 1267 2462; x_wconf 89' lang='lat' dir='ltr'><strong>appro-</strong></span> 
     </span>
     <span class='ocr_line' id='line_1_27' title="bbox 234 2469 1267 2544; baseline 0 -18"><span class='ocrx_word' id='word_1_228' title='bbox 234 2471 349 2542; x_wconf 82' lang='lat' dir='ltr'><strong>bamus,</strong></span> <span class='ocrx_word' id='word_1_229' title='bbox 363 2471 511 2526; x_wconf 90' lang='lat' dir='ltr'><strong>neminem</strong></span> <span class='ocrx_word' id='word_1_230' title='bbox 525 2480 717 2544; x_wconf 86' lang='lat' dir='ltr'><strong>spontaneam</strong></span> <span class='ocrx_word' id='word_1_231' title='bbox 728 2478 854 2528; x_wconf 90' lang='lat' dir='ltr'><strong>mortem</strong></span> <span class='ocrx_word' id='word_1_232' title='bbox 867 2470 923 2528; x_wconf 92' lang='lat' dir='ltr'><strong>sibi</strong></span> <span class='ocrx_word' id='word_1_233' title='bbox 939 2470 1051 2526; x_wconf 87' lang='lat' dir='ltr'><strong>inferre</strong></span> <span class='ocrx_word' id='word_1_234' title='bbox 1065 2469 1182 2542; x_wconf 86' lang='lat' dir='ltr'><strong>debere,</strong></span> <span class='ocrx_word' id='word_1_235' title='bbox 1206 2472 1267 2527; x_wconf 79' lang='lat' dir='ltr'><strong>vel-</strong></span> 
     </span>
     <span class='ocr_line' id='line_1_28' title="bbox 235 2550 1267 2630; baseline 0 -22"><span class='ocrx_word' id='word_1_236' title='bbox 235 2561 270 2608; x_wconf 91' lang='lat' dir='ltr'><strong>ut</strong></span> <span class='ocrx_word' id='word_1_237' title='bbox 282 2553 427 2630; x_wconf 80' lang='lat' dir='ltr'><strong>fugiendo</strong></span> <span class='ocrx_word' id='word_1_238' title='bbox 440 2554 591 2610; x_wconf 89' lang='lat' dir='ltr'><strong>molestias</strong></span> <span class='ocrx_word' id='word_1_239' title='bbox 604 2555 791 2626; x_wconf 81' lang='lat' dir='ltr'><strong>temporales,</strong></span> <span class='ocrx_word' id='word_1_240' title='bbox 805 2550 967 2608; x_wconf 77' lang='lat' dir='ltr'><strong>reincidat</strong></span> <span class='ocrx_word' id='word_1_241' title='bbox 979 2554 1011 2608; x_wconf 89' lang='lat' dir='ltr'><strong>iu</strong></span> <span class='ocrx_word' id='word_1_242' title='bbox 1024 2562 1196 2628; x_wconf 86' lang='lat' dir='ltr'><strong>perpetuas:</strong></span> <span class='ocrx_word' id='word_1_243' title='bbox 1216 2571 1267 2610; x_wconf 89' lang='lat' dir='ltr'><strong>ue·</strong></span> 
     </span>
     <span class='ocr_line' id='line_1_29' title="bbox 234 2631 1267 2712; baseline -0.001 -21"><span class='ocrx_word' id='word_1_244' title='bbox 234 2636 344 2692; x_wconf 90' lang='lat' dir='ltr'><strong>minem</strong></span> <span class='ocrx_word' id='word_1_245' title='bbox 362 2643 484 2712; x_wconf 88' lang='lat' dir='ltr'><strong>propter</strong></span> <span class='ocrx_word' id='word_1_246' title='bbox 507 2636 604 2691; x_wconf 88' lang='lat' dir='ltr'><strong>aliena</strong></span> <span class='ocrx_word' id='word_1_247' title='bbox 624 2643 758 2708; x_wconf 90' lang='lat' dir='ltr'><strong>peccata,</strong></span> <span class='ocrx_word' id='word_1_248' title='bbox 784 2653 823 2690; x_wconf 90' lang='lat' dir='ltr'><strong>ne</strong></span> <span class='ocrx_word' id='word_1_249' title='bbox 845 2631 902 2690; x_wconf 91' lang='lat' dir='ltr'><strong>hoe</strong></span> <span class='ocrx_word' id='word_1_250' title='bbox 927 2636 990 2708; x_wconf 93' lang='lat' dir='ltr'><strong>ipse</strong></span> <span class='ocrx_word' id='word_1_251' title='bbox 1015 2636 1139 2708; x_wconf 90' lang='lat' dir='ltr'><strong>incipiat</strong></span> <span class='ocrx_word' id='word_1_252' title='bbox 1160 2634 1267 2692; x_wconf 89' lang='lat' dir='ltr'><strong>habere</strong></span> 
     </span>
     <span class='ocr_line' id='line_1_30' title="bbox 235 2717 1267 2795; baseline 0.001 -22"><span class='ocrx_word' id='word_1_253' title='bbox 235 2719 444 2795; x_wconf 79' lang='lat' dir='ltr'><strong>gravissimum</strong></span> <span class='ocrx_word' id='word_1_254' title='bbox 459 2721 628 2792; x_wconf 89' lang='lat' dir='ltr'><strong>proprium,</strong></span> <span class='ocrx_word' id='word_1_255' title='bbox 656 2735 744 2792; x_wconf 90' lang='lat' dir='ltr'><strong>quem</strong></span> <span class='ocrx_word' id='word_1_256' title='bbox 760 2735 822 2775; x_wconf 86' lang='lat' dir='ltr'><strong>non</strong></span> <span class='ocrx_word' id='word_1_257' title='bbox 839 2717 989 2790; x_wconf 86' lang='lat' dir='ltr'><strong>polluebat</strong></span> <span class='ocrx_word' id='word_1_258' title='bbox 1004 2719 1147 2773; x_wconf 88' lang='lat' dir='ltr'><strong>alienum:</strong></span> <span class='ocrx_word' id='word_1_259' title='bbox 1174 2719 1267 2774; x_wconf 91' lang='lat' dir='ltr'><strong>nemi-</strong></span> 
     </span>
     <span class='ocr_line' id='line_1_31' title="bbox 234 2799 1268 2878; baseline 0.001 -23"><span class='ocrx_word' id='word_1_260' title='bbox 234 2818 302 2857; x_wconf 91' lang='lat' dir='ltr'><strong>nem</strong></span> <span class='ocrx_word' id='word_1_261' title='bbox 321 2808 442 2872; x_wconf 89' lang='lat' dir='ltr'><strong>propter</strong></span> <span class='ocrx_word' id='word_1_262' title='bbox 462 2817 516 2853; x_wconf 80' lang='lat' dir='ltr'><strong>sua</strong></span> <span class='ocrx_word' id='word_1_263' title='bbox 532 2806 655 2872; x_wconf 90' lang='lat' dir='ltr'><strong>peccata</strong></span> <span class='ocrx_word' id='word_1_264' title='bbox 673 2799 849 2872; x_wconf 86' lang='lat' dir='ltr'><strong>praeterita,</strong></span> <span class='ocrx_word' id='word_1_265' title='bbox 876 2808 1000 2872; x_wconf 88' lang='lat' dir='ltr'><strong>propter</strong></span> <span class='ocrx_word' id='word_1_266' title='bbox 1015 2817 1091 2874; x_wconf 90' lang='lat' dir='ltr'><strong>quae</strong></span> <span class='ocrx_word' id='word_1_267' title='bbox 1104 2801 1199 2878; x_wconf 80' lang='lat' dir='ltr'><strong>magis</strong></span> <span class='ocrx_word' id='word_1_268' title='bbox 1215 2799 1268 2856; x_wconf 91' lang='lat' dir='ltr'><strong>hac</strong></span> 
     </span>
     <span class='ocr_line' id='line_1_32' title="bbox 233 2878 1269 2952; baseline 0.002 -17"><span class='ocrx_word' id='word_1_269' title='bbox 233 2882 296 2936; x_wconf 86' lang='lat' dir='ltr'><strong>vita</strong></span> <span class='ocrx_word' id='word_1_270' title='bbox 315 2898 389 2952; x_wconf 92' lang='lat' dir='ltr'><strong>opus</strong></span> <span class='ocrx_word' id='word_1_271' title='bbox 409 2889 470 2949; x_wconf 91' lang='lat' dir='ltr'><strong>est,</strong></span> <span class='ocrx_word' id='word_1_272' title='bbox 496 2888 531 2934; x_wconf 92' lang='lat' dir='ltr'><strong>ut</strong></span> <span class='ocrx_word' id='word_1_273' title='bbox 548 2881 665 2952; x_wconf 86' lang='lat' dir='ltr'><strong>possint</strong></span> <span class='ocrx_word' id='word_1_274' title='bbox 681 2878 861 2952; x_wconf 90' lang='lat' dir='ltr'><strong>poenitendo</strong></span> <span class='ocrx_word' id='word_1_275' title='bbox 882 2883 998 2938; x_wconf 90' lang='lat' dir='ltr'><strong>sanari:</strong></span> <span class='ocrx_word' id='word_1_276' title='bbox 1020 2883 1166 2938; x_wconf 90' lang='lat' dir='ltr'><strong>nemiuem</strong></span> <span class='ocrx_word' id='word_1_277' title='bbox 1184 2884 1269 2938; x_wconf 86' lang='lat' dir='ltr'><strong>velut</strong></span> 
     </span>
     <span class='ocr_line' id='line_1_33' title="bbox 235 2960 1269 3040; baseline 0.004 -24"><span class='ocrx_word' id='word_1_278' title='bbox 235 2960 382 3016; x_wconf 90' lang='lat' dir='ltr'><strong>desiderio</strong></span> <span class='ocrx_word' id='word_1_279' title='bbox 404 2962 484 3016; x_wconf 84' lang='lat' dir='ltr'><strong>vitae</strong></span> <span class='ocrx_word' id='word_1_280' title='bbox 501 2961 653 3030; x_wconf 83' lang='lat' dir='ltr'><strong>melioria,</strong></span> <span class='ocrx_word' id='word_1_281' title='bbox 681 2979 757 3034; x_wconf 88' lang='lat' dir='ltr'><strong>quae</strong></span> <span class='ocrx_word' id='word_1_282' title='bbox 782 2970 850 3034; x_wconf 91' lang='lat' dir='ltr'><strong>post</strong></span> <span class='ocrx_word' id='word_1_283' title='bbox 874 2973 999 3022; x_wconf 88' lang='lat' dir='ltr'><strong>mortem</strong></span> <span class='ocrx_word' id='word_1_284' title='bbox 1025 2973 1174 3040; x_wconf 71' lang='lat' dir='ltr'><strong>speratur,</strong></span> <span class='ocrx_word' id='word_1_285' title='bbox 1199 2967 1269 3040; x_wconf 89' lang='lat' dir='ltr'><strong>quia</strong></span> 
     </span>
     <span class='ocr_line' id='line_1_34' title="bbox 234 3043 1170 3122; baseline 0.005 -25"><span class='ocrx_word' id='word_1_286' title='bbox 234 3059 303 3098; x_wconf 92' lang='lat' dir='ltr'><strong>reos</strong></span> <span class='ocrx_word' id='word_1_287' title='bbox 333 3059 406 3100; x_wconf 86' lang='lat' dir='ltr'><strong>suae</strong></span> <span class='ocrx_word' id='word_1_288' title='bbox 418 3043 524 3099; x_wconf 92' lang='lat' dir='ltr'><strong>mortis</strong></span> <span class='ocrx_word' id='word_1_289' title='bbox 546 3043 652 3098; x_wconf 91' lang='lat' dir='ltr'><strong>melior</strong></span> <span class='ocrx_word' id='word_1_290' title='bbox 664 3052 733 3118; x_wconf 90' lang='lat' dir='ltr'><strong>post</strong></span> <span class='ocrx_word' id='word_1_291' title='bbox 747 3053 872 3102; x_wconf 88' lang='lat' dir='ltr'><strong>mortem</strong></span> <span class='ocrx_word' id='word_1_292' title='bbox 884 3047 947 3102; x_wconf 85' lang='lat' dir='ltr'><strong>vito</strong></span> <span class='ocrx_word' id='word_1_293' title='bbox 961 3065 1023 3104; x_wconf 94' lang='lat' dir='ltr'><strong>non</strong></span> <span class='ocrx_word' id='word_1_294' title='bbox 1038 3047 1170 3122; x_wconf 89' lang='lat' dir='ltr'><strong>suscipit.</strong></span> 
     </span>
    </p>
   </div>
   <div class='ocr_carea' id='block_1_3' title="bbox 573 3189 926 3251">
    <p class='ocr_par' dir='ltr' id='par_1_3' title="bbox 573 3189 926 3251">
     <span class='ocr_line' id='line_1_35' title="bbox 573 3189 926 3251; baseline 0.008 -3"><span class='ocrx_word' id='word_1_295' title='bbox 573 3189 696 3249; x_wconf 83' lang='lat' dir='ltr'><strong>CAP.</strong></span> <span class='ocrx_word' id='word_1_296' title='bbox 744 3189 926 3251; x_wconf 78' lang='lat' dir='ltr'><strong>xxvii</strong></span> 
     </span>
    </p>
   </div>
   <div class='ocr_carea' id='block_1_4' title="bbox 267 3273 1232 3362">
    <p class='ocr_par' dir='ltr' id='par_1_4' title="bbox 267 3273 1232 3362">
     <span class='ocr_line' id='line_1_36' title="bbox 267 3273 1232 3362; baseline 0.01 -27"><span class='ocrx_word' id='word_1_297' title='bbox 267 3284 311 3338; x_wconf 71' lang='lat' dir='ltr'><strong>An</strong></span> <span class='ocrx_word' id='word_1_298' title='bbox 317 3293 432 3353; x_wconf 80' lang='lat' dir='ltr'><strong>propter</strong></span> <span class='ocrx_word' id='word_1_299' title='bbox 442 3287 647 3342; x_wconf 75' lang='lat' dir='ltr'><strong>declinationem</strong></span> <span class='ocrx_word' id='word_1_300' title='bbox 658 3289 767 3358; x_wconf 70' lang='lat' dir='ltr'><strong>peccati</strong></span> <span class='ocrx_word' id='word_1_301' title='bbox 781 3305 851 3342; x_wconf 79' lang='lat' dir='ltr'><strong>mors</strong></span> <span class='ocrx_word' id='word_1_302' title='bbox 861 3299 1010 3360; x_wconf 81' lang='lat' dir='ltr'><strong>spontaneo</strong></span> <span class='ocrx_word' id='word_1_303' title='bbox 1026 3273 1177 3362; x_wconf 82' lang='lat' dir='ltr'><strong>oppetenda</strong></span> <span class='ocrx_word' id='word_1_304' title='bbox 1188 3293 1232 3345; x_wconf 82' lang='lat' dir='ltr'><strong>cit.</strong></span> 
     </span>
    </p>
   </div>
   <div class='ocr_carea' id='block_1_5' title="bbox 231 3373 1266 3945">
    <p class='ocr_par' dir='ltr' id='par_1_5' title="bbox 231 3373 1266 3945">
     <span class='ocr_line' id='line_1_37' title="bbox 295 3373 1265 3456; baseline 0.006 -27"><span class='ocrx_word' id='word_1_305' title='bbox 295 3373 400 3430; x_wconf 83' lang='lat' dir='ltr'><strong>Restat</strong></span> <span class='ocrx_word' id='word_1_306' title='bbox 413 3394 472 3431; x_wconf 92' lang='lat' dir='ltr'><strong>una</strong></span> <span class='ocrx_word' id='word_1_307' title='bbox 486 3395 585 3447; x_wconf 89' lang='lat' dir='ltr'><strong>cansa,</strong></span> <span class='ocrx_word' id='word_1_308' title='bbox 618 3374 654 3431; x_wconf 90' lang='lat' dir='ltr'><strong>de</strong></span> <span class='ocrx_word' id='word_1_309' title='bbox 668 3395 726 3452; x_wconf 87' lang='lat' dir='ltr'><strong>qua</strong></span> <span class='ocrx_word' id='word_1_310' title='bbox 739 3377 838 3434; x_wconf 90' lang='lat' dir='ltr'><strong>dicere</strong></span> <span class='ocrx_word' id='word_1_311' title='bbox 852 3398 1024 3453; x_wconf 85' lang='lat' dir='ltr'><strong>coeperam,</strong></span> <span class='ocrx_word' id='word_1_312' title='bbox 1052 3399 1110 3456; x_wconf 88' lang='lat' dir='ltr'><strong>qua</strong></span> <span class='ocrx_word' id='word_1_313' title='bbox 1123 3381 1198 3436; x_wconf 91' lang='lat' dir='ltr'><strong>utile</strong></span> <span class='ocrx_word' id='word_1_314' title='bbox 1212 3399 1265 3454; x_wconf 92' lang='lat' dir='ltr'><strong>pu-</strong></span> 
     </span>
     <span class='ocr_line' id='line_1_38' title="bbox 231 3459 1266 3537; baseline 0.004 -24"><span class='ocrx_word' id='word_1_315' title='bbox 231 3465 322 3527; x_wconf 90' lang='lat' dir='ltr'><strong>tatur,</strong></span> <span class='ocrx_word' id='word_1_316' title='bbox 341 3464 376 3512; x_wconf 87' lang='lat' dir='ltr'><strong>ut</strong></span> <span class='ocrx_word' id='word_1_317' title='bbox 390 3474 422 3512; x_wconf 90' lang='lat' dir='ltr'><strong>se</strong></span> <span class='ocrx_word' id='word_1_318' title='bbox 436 3460 561 3532; x_wconf 88' lang='lat' dir='ltr'><strong>quisque</strong></span> <span class='ocrx_word' id='word_1_319' title='bbox 574 3459 745 3532; x_wconf 88' lang='lat' dir='ltr'><strong>interficiat,</strong></span> <span class='ocrx_word' id='word_1_320' title='bbox 764 3463 879 3517; x_wconf 88' lang='lat' dir='ltr'><strong>scilicet</strong></span> <span class='ocrx_word' id='word_1_321' title='bbox 892 3481 931 3519; x_wconf 91' lang='lat' dir='ltr'><strong>ne</strong></span> <span class='ocrx_word' id='word_1_322' title='bbox 944 3464 975 3518; x_wconf 91' lang='lat' dir='ltr'><strong>in</strong></span> <span class='ocrx_word' id='word_1_323' title='bbox 988 3473 1143 3537; x_wconf 88' lang='lat' dir='ltr'><strong>peccatum</strong></span> <span class='ocrx_word' id='word_1_324' title='bbox 1160 3464 1266 3533; x_wconf 88' lang='lat' dir='ltr'><strong>irruat,</strong></span> 
     </span>
     <span class='ocr_line' id='line_1_39' title="bbox 231 3538 1266 3614; baseline 0.005 -18"><span class='ocrx_word' id='word_1_325' title='bbox 231 3542 278 3596; x_wconf 83' lang='lat' dir='ltr'><strong>rel</strong></span> <span class='ocrx_word' id='word_1_326' title='bbox 295 3538 464 3596; x_wconf 89' lang='lat' dir='ltr'><strong>blandiente</strong></span> <span class='ocrx_word' id='word_1_327' title='bbox 486 3542 651 3614; x_wconf 84' lang='lat' dir='ltr'><strong>voluptate,</strong></span> <span class='ocrx_word' id='word_1_328' title='bbox 676 3545 725 3600; x_wconf 87' lang='lat' dir='ltr'><strong>vel</strong></span> <span class='ocrx_word' id='word_1_329' title='bbox 750 3543 852 3600; x_wconf 92' lang='lat' dir='ltr'><strong>dolore</strong></span> <span class='ocrx_word' id='word_1_330' title='bbox 875 3546 1036 3602; x_wconf 85' lang='lat' dir='ltr'><strong>saeviente.</strong></span> <span class='ocrx_word' id='word_1_331' title='bbox 1081 3547 1178 3612; x_wconf 78' lang='lat' dir='ltr'><strong>Quam</strong></span> <span class='ocrx_word' id='word_1_332' title='bbox 1197 3564 1266 3602; x_wconf 91' lang='lat' dir='ltr'><strong>cau·</strong></span> 
     </span>
     <span class='ocr_line' id='line_1_40' title="bbox 233 3621 1266 3704; baseline 0.006 -28"><span class='ocrx_word' id='word_1_333' title='bbox 233 3639 296 3678; x_wconf 86' lang='lat' dir='ltr'><strong>sam</strong></span> <span class='ocrx_word' id='word_1_334' title='bbox 309 3623 335 3677; x_wconf 85' lang='lat' dir='ltr'><strong>si</strong></span> <span class='ocrx_word' id='word_1_335' title='bbox 347 3621 528 3680; x_wconf 86' lang='lat' dir='ltr'><strong>voluerimus</strong></span> <span class='ocrx_word' id='word_1_336' title='bbox 548 3622 720 3693; x_wconf 88' lang='lat' dir='ltr'><strong>admittere,</strong></span> <span class='ocrx_word' id='word_1_337' title='bbox 747 3643 782 3681; x_wconf 93' lang='lat' dir='ltr'><strong>eo</strong></span> <span class='ocrx_word' id='word_1_338' title='bbox 806 3643 901 3700; x_wconf 87' lang='lat' dir='ltr'><strong>usquc</strong></span> <span class='ocrx_word' id='word_1_339' title='bbox 920 3643 1080 3704; x_wconf 84' lang='lat' dir='ltr'><strong>progresso</strong></span> <span class='ocrx_word' id='word_1_340' title='bbox 1098 3630 1266 3700; x_wconf 85' lang='lat' dir='ltr'><strong>perveniet,</strong></span> 
     </span>
     <span class='ocr_line' id='line_1_41' title="bbox 232 3701 1266 3781; baseline 0.004 -21"><span class='ocrx_word' id='word_1_341' title='bbox 232 3701 414 3762; x_wconf 89' lang='lat' dir='ltr'><strong>utbortandi</strong></span> <span class='ocrx_word' id='word_1_342' title='bbox 431 3705 492 3762; x_wconf 87' lang='lat' dir='ltr'><strong>sint</strong></span> <span class='ocrx_word' id='word_1_343' title='bbox 509 3703 643 3762; x_wconf 86' lang='lat' dir='ltr'><strong>homines</strong></span> <span class='ocrx_word' id='word_1_344' title='bbox 663 3714 735 3764; x_wconf 90' lang='lat' dir='ltr'><strong>tunc</strong></span> <span class='ocrx_word' id='word_1_345' title='bbox 755 3725 786 3763; x_wconf 86' lang='lat' dir='ltr'><strong>se</strong></span> <span class='ocrx_word' id='word_1_346' title='bbox 805 3709 905 3780; x_wconf 86' lang='lat' dir='ltr'><strong>potius</strong></span> <span class='ocrx_word' id='word_1_347' title='bbox 925 3711 1115 3781; x_wconf 90' lang='lat' dir='ltr'><strong>interimere,</strong></span> <span class='ocrx_word' id='word_1_348' title='bbox 1142 3728 1211 3765; x_wconf 93' lang='lat' dir='ltr'><strong>cum</strong></span> <span class='ocrx_word' id='word_1_349' title='bbox 1224 3712 1266 3765; x_wconf 85' lang='lat' dir='ltr'><strong>la-</strong></span> 
     </span>
     <span class='ocr_line' id='line_1_42' title="bbox 234 3789 1266 3864; baseline 0.003 -20"><span class='ocrx_word' id='word_1_350' title='bbox 234 3805 320 3844; x_wconf 79' lang='lat' dir='ltr'><strong>vaero</strong></span> <span class='ocrx_word' id='word_1_351' title='bbox 337 3795 457 3844; x_wconf 88' lang='lat' dir='ltr'><strong>sanetae</strong></span> <span class='ocrx_word' id='word_1_352' title='bbox 470 3789 707 3864; x_wconf 82' lang='lat' dir='ltr'><strong>regenerationis</strong></span> <span class='ocrx_word' id='word_1_353' title='bbox 721 3789 825 3859; x_wconf 89' lang='lat' dir='ltr'><strong>abluti,</strong></span> <span class='ocrx_word' id='word_1_354' title='bbox 841 3791 1050 3848; x_wconf 87' lang='lat' dir='ltr'><strong>universorum</strong></span> <span class='ocrx_word' id='word_1_355' title='bbox 1059 3793 1266 3849; x_wconf 83' lang='lat' dir='ltr'><strong>remissionem</strong></span> 
     </span>
     <span class='ocr_line' id='line_1_43' title="bbox 237 3869 1266 3945; baseline 0.008 -23"><span class='ocrx_word' id='word_1_356' title='bbox 237 3869 402 3941; x_wconf 88' lang='lat' dir='ltr'><strong>acceperint</strong></span> <span class='ocrx_word' id='word_1_357' title='bbox 413 3882 611 3943; x_wconf 87' lang='lat' dir='ltr'><strong>peecatorum.</strong></span> <span class='ocrx_word' id='word_1_358' title='bbox 642 3869 727 3928; x_wconf 89' lang='grc' dir='ltr'>Τιιιιι</span> <span class='ocrx_word' id='word_1_359' title='bbox 742 3873 820 3928; x_wconf 86' lang='lat' dir='ltr'><strong>cuim</strong></span> <span class='ocrx_word' id='word_1_360' title='bbox 834 3881 949 3945; x_wconf 84' lang='lat' dir='ltr'><strong>tempus</strong></span> <span class='ocrx_word' id='word_1_361' title='bbox 964 3885 1010 3930; x_wconf 90' lang='lat' dir='ltr'><strong>est</strong></span> <span class='ocrx_word' id='word_1_362' title='bbox 1025 3872 1149 3930; x_wconf 86' lang='lat' dir='ltr'><strong>cavendi</strong></span> <span class='ocrx_word' id='word_1_363' title='bbox 1165 3876 1266 3930; x_wconf 86' lang='lat' dir='ltr'><strong>omnia</strong></span> 
     </span>
    </p>
   </div>
   <div class='ocr_carea' id='block_1_6' title="bbox 0 0 1306 4416">
    <p class='ocr_par' dir='ltr' id='par_1_6' title="bbox 0 0 1306 4416">
     <span class='ocr_line' id='line_1_44' title="bbox 0 0 1306 4416; baseline 0 0"><span class='ocrx_word' id='word_1_364' title='bbox 0 0 1306 4416; x_wconf 95' lang='lat' dir='ltr'><strong> </strong></span> 
     </span>
    </p>
   </div>
  </div>
 </body>
</html>
