2576 4396
221 231 281 288 322
413 291 417 300 Ἰ
448 219 544 280 DlVl
565 214 755 276 AVRELll
779 208 1032 271 AVGVSTlNl

222 377 299 457 quod
311 380 343 434 in
355 375 474 432 homine
487 371 610 428 caeteris
625 366 730 444 quibus
743 363 828 421 homo
840 370 955 419 constat
968 367 1013 416 est
1025 361 1140 431 melius,
1154 370 1183 417 et
1197 379 1250 436 quo

221 466 285 536 ipse
298 460 380 518 Deus
394 458 472 514 solus
487 463 533 510 est
546 453 657 510 melior.
688 448 761 507 Cum
775 447 854 504 enim
865 445 953 502 homo
967 444 1131 500 rectissime
1145 444 1252 501 intelli·

222 554 324 624 gutur,
350 543 399 598 vel
411 541 437 596 si
449 538 505 596 hoo
519 554 579 594 non
591 542 703 610 potest,
727 533 829 593 saltem
842 529 978 586 credatur
991 526 1087 583 faetus
1100 525 1137 582 ad
1151 527 1252 605 imagi-

224 646 291 684 nem
305 625 379 697 Dei3
404 622 536 698 profecto
552 636 587 674 ea
599 619 648 674 sui
664 625 747 692 parte
762 622 807 670 est
818 611 1009 688 propinquior
1021 611 1168 685 superiori
1179 609 1253 682 Deo,

223 727 280 785 qua
293 716 411 783 superat
425 704 581 761 inferiores
596 695 719 780 (partes)
734 715 816 768 suas,
836 713 910 771 quas
924 695 1013 751 etiem
1026 710 1092 749 eum
1104 693 1254 766 pecoribus

224 808 393 848 communes
407 787 501 844 babet.
531 783 592 843 Sed
604 785 672 859 quia
684 784 748 858 ipsa
759 797 853 850 mens,
867 779 916 836 eui
930 779 1006 834 ratio
1021 785 1051 834 et
1062 777 1256 854 intelligentia

224 874 401 930 naturaliter
414 872 504 940 inest,
517 869 599 925 vitiis
613 865 786 942 quibusdam
798 861 962 929 tenebrosis
973 869 1004 917 et
1013 859 1160 917 veteribus
1173 861 1254 916 inva-

225 956 284 1012 lida
298 963 358 1026 est,
380 971 442 1010 non
456 953 551 1008 solum
565 949 602 1007 ad
618 945 829 1005 inhaerendum
841 943 982 1016 fluendo,
1008 961 1111 1001 verum
1124 940 1255 1008 etiamad

226 1035 431 1113 perferendum
444 1031 683 1091 incommutabile
696 1032 806 1102 lumen,
821 1027 914 1085 donee
928 1026 963 1083 de
976 1025 1024 1082 (lie
1037 1027 1069 1082 in
1083 1025 1159 1081 diem
1170 1043 1256 1081 reno-

225 1129 294 1178 vata
308 1128 395 1195 atque
409 1127 511 1175 sanata
523 1116 576 1173 fiat
588 1123 690 1172 tantae
704 1113 854 1169 felicitatis
869 1128 972 1185 eapex,
986 1107 1043 1165 fide
1057 1109 1181 1184 primurn
1195 1109 1256 1164 lue-

226 1212 273 1258 rat
285 1201 443 1258 imbuendo
455 1209 543 1276 atque
556 1196 715 1276 purganda.
736 1194 771 1252 In
784 1213 842 1270 que
855 1203 890 1251 ut
901 1191 1039 1250 fidentius
1052 1191 1212 1250 ambularet
1223 1191 1258 1248 ad

227 1287 397 1356 veritatem,
423 1285 488 1357 ipsa
502 1283 610 1340 veritas
625 1279 707 1337 Dens
721 1277 779 1335 Dei
792 1275 885 1334 Filius
898 1274 1016 1332 homine
1030 1282 1172 1346 assumto,
1199 1292 1258 1330 non

226 1367 291 1424 Deo
307 1376 476 1438 consumto,
503 1363 624 1422 eandem
638 1362 792 1420 constituit
804 1368 890 1435 etque
903 1357 1037 1416 fundavit
1048 1356 1151 1428 fidem,
1176 1368 1209 1414 ut
1224 1356 1259 1413 ad

225 1449 353 1508 hominis
367 1447 463 1506 Deum
476 1450 534 1504 iter
547 1456 626 1502 esset
638 1445 750 1502 homini
766 1461 820 1518 per
837 1440 985 1498 bominem
998 1441 1102 1498 Deum.
1145 1438 1203 1496 Hie
1216 1450 1260 1496 est

227 1535 306 1588 enim
318 1531 461 1589 mediator
475 1529 533 1587 Dei
552 1539 581 1586 et
592 1529 743 1585 hominum
755 1525 843 1584 homo
856 1523 989 1582 Christus
1004 1521 1094 1580 lesus.
1137 1521 1194 1578 Per
1206 1521 1259 1579 hoe

227 1615 307 1671 enirn
327 1613 480 1684 mediator,
508 1631 561 1688 per
581 1613 659 1687 quod
679 1609 782 1682 horno,
800 1626 853 1682 per
866 1607 921 1664 boo
935 1614 965 1662 et
978 1609 1036 1665 vie.
1076 1607 1222 1674 Quoniam
1236 1625 1259 1662 ιι

136 1720 139 1736 ·
226 1699 305 1753 inter
319 1715 385 1752 eum
398 1697 449 1772 qui
462 1695 557 1752 tendit
570 1704 599 1751 et
612 1693 685 1750 illud
698 1711 755 1769 quo
769 1690 875 1762 tendit,
893 1691 942 1747 via
954 1689 1049 1746 media
1063 1699 1119 1762 est,
1139 1708 1204 1766 spes
1218 1699 1261 1745 est

226 1778 432 1855 perveniendi:
447 1780 473 1835 si
485 1787 584 1836 autem
594 1777 679 1849 desit,
693 1784 744 1832 eut
753 1777 908 1854 ignoretur
919 1791 977 1849 qua
990 1771 1117 1829 eundum
1129 1774 1179 1843 sit,
1192 1772 1260 1848 quid

226 1862 345 1937 prodest
358 1881 446 1919 nosse
460 1881 517 1937 quo
531 1861 660 1918 eundum
673 1855 730 1916 siti
752 1857 823 1916 Sola
837 1865 884 1913 est
896 1866 995 1912 eutem
1007 1855 1147 1912 adversus
1161 1874 1259 1913 omnes

228 1963 344 2001 errores
357 1947 406 2002 via
419 1945 626 2015 munitissima,
652 1951 686 2000 nt
702 1941 779 1998 idem
797 1943 860 2014 ipse
879 1941 918 1996 sit
934 1939 1014 1998 Deus
1034 1947 1064 1995 ot
1075 1936 1179 2010 homo,
1205 1956 1260 2013 quo

226 2030 285 2084 itur
299 2027 391 2100 Deus,
405 2027 534 2104 qua'itur
546 2026 640 2084 homo.

285 2272 329 2325 De
339 2275 506 2325 auctoritate
515 2270 660 2324 canonicae
672 2268 842 2338 Scripturas,
853 2269 943 2324 divim
955 2269 1063 2338 Spiritu
1072 2269 1205 2324 candiae.

285 2360 343 2418 Hie
356 2362 439 2435 prius
453 2379 507 2435 per
520 2357 697 2434 Prophetas,
724 2355 830 2412 deinde
842 2375 896 2432 per
908 2377 940 2415 se
953 2361 1065 2434 ipsum,
1091 2369 1194 2434 postea
1212 2379 1262 2434 per

226 2445 392 2520 Apostolos,
407 2452 549 2518 quantum
562 2443 634 2499 satis
648 2458 714 2498 esse
724 2439 876 2512 iudicavit,
889 2443 1017 2513 loeutus,
1032 2445 1120 2498 etiam
1129 2440 1275 2522 Scriptu-

226 2547 289 2584 ram
303 2526 444 2598 condidit,
458 2543 533 2601 quae
547 2525 691 2582 canonice
704 2523 886 2596 nominatur,
900 2525 1149 2581 eminentissimae
1161 2527 1275 2582 aucto-l

226 2611 339 2681 ritatis‚
367 2611 417 2666 oui
433 2607 521 2666 fidem
537 2606 676 2666 habemus
690 2606 726 2663 de
738 2604 784 2662 his
797 2605 884 2662 rebus
897 2624 969 2682 ques
983 2608 1122 2685 ignorare
1135 2625 1198 2664 non
1212 2591 1275 2676 ιιι-ξ

226 2693 317 2767 pedit,
332 2711 387 2748 nee
400 2711 453 2766 per
466 2693 659 2767 nosmetipsos
673 2707 761 2747 nosse
773 2687 874 2746 idonei
887 2707 995 2746 sumus.
1019 2688 1095 2746 Nam
1108 2691 1134 2746 si
1147 2708 1183 2746 ea
1194 2693 1265 2747 seiri

225 2784 348 2851 possunt
362 2776 485 2830 testibus
504 2775 607 2844 nobis,
634 2791 709 2848 quae
726 2780 839 2828 remota
856 2765 1004 2828 ueniunt
1021 2791 1039 2830 ιι
1056 2772 1192 2829 sensibus
1210 2792 1265 2830 no-

226 2861 313 2928 stris,
339 2859 402 2914 sive
414 2855 603 2912 interioribus
617 2857 679 2911 sive
692 2856 780 2910 etiam
794 2853 1007 2927 exterioribns3
1033 2854 1111 2912 unde
1130 2864 1160 2911 et
1178 2873 1266 2929 prae-

226 2941 322 2996 sentia
335 2945 552 3011 nuncupantur,
566 2935 642 3012 qnod
654 2939 696 2993 ita
709 2955 744 2993 ea
757 2937 881 2994 dicimus
896 2955 960 2994 esse
973 2956 1043 3012 prae
1056 2939 1203 3009 sensibus,
1224 2942 1267 2995 si-

227 3030 278 3078 out
290 3038 361 3096 prae
376 3021 469 3076 oeulis
483 3037 558 3094 quae
571 3027 688 3094 praesto
710 3028 782 3076 sunt
800 3023 907 3077 oculis:
932 3021 1063 3095 profecto
1077 3036 1202 3096 eaquae
1215 3041 1266 3078 re-

226 3113 306 3160 mota
319 3111 389 3158 sunt
403 3101 568 3158 oeensibus
583 3103 709 3174 nostris,
736 3105 876 3178 quoniam
889 3111 991 3160 nostro
1002 3105 1172 3160 testimonio
1187 3106 1275 3162 seire

227 3203 288 3242 non
300 3203 469 3261 possumus,
492 3183 528 3240 tle
541 3183 587 3242 bis
601 3187 674 3242 alios
687 3194 777 3242 testes
790 3187 981 3261 requirimus,
1005 3189 1105 3263 eisque
1118 3185 1267 3244 eredimus

227 3285 245 3324 a
257 3285 382 3344 quorum
394 3269 529 3325 sensibus
542 3277 656 3326 remota
669 3286 735 3326 osse
747 3271 796 3326 vel
807 3269 900 3325 fuisse
912 3287 974 3326 non
989 3269 1144 3327 eredimus.
1180 3268 1275 3327 Siout

228 3369 299 3430 ergo
319 3352 358 3408 de
368 3351 549 3424 visibilibus,
577 3369 651 3426 quae
662 3369 723 3410 non
736 3350 872 3424 vidimus,
900 3353 942 3409 eis
955 3351 1100 3410 eredimus
1118 3353 1169 3429 qni
1182 3353 1275 3424 vitle-¹

226 3445 314 3508 runt,
329 3443 417 3512 atque
430 3435 472 3492 ita
486 3433 521 3490 de
535 3436 748 3511 caeterisquae
762 3433 798 3491 ed
812 3451 898 3491 suum
909 3453 1053 3511 quemque
1066 3453 1189 3492 sensum
1202 3454 1275 3514 ιιι-ζ

226 3519 306 3592 poris
328 3519 492 3594 pertinent:
518 3519 561 3574 ita
579 3517 615 3574 tle
632 3515 678 3573 his
700 3535 774 3594 quae
791 3519 890 3574 animo
908 3535 943 3574 aa
961 3527 1060 3574 mente
1082 3520 1275 3588 sentiuntur,

227 3597 307 3675 (quia
320 3603 425 3675 etipse
438 3601 601 3658 rectissime
616 3599 723 3657 dieitur
735 3617 856 3672 sensus,
879 3601 958 3658 unde
972 3609 1001 3658 et
1013 3603 1163 3658 sententie
1177 3619 1267 3659 voee-

224 3681 326 3739 bnlum
339 3680 480 3761 aoeepit),
506 3683 563 3740 boe
583 3692 643 3754 est,
669 3683 705 3740 de
722 3683 918 3742 invisibilibus
937 3701 1010 3761 quae
1024 3701 1042 3740 a
1054 3693 1159 3742 nostro
1177 3701 1268 3740 sensu

224 3765 366 3822 interiore
380 3776 491 3822 remota
505 3773 589 3836 sunt,
611 3763 649 3822 iis
663 3784 716 3822 nos
730 3775 845 3844 oportet
858 3769 992 3840 eredere,
1018 3769 1068 3843 qui
1081 3765 1155 3824 haee
1170 3770 1204 3824 in
1218 3769 1269 3822 illo

226 3846 402 3922 incorporeo
410 3850 519 3905 lumine
526 3848 668 3922 disposita
675 3848 852 3922 didicerunt,
864 3853 911 3908 vel
917 3853 1067 3908 manentia
1074 3859 1268 3908 contuentur.
