2586 4396
234 199 293 258 nu
317 163 537 260 crvrr'nru
560 203 638 262 nur
660 205 737 264 nra.
760 207 848 268 xvi.
990 215 1046 269 ιιι

371 352 491 412 cnr.
534 353 691 414 xnrrr.

40 449 82 502 De
90 449 238 517 temporibus
250 447 338 519 Moysi
347 457 374 502 et
384 450 445 502 Iesu
456 450 542 516 Nove,
554 469 587 504 ec
597 453 728 519 Indicum,
738 465 819 526 atque
830 457 1047 528 exindeRegum:

103 535 203 587 penem
214 519 317 588 quidem
329 519 505 588 Sanlpra'mue
516 529 565 587 est,
574 523 621 574 sed
628 520 889 595 Dooidpraees'puus
899 538 926 580 et
936 545 977 580 so-

331 600 465 643 eramento
475 590 588 644 batere
598 601 625 644 et
634 593 737 646 merito.

97 693 233 753 Defuncto
246 695 348 768 Iacob,
363 697 513 756 defuncto
527 701 613 756 etiam
627 699 746 776 ioseph,
772 721 824 776 per
837 706 963 779 reliquos
979 725 1046 762 een-

40 794 96 839 tum
109 779 293 858 quadraginta
306 791 431 856 quatuor
443 801 547 856 annos,
562 783 653 840 donee
667 787 796 842 exiretur
809 786 845 844 de
858 797 936 844 terra
949 789 1046 867 Aegy-

35 867 87 943 pti,
98 865 127 919 in
139 861 251 919 modum
263 864 462 922 incredibilem
475 868 526 923 illa
538 885 611 947 gens
627 871 731 940 crevit,
745 869 832 926 etiam
845 873 934 928 tantis
947 875 1046 929 attrita

34 946 291 1024 persecutionibus,
313 957 348 1004 ut
359 949 482 1026 quedam
494 959 623 1027 tempore
638 954 699 1008 nati
717 946 838 1010 snaseul'i
860 965 1046 1028 necarentur,

34 1051 95 1088 cum
113 1031 245 1087 mirantes
259 1031 418 1110 Aegyptios
437 1034 527 1090 nimia
545 1034 644 1111 populi
662 1036 740 1092 illius
758 1037 938 1096 incrementa
956 1048 1048 1096 terre-

33 1125 104 1172 rent.
126 1113 203 1170 Tunc
216 1113 332 1191 Moysen
346 1116 509 1174 subtractus
522 1117 599 1174 furto
612 1119 837 1177 trucidatoribus
850 1124 1047 1197 parvulorum,

32 1199 68 1255 ad
80 1199 188 1255 domum
199 1199 323 1278 regiam,
336 1201 469 1278 ingentia
481 1217 534 1274 per
543 1219 607 1258 eum
615 1200 679 1259 Dee
689 1215 889 1280 praeparante,
902 1208 1047 1280 pervenit,

32 1283 206 1358 munitusque
219 1292 250 1338 et
262 1282 413 1358 adoptatus
427 1303 444 1340 a
458 1283 518 1342 filia
529 1283 705 1359 Pharaonis,
724 1282 812 1363 (quod
826 1307 931 1346 nomen
945 1292 976 1346 in
989 1290 1047 1346 Ae-

31 1376 119 1445 gypte
133 1366 259 1422 omnium
271 1383 376 1444 regum
387 1364 465 1447 fuit)
490 1369 522 1426 in
535 1377 647 1427 ιιιιιιιιιι
659 1371 795 1445 persenit
807 1373 916 1444 virum,
943 1382 975 1428 ut
987 1375 1048 1448 ipse

31 1453 110 1506 illam
121 1459 232 1528 gentem
245 1450 418 1507 mirabiliter
429 1453 659 1528 multiplicatam,
674 1471 711 1510 ex
723 1453 878 1512 durissime
893 1465 922 1512 et
934 1458 1048 1534 gravis-

30 1536 114 1606 simo,
127 1532 253 1608 quodibi
266 1533 388 1606 ferebat,
406 1535 475 1614 iugo
489 1537 640 1593 servitutis
655 1533 832 1612 extraheret,
846 1540 905 1597 imo
917 1559 969 1616 per
983 1559 1049 1597 eum

28 1618 122 1689 Deus,
143 1618 191 1692 qui
208 1615 264 1673 hoc
282 1619 456 1692 promiserat
472 1618 612 1677 Abrahae.
656 1620 739 1678 Prius
760 1623 864 1698 quippe
882 1621 989 1689 exinde
1002 1625 1048 1680 fu-

27 1703 125 1781 giens,
143 1699 191 1777 [ad
204 1708 311 1758 terram
324 1699 440 1758 Madian
454 1702 564 1782 fugisse
576 1703 714 1783 refertur]
732 1705 819 1783 quod,
833 1725 920 1783 quum
932 1705 1048 1764 israeli-

25 1797 86 1841 tam
100 1783 273 1857 defenderet,
285 1785 461 1866 Aegyptium
474 1786 629 1860 occiderat,
643 1800 673 1847 et
685 1790 806 1847 territus
820 1789 930 1863 fuerat3
947 1802 1048 1866 posteo

25 1869 164 1925 divinitus
177 1869 283 1924 missus
297 1870 328 1925 in
341 1879 484 1944 potestate
498 1869 625 1947 Spiritus
639 1873 696 1930 Dei
714 1876 863 1947 superarit
876 1875 1048 1931 resistentes

23 1953 182 2009 Pharaonis
195 1969 304 2030 magos.
339 1951 423 2010 Tune
435 1973 488 2030 per
501 1972 566 2011 euru
577 1953 730 2035 Aegyptiis
749 1959 847 2014 illatae
864 1967 933 2014 sunt
950 1959 1048 2014 decem

22 2036 221 2094 memorabiles
233 2038 347 2114 plagae,
362 2054 450 2112 quum
463 2037 609 2095 dimittere
620 2043 758 2114 populum
768 2039 826 2096 Dei
839 2042 959 2112 nollent,
973 2059 1048 2115 aqua

21 2125 53 2178 in
67 2121 238 2197 sanguinem
249 2137 351 2193 versa,
363 2137 453 2177 ranae
467 2131 497 2178 et
511 2120 676 2197 scyniphes,
690 2125 856 2199 cynomyia,
870 2141 948 2178 mors
961 2141 1047 2197 pece-

19 2223 98 2272 rum,
110 2205 217 2274 ulcera,
231 2205 355 2282 grando,
368 2205 492 2277 locusta,
515 2205 662 2276 tenebrae,
684 2225 763 2262 mors
776 2207 1046 2284 primogenitorum.

19 2287 65 2346 Ad
79 2295 239 2342 extremum
249 2286 407 2360 israelitas,
421 2305 492 2364 quos
505 2291 599 2368 plagis
613 2298 658 2346 tot
669 2291 818 2365 tantisque
830 2283 968 2365 pertracti
981 2297 1047 2346 tan-

19 2375 84 2429 dem
97 2369 254 2447 aliquando
268 2371 454 2444 dimiserant,
480 2372 619 2451 Aegyptii
636 2374 669 2430 in
683 2375 757 2430 mari
769 2373 857 2430 rubro
870 2373 937 2429 dum
949 2391 1048 2450 perse-

19 2464 149 2532 quuntur
163 2457 303 2511 exstincti
316 2465 393 2514 suut.
425 2455 487 2512 Illis
506 2459 609 2532 quippe
628 2455 801 2514 abeuntibus
823 2457 949 2513 divisum
968 2475 1054 2512 mere,

19 2543 93 2597 uiam
108 2540 195 2596 fecit:
221 2538 273 2595 hos
294 2549 393 2596 autem
405 2540 594 2615 insequentes
608 2541 639 2595 in
655 2559 686 2596 se
699 2539 815 2595 rediens
829 2539 907 2596 unda
920 2540 1049 2595 submer-

19 2627 62 2679 sit.
85 2621 206 2680 Deinde
218 2640 270 2698 per
282 2641 376 2680 annos
389 2622 599 2702 quadraginta,
623 2623 695 2680 duee
708 2621 826 2698 Moyse,
850 2622 908 2680 Dei
925 2624 1047 2698 populus

19 2727 66 2782 Ιιιι
80 2708 232 2763 desertum
245 2717 327 2764 actus
342 2717 403 2779 est,
424 2707 539 2783 qnando
551 2705 785 2764 Tabernaeuium
796 2707 960 2762 testimonii
973 2723 1049 2761 nnn-

19 2802 156 2866 :upatum
171 2800 231 2862 est,
249 2793 300 2848 ubi
313 2791 395 2848 Deus
409 2791 560 2848 sacrifieiis
574 2790 672 2848 futura
683 2789 957 2867 praenuntiantibus
971 2791 1049 2844 eole-

19 2885 119 2930 ratur:
140 2893 229 2951 quum
242 2877 355 2933 seilicet
367 2877 426 2932 iam
438 2875 505 2932 data
518 2877 567 2932 lex
579 2875 685 2933 fuisset
698 2877 730 2932 in
743 2883 843 2932 monte
855 2876 976 2930 multum
988 2882 1048 2929 ter·

19 2959 159 3030 ibiliter3
174 2960 365 3016 attestabatur
378 2962 456 3017 enirn
470 2961 687 3018 evidentissima
697 2959 878 3021 mirabilibus
891 2959 985 3037 signis
997 2975 1049 3014 ro-

19 3043 159 3118 ribnsque
175 3041 323 3100 diviuitas.
354 3045 437 3112 Quod
449 3045 559 3102 factum
574 3054 620 3100 est
633 3061 702 3101 mox
715 3054 748 3101 nt
761 3045 873 3100 exitum
886 3052 930 3099 est
944 3041 979 3098 de
993 3041 1049 3098 Αι-

19 3137 116 3202 fypto,
131 3127 211 3182 etin
225 3125 339 3184 deserto
349 3131 470 3203 populus
481 3147 546 3184 esse
556 3129 664 3202 eoepit,
678 3129 918 3206 quinquagesimo
928 3127 975 3182 die
985 3135 1052 3200 post

19 3211 199 3266 crebrarum
212 3208 323 3267 Pascha
335 3229 386 3286 per
399 3213 461 3268 eris
474 3213 714 3268 immolationem:
729 3229 802 3286 quae
815 3229 905 3284 usqne
918 3209 990 3265 adeo
1003 3219 1051 3282 ty-

19 3313 60 3348 rus
77 3292 199 3350 Christi
219 3303 278 3366 est,
302 3297 511 3368 praenuntians
530 3313 596 3350 eum
614 3313 666 3368 per
688 3296 836 3350 victimam
859 3293 1002 3366 passienis
1016 3289 1051 3344 de

19 3396 61 3432 ,oc
75 3377 198 3434 mundo
212 3373 403 3440 transiturum
414 3377 450 3433 ad
460 3376 586 3448 Patrem,
600 3373 723 3454 (Pascha
735 3378 839 3452 quippe
849 3373 981 3429 Hebraea
994 3373 1051 3426 lin-

19 3480 64 3516 ua
88 3461 245 3518 mannitus
263 3464 484 3536 interpretaturi
508 3463 616 3518 utiam
639 3479 726 3536 quum
749 3460 931 3514 revelaretur
948 3453 1052 3511 Testa·

19 3555 148 3602 rentum
170 3561 297 3618 novum,
322 3553 424 3620 postea
448 3543 658 3618 quam'Paseha
676 3551 809 3599 nostrum
826 3539 991 3594 humabatur
1010 3545 1054 3591 ιιι

21 3629 166 3700 hristus,
193 3630 435 3707 quinquagesim0
449 3627 495 3682 die
508 3629 622 3684 veniret
635 3627 670 3682 de
684 3628 765 3688 coelo¹
778 3623 905 3699 Spiritus
920 3629 1052 3676 sanemus:

19 3715 50 3769 ui
67 3715 180 3770 dictus
197 3722 243 3768 est
258 3715 290 3769 in
303 3712 467 3790 Evangelio
486 3711 595 3788 digitus
609 3711 683 3782 Dei,
710 3719 743 3765 ιιι
756 3705 986 3764 recordationem
1000 3721 1052 3760 no-

19 3815 100 3853 ram
117 3799 157 3854 in
173 3798 264 3872 primi
277 3795 464 3874 praefigurati
478 3794 549 3850 laeti
566 3795 735 3852 memoriam
754 3798 918 3848 revocaret:
946 3789 1013 3863 quia
1026 3793 1054 3842 ιι

19 3881 78 3960 :gis
95 3883 180 3938 illae
195 3880 312 3938 tabulae
326 3880 418 3957 digito
432 3878 488 3936 Dei
503 3879 629 3953 scriptae
643 3877 816 3934 referuntur.
