2576 4396
214 180 277 244 ³28
445 169 543 230 lllVl
570 167 756 226 AVRELll
776 165 1030 226 AVGVSTlNl

214 341 278 390 tere
291 328 349 387 Dei
361 325 466 402 populo
480 323 639 401 figuratum
652 328 714 394 est,
741 317 818 401 upde
838 336 892 375 suo
907 319 972 375 loco
987 317 1158 396 diligentius
1174 321 1243 378 arbi·

213 425 278 472 tror
295 405 503 468 disserendum.

609 485 631 543 C
653 487 678 542 A
699 485 730 541 P.
774 482 840 541 lx.

230 589 275 642 De
284 589 445 658 angelorum
455 582 608 638 conditione
618 581 834 702 lullf‘m'lffum
848 580 940 634 divina
950 581 1106 636 testimonia
1120 582 1232 636 tention-

690 667 734 702 nm
744 666 768 702 a
783 688 790 702 .

276 745 380 814 Nunc,
407 743 545 818 quoniam
558 741 594 796 de
607 747 727 797 sanctae
740 737 877 796 Civitatis
891 749 998 796 exortu
1011 741 1109 796 dicere
1123 741 1246 809 institui,

214 842 244 888 et
257 831 340 904 prius
354 825 432 901 quod
445 824 482 880 ad
496 833 614 880 sanctos
626 823 757 899 Angelos
770 824 877 880 attinet
889 823 1045 880 dicendum
1052 824 1163 897 putari,
1177 841 1246 897 quae

212 913 298 970 huius
311 909 445 966 Civitatis
460 917 490 964 et
502 925 611 984 magna
622 923 689 981 pars
703 911 762 976 est,
778 914 808 961 et
821 925 855 962 ao
868 906 996 977 beatior,
1012 905 1089 981 quod
1102 923 1247 980 nunquam

212 993 418 1071 peregrinata,
446 1009 522 1066 quae
533 988 603 1046 hinc
617 988 717 1044 divina
730 989 898 1045 testimonia
913 998 1084 1063 suppetant,
1112 997 1248 1064 quantum

214 1079 286 1134 satis
300 1073 464 1144 videbitur,
480 1072 544 1130 Deo
558 1073 714 1151 largiente,
729 1073 876 1144 explicare
890 1069 1008 1128 curabo.
1032 1070 1088 1126 Vbi
1103 1071 1139 1127 de
1151 1071 1248 1126 mundi

215 1159 427 1217 constitutione
446 1173 547 1212 sacrae
564 1157 667 1211 literae
685 1157 861 1229 loquuntur,
888 1172 949 1211 non
968 1154 1121 1210 evidenter
1134 1152 1247 1223 dicitur,

202 1251 312 1298 vutrum
324 1242 373 1297 vel
388 1258 446 1315 quo
460 1238 563 1295 ordine
577 1238 669 1294 creati
682 1238 743 1293 sint
755 1239 868 1314 angeli:
883 1237 934 1293 sed
945 1239 972 1293 si
981 1238 1181 1311 praetermissi
1191 1255 1248 1292 non

215 1333 302 1394 sunt,
329 1324 378 1379 vel
400 1323 477 1379 coeli
499 1322 634 1392 nomine,
659 1321 710 1378 ubi
723 1319 833 1376 dictum
852 1331 913 1391 est,
939 1318 975 1376 In
995 1319 1151 1396 principio
1169 1320 1249 1390 fecit

214 1405 298 1464 Deae
312 1405 421 1462 coelum
435 1415 465 1462 et
477 1414 591 1462 terram
596 1423 608 1479 ,⁰
632 1405 680 1461 vel
691 1403 788 1478 potius
800 1404 875 1459 lucis
891 1402 993 1474 huius,
1019 1402 1055 1457 de
1068 1419 1125 1478 qua
1137 1403 1248 1477 loquor,

215 1488 377 1566 significati
390 1497 468 1544 sunt.
512 1485 581 1543 Non
594 1497 694 1543 autem
706 1488 928 1561 praetermissos
943 1505 1008 1543 esse
1021 1483 1090 1541 hino
1105 1487 1249 1555 existimo,

215 1571 294 1646 quod
311 1571 452 1643 scriptum
470 1578 530 1638 ert,
556 1571 737 1644 requievisse
752 1567 848 1626 Deum
865 1572 897 1627 in
911 1571 1034 1644 septimo
1048 1567 1095 1624 dic
1109 1569 1144 1624 ab
1159 1570 1250 1624 omni-

216 1655 269 1710 bus
284 1651 418 1726 operibus
433 1653 493 1708 suis
509 1669 584 1726 quae
597 1652 683 1724 feeit,
710 1670 776 1708 eum
788 1653 863 1708 libor
875 1655 939 1728 ipse
952 1654 994 1712 ita
1008 1653 1047 1707 sit
1060 1667 1202 1721 exorsus,
1217 1648 1250 1706 In

207 1733 454 1816 princqoa'afecit
466 1733 550 1791 Deae
567 1735 677 1792 coelum
692 1745 723 1792 et
736 1745 869 1792 terrane:
894 1745 928 1791 ut
941 1744 1010 1800 anto
1023 1736 1137 1790 coelum
1151 1743 1181 1788 ct
1192 1744 1250 1789 ter-

215 1837 278 1875 rani
292 1815 366 1873 nihil
378 1816 457 1873 aliud
470 1817 575 1873 fecisse
584 1816 729 1874 videatur.
752 1816 825 1874 Cum
839 1837 910 1896 ergo
921 1837 939 1874 a
953 1819 1034 1874 coelo
1049 1825 1078 1872 et
1092 1826 1172 1872 terra
1185 1835 1250 1872 coo-

213 1903 308 1976 perit,
335 1909 425 1975 atqua
443 1901 507 1974 ipsa
524 1910 603 1957 terra
623 1899 868 1976 quamprimitus'
881 1901 969 1972 lecit,
997 1901 1074 1956 sicut
1100 1899 1251 1974 Scriptura

214 1992 429 2058 consequenter
443 1985 606 2059 eloquitur,
628 1983 787 2041 invisibilis
801 1993 831 2039 et
843 1985 1052 2058 incomposita,
1066 1983 1252 2058 nondumque

213 2070 280 2124 luce
293 2065 386 2136 facta,
413 2067 515 2141 utique
529 2065 667 2122 tenebrae
680 2066 791 2122 fiterint
804 2084 891 2140 super
905 2068 1056 2141 abyssum,
1081 2065 1186 2136 idest,
1204 2085 1252 2121 su-

212 2169 265 2225 per
288 2147 432 2224 quandam
456 2159 554 2205 terrae
578 2158 607 2204 et
628 2166 721 2222 aquae
737 2148 941 2206 indistinctam
958 2149 1176 2220 eoufusionem,
1204 2149 1254 2205 ubi

214 2234 293 2288 enim
306 2234 358 2286 lux
371 2231 432 2287 non
446 2240 506 2301 est,
534 2231 672 2287 tenebrae
686 2233 746 2287 sint
759 2250 881 2288 neeesse
900 2241 959 2304 est3
986 2231 1090 2288 deiude
1108 2250 1174 2288 cum
1192 2252 1254 2288 om-

213 2316 264 2370 nia
278 2311 404 2368 creando
418 2311 560 2386 disposita
573 2313 649 2380 sint,
675 2331 748 2386 quae
761 2331 813 2386 per
826 2331 880 2370 sex
893 2314 955 2370 dies
970 2324 1171 2372 consummata
1183 2335 1254 2372 nar-

212 2405 331 2464 rantur3
355 2393 501 2469 quomodo
515 2396 614 2472 augeli
626 2397 914 2470 praetermittentur,
927 2406 1065 2472 tanquam
1078 2416 1141 2454 non
1155 2410 1256 2462 essent

212 2482 246 2536 in
260 2479 396 2553 operibus
410 2475 482 2547 Dei,
510 2479 645 2553 aquibus
660 2477 707 2534 die
721 2479 845 2553 septimo
859 2477 1021 2555 requievit'l
1059 2480 1142 2555 Opus
1157 2493 1256 2540 autem

212 2563 272 2620 Dei
286 2579 351 2618 esse
365 2562 505 2638 angelos,
529 2555 577 2618 hic
593 2561 712 2638 quidem
725 2564 781 2618 etsi
794 2581 854 2619 non
864 2565 1118 2636 praetermissum,
1132 2583 1197 2621 non
1211 2577 1257 2623 ta-

212 2665 280 2702 rncn
295 2645 446 2702 evidenter
459 2663 631 2720 expressum
650 2655 708 2702 est:
736 2645 787 2702 sed
811 2646 882 2702 alibi
904 2644 958 2702 hoo
978 2655 1080 2704 sancta
1098 2646 1257 2722 Scriptura

212 2729 375 2785 clarissima
388 2747 460 2784 voce
473 2738 609 2786 testatur.
642 2727 717 2784 Nam
731 2727 883 2804 inhyrnno
896 2730 985 2786 trium
997 2731 1029 2786 in
1043 2731 1158 2786 camino
1172 2734 1256 2788 viro-

211 2830 277 2868 rum
303 2831 369 2866 cum
394 2810 576 2882 praedictum
602 2820 695 2878 esset,
721 2809 894 2869 Benedicite
908 2815 1005 2869 omnia
1023 2831 1115 2890 opera
1129 2811 1259 2872 Domini

211 2893 356 2950 Domino:
382 2893 414 2946 in
428 2894 618 2948 exsecutione
638 2893 796 2950 eorundem
810 2913 947 2968 operum,
975 2896 1064 2952 etiam
1080 2898 1183 2973 angeli
1202 2918 1258 2954 no-

210 2975 316 3032 minati
329 2982 407 3030 sunt.
435 2971 475 3028 Et
491 2974 520 3028 in
534 2973 649 3032 Psalmo
661 2977 793 3032 canitur:
811 2974 950 3035 landate
964 2977 1120 3035 Dominam
1137 2981 1175 3037 de
1189 3001 1258 3038 coe-

211 3059 267 3126 lia,
294 3055 417 3112 laudate
431 3073 494 3112 eum
508 3057 538 3111 in
552 3057 686 3114 eccelsia.
720 3057 858 3116 Laudato
873 3079 936 3116 eam
950 3077 1047 3118 omnen
1060 3063 1167 3138 angeli
1180 3067 1257 3134 etun,

183 3187 190 3196 .
211 3139 336 3196 laudate
354 3157 417 3195 cam
436 3157 533 3194 omnes
551 3141 681 3198 virtuter
701 3144 773 3200 eine.
816 3139 955 3200 Laudato
973 3163 1036 3201 eant
1054 3145 1101 3200 eol
1117 3157 1149 3202 et
1173 3146 1258 3216 lana,

212 3221 335 3278 laudata
349 3239 412 3278 eam
426 3239 522 3278 omnes
537 3223 642 3280 atellae
657 3225 804 3282 etlumen.
848 3223 987 3284 Laudato
1007 3245 1070 3284 eune
1089 3229 1169 3286 coeli
1191 3249 1259 3286 coe-

211 3305 320 3372 loram,
347 3315 377 3362 et
399 3321 495 3381 aquae
518 3324 593 3382 qaae
612 3323 703 3384 caper
717 3307 812 3365 coeloe
828 3318 911 3378 eunt,
936 3309 1059 3369 landent
1071 3329 1179 3369 nomen
1193 3312 1258 3369 Do-

209 3389 291 3444 mini.
338 3385 484 3456 Quoniam
498 3389 561 3466 qaae
576 3389 670 3460 dicit,
696 3390 929 3466 etfactaennt;
954 3395 1019 3470 ipse
1029 3395 1200 3466 mandavit,
1229 3405 1259 3452 et

210 3481 317 3530 creata
329 3480 408 3527 eant.
451 3469 549 3528 Etiam
566 3469 613 3526 hio
633 3475 814 3546 apertissime
828 3493 846 3531 a
858 3473 925 3532 Deo
938 3476 1033 3533 factos
1047 3495 1113 3533 esse
1127 3482 1258 3557 angelos

208 3548 352 3611 divinitus
367 3553 479 3612 dietum
493 3563 547 3625 ost,
562 3573 629 3611 eum
643 3556 685 3610 eis
698 3557 777 3612 inter
790 3567 906 3614 caetera
919 3560 1061 3616 coelestia
1074 3579 1258 3619 commemo-

207 3637 296 3706 ratis,
312 3636 437 3692 infertur
450 3636 487 3692 ad
501 3637 614 3708 omnia,
627 3633 698 3716 Ipee
711 3639 805 3710 dicit,
819 3641 952 3714 etfacta
965 3653 1044 3699 eant.
1062 3644 1153 3718 ,Quis
1165 3664 1259 3720 porro

207 3717 328 3791 pudebit
341 3720 469 3793 opinari,
495 3729 561 3794 post
583 3721 681 3777 omnia
704 3723 764 3778 ista
787 3741 860 3798 quae
883 3741 937 3780 sex
958 3725 1058 3782 diebus
1079 3739 1261 3784 enumerato

207 3807 293 3868 sunt,
319 3799 556 3879 angolos'factos.
603 3799 663 3859 Sed
682 3805 754 3860 etsi
776 3807 930 3884 quisquam
943 3809 985 3865 ita
999 3809 1122 3886 desipit,
1150 3810 1260 3868 redar-
