2586 4396
256 206 314 266 DE
337 205 551 266 clvluaru
575 207 652 266 DEI
678 208 758 267 ΗΒ.
784 207 873 270 XVI.
1031 219 1066 276 91

29 365 146 432 datur,
174 360 238 419 sive
250 360 347 436 aliqm
366 360 684 434 rationemcnstretu13
711 382 770 420 nou
783 373 879 422 ιιιιιιι
894 385 956 424 esse
969 387 1072 427 eonne-

28 463 154 526 queaa,
169 453 204 502 ut
216 445 304 505 etiam
317 463 356 506 ιιι
367 445 419 502 iiia
430 454 512 519 parte
525 445 561 502 ab
573 463 711 521 aquarum
723 449 861 526 congerie
874 450 950 505 nuda
963 453 1001 506 sit
1009 461 1073 509 ter-

26 551 81 590 ra:
107 528 220 586 deinde
232 529 345 586 etiasui
357 527 435 586 nuda
447 530 500 600 sit,
519 547 614 605 neque
627 526 684 588 lma¹
697 534 798 591 atatim
810 549 929 590 necesse
942 551 1022 606 essa,
1041 547 1075 593 ut

28 616 178 673 homines
191 611 305 669 babeat
342 614 487 680 Quoniam
500 614 581 673 nulle
593 613 677 670 modo
691 612 841 691 Scriptura
854 619 910 674 ista
924 619 1075 691 mentitur,

28 718 116 777 quae
140 698 271 782 narra&
289 699 454 772 praeteritis
476 695 547 754 fauit
567 697 670 769 fidem,
697 717 733 755 eo
752 700 829 777 quod
848 703 912 758 eius
928 702 1077 778 praedicta

27 784 240 857 complentur:
253 782 398 857 nimisque
410 781 565 840 amomum
578 792 638 854 est,
661 791 695 838 ut
707 784 830 857 dicatur,
855 787 966 860 aliquos
978 783 1075 843 bomi-

29 887 94 927 nes
111 885 150 922 ex
162 865 218 924 bac
230 867 264 928 in
277 867 356 926 illam
367 874 494 941 partem,
522 865 635 926 Oceani
646 868 843 926 immensitate
856 871 978 926 traiecta
993 873 1075 927 navi-

28 971 114 1032 gare
127 969 164 1007 ae
177 951 333 1025 pervenire
345 951 484 1024 potuisse,
507 959 541 1007 ut
553 953 640 1008 etiam
653 952 712 1008 iilis
726 971 763 1008 ex
778 971 837 1009 uno
851 953 901 1010 iilo
915 956 1010 1029 prime
1022 952 1075 1010 ho-

29 1040 119 1093 mine
133 1053 230 1114 genus
244 1035 448 1092 institueretur
459 1032 626 1092 humanum.
641 1036 821 1112 Quapropter
834 1039 991 1096 interillos
1004 1047 1076 1094 tunc

28 1122 196 1178 hominum
208 1119 343 1192 populos,
366 1121 416 1194 qui
432 1135 485 1192 per
503 1120 688 1197 septuaginta
707 1120 777 1176 duas
796 1131 901 1198 gentes
913 1132 943 1178 et
955 1122 1076 1179 totidem

29 1210 161 1283 linguas
175 1203 356 1280 colliguntur
368 1203 460 1259 fuisse
473 1202 569 1273 divisi,
589 1219 773 1278 quaeremus,
788 1207 813 1260 ai
825 1223 978 1280 possumus
991 1207 1075 1264 iuve-

31 1293 107 1347 nire
126 1287 262 1344 illumin
281 1288 368 1342 terris
381 1287 619 1368 peregrinantem
631 1283 785 1346 Civitatem
798 1286 873 1361 Dei,
896 1309 970 1364 quae
983 1308 1076 1365 usque

30 1375 74 1431 ad
89 1371 236 1428 diluvium
249 1389 401 1446 areamque
414 1369 553 1445 perducta
566 1379 627 1443 est,
649 1381 736 1447 atque
753 1374 785 1429 in
804 1371 871 1428 filiis
885 1372 948 1430 Noi
960 1391 1013 1448 per
1026 1392 1076 1429 eo·

28 1477 106 1516 rum
117 1454 337 1512 benedictiones
348 1473 549 1528 perseverasse
560 1464 751 1530 monstretur,
761 1457 887 1515 maxime
897 1455 929 1514 in
939 1456 1075 1529 maximo,

27 1545 84 1620 qui
101 1550 152 1598 est
170 1541 329 1616 appellatus
347 1537 430 1596 Sem:
457 1539 572 1614 quando
590 1540 706 1616 quidem
724 1539 825 1616 [aphet
846 1542 889 1600 ita
909 1539 1076 1600 benedictn!

28 1638 91 1699 est,
107 1635 144 1683 ut
158 1624 190 1681 in
204 1623 332 1680 eiusdem
345 1623 445 1680 fratris
458 1625 505 1680 sui
519 1623 648 1682 domibus
663 1623 816 1683 habitaret.

457 1791 578 1852 CAP.
621 1791 663 1852 X.

27 1893 76 1948 De
86 1889 272 1964 generatione
284 1889 359 1954 Sena,
372 1891 401 1944 ia
411 1891 486 1943 cuius
492 1891 624 1960 progenie
635 1875 742 1947 tenuem
753 1894 790 1946 ad
797 1891 937 1948 Abrabam
950 1889 1077 1946 Ciuitatis

418 1960 474 2014 Dei
483 1963 546 2014 crdo
557 1961 697 2032 dirigitur.

99 2051 250 2111 Tenenda
269 2060 314 2108 est
333 2053 426 2132 igitur
444 2055 535 2108 series
554 2051 779 2132 generationum
797 2049 833 2106 ab
852 2053 916 2128 ipso
936 2051 1019 2124 Sem,
1045 2063 1076 2110 ut

28 2145 101 2216 ipsa
116 2135 257 2194 ostendat
269 2145 335 2212 post
349 2135 489 2193 diluvium
501 2135 656 2212 Civitatem
669 2133 741 2206 Dei3
755 2135 832 2189 sicut
845 2154 908 2191 eam
922 2137 1013 2192 series
1026 2154 1077 2212 ge-

29 2222 231 2282 nerationum
246 2221 280 2277 ab
294 2221 344 2276 illo
359 2221 409 2298 qui
423 2213 468 2284 est
480 2219 640 2296 appellatus
655 2215 743 2291 Seth,
770 2217 940 2278 ostendebat
952 2229 1021 2274 ante
1034 2217 1078 2272 di-

29 2308 166 2365 luvium.
199 2303 324 2380 Propter
338 2303 393 2360 hoe
407 2323 478 2384 ergo
492 2302 646 2380 Scriptura
664 2301 764 2359 divina
786 2321 852 2360 cum
870 2308 1016 2362 terrenam
1030 2299 1078 2358 ci-

30 2395 165 2451 vitatem
194 2390 227 2446 in
251 2387 414 2466 Babylone,
445 2387 500 2446 boc
526 2397 584 2460 est,
620 2389 652 2443 in
678 2387 851 2443 confusione
876 2394 1078 2454 monstrasset,

29 2477 69 2534 ad
87 2471 292 2552 patriarcham
309 2471 378 2530 Sem
394 2471 613 2548 recapitulando
632 2472 808 2541 revertitur,
831 2481 861 2528 et
879 2471 993 2527 orditur
1011 2468 1079 2526 inde

29 2559 252 2641 geenrationcs
272 2572 363 2634 usque
376 2554 583 2625 adiibrabam,
608 2563 830 2610 commemoratu
852 2555 940 2609 etiam
960 2570 1079 2609 numero

30 2660 190 2702 annorum
204 2651 315 2716 quanto
328 2641 451 2716 quisque
464 2637 501 2694 ad
511 2637 586 2694 hane
598 2639 702 2694 seriem
715 2637 911 2712 pertinentem
922 2636 1016 2692 filium
1028 2654 1079 2712 ge-

32 2729 175 2796 nuisset,
199 2735 364 2801 quantoque
382 2725 516 2780 vixisset.
551 2720 607 2777 Vbi
619 2730 697 2777 certe
714 2720 934 2800 agnoscendum
948 2717 1081 2794 estquod

31 2821 113 2871 ante
125 2810 333 2884 promiseram,
346 2818 379 2864 ut
391 2815 528 2883 appareat
541 2823 631 2882 quare
645 2805 754 2862 dictum
768 2804 803 2860 dc
817 2804 885 2861 filiis
899 2795 1008 2875 Heber,
1021 2798 1080 2858 No-

32 2915 108 2956 men
122 2895 211 2950 anius
225 2889 363 2963 Pbcleeb,
379 2895 449 2972 quic
466 2893 497 2948 ιἰι
515 2891 616 2949 diebus
635 2891 698 2947 eiua
714 2890 812 2948 divisa
826 2899 872 2947 eat
890 2900 984 2948 terra.
1006 2884 1081 2954 Quid

34 2982 123 3040 enim
137 2975 219 3034 aliud
232 2976 456 3058 intelligendum
469 2985 525 3047 est,
540 2985 649 3032 terram
662 2991 727 3030 esse
741 2973 874 3047 divisam,
888 2975 946 3033 nisi
959 2971 1080 3030 diversi·

31 3076 100 3125 tate
115 3056 306 3142 linguarumi
338 3059 462 3118 Omissis
475 3061 568 3138 igitur
581 3059 704 3115 caeteris
718 3057 787 3116 filiis
801 3057 870 3116 Sem
883 3059 920 3116 ad
932 3057 1008 3115 hanc
1020 3075 1081 3112 rem

29 3170 101 3210 non
119 3144 356 3226 pertinentibus,
379 3147 425 3202 illi
442 3152 656 3202 connectuntur
674 3143 706 3212 in
724 3142 827 3200 ordine
850 3143 1081 3220 generationum,
1141 3202 1145 3208 „

28 3255 88 3312 per
107 3248 186 3308 quos
199 3230 294 3306 possit
306 3228 342 3286 ad
354 3226 499 3286 Abraham
509 3227 672 3302 perveniri:
687 3227 763 3281 sieut
775 3227 820 3282 ilii
834 3225 1083 3284 connectebantur

29 3329 107 3376 ante
122 3315 287 3385 diluvium,
309 3333 361 3388 per
375 3329 449 3389 quus
461 3311 666 3386 perveniretur
685 3307 722 3364 ad
741 3307 819 3380 Noe,
842 3305 1081 3386 generationibus

29 3421 116 3479 quae
129 3407 311 3478 propagatae
325 3407 394 3456 sunt
407 3393 609 3452 exibendam
622 3393 695 3463 filio,
709 3392 760 3468 qui
773 3393 933 3466 appellatus
947 3397 992 3445 ιιι
1001 3385 1081 3444 Seth.

28 3488 92 3546 Sic
107 3502 181 3563 ergo
198 3483 302 3557 incipit
315 3481 540 3560 generationum
549 3478 606 3533 ista
618 3475 781 3534 contextio:
795 3473 837 3530 Et
847 3471 903 3532 bue
912 3471 1082 3550 generatio-
1187 3492 1189 3498 ·

27 3589 89 3630 nea
105 3567 187 3628 Sem.
230 3563 298 3626 Sem
308 3563 396 3638 filius
412 3559 499 3640 [Noe]
516 3571 629 3618 centum
644 3555 739 3636 [erut]
756 3575 914 3625 canoram,
934 3571 1019 3632 qaum
1031 3571 1081 3629 ge·

26 3659 104 3714 nuit
126 3648 307 3728 Arpinum,
333 3649 458 3710 secundo
478 3665 554 3703 caco
567 3653 642 3722 post
660 3641 809 3702 diluvium.
855 3637 896 3696 Ει
914 3639 990 3696 uiuit
1004 3633 1081 3705 Sem,
1136 3657 1137 3662 ¹

20 3749 108 3818 post
124 3737 329 3814 quemgenuit
342 3731 516 3812 Arpbuxut,
530 3729 705 3808 quingentos
720 3743 827 3794 cauca,
841 3735 870 3784 ιι
882 3723 986 3800 genuit
997 3720 1083 3796 filius

27 3835 63 3882 ιι
70 3821 184 3896 filius,
198 3829 228 3876 et
240 3829 372 3876 mortuus
388 3827 442 3875 eat.
478 3813 528 3872 Sic
543 3812 715 3886 exsequitur
728 3822 871 3878 caeteros,
884 3806 982 3864 dicens
996 3814 1083 3882 quoto

26 3909 170 3984 quisque
184 3919 263 3958 auno
278 3903 355 3959 vitae
368 3918 436 3958 suae
450 3899 541 3958 filium
554 3896 704 3976 genuerit,
718 3893 754 3952 ad
763 3897 851 3954 istum
860 3892 1083 3974 generationum
