2586 4396
229 209 283 264 174
455 203 553 265 DIVI
573 200 761 262 AVRELll
782 197 1025 260 AVGVSTlNl

223 371 288 430 tur,
301 361 447 434 apposuit:
475 375 531 433 quo
544 355 693 424 absoluto,
707 361 920 428 consequenter
933 370 970 407 ex
983 355 1033 409 illa
1046 353 1175 428 quinque
1189 371 1265 428 par-

223 445 278 500 tita
291 441 495 498 distributione
505 449 565 496 tres
578 437 801 512 praecedentes,
828 437 878 510 qui
891 435 927 492 sd
944 433 1075 492 homines
1093 433 1264 510 pertinent,

224 527 265 581 ita
278 523 447 594 subdivisit,
470 531 503 578 ut
512 523 620 595 primus
635 521 674 575 sit
691 517 726 574 de
752 517 951 592 pontificibus,
979 516 1121 574 secundus
1148 516 1184 573 de
1204 536 1262 574 eu-

223 608 358 684 guribus‚
378 607 481 662 tertius
499 604 534 659 de
552 601 717 678 quindecim
734 602 807 658 viris
826 618 984 657 sacrorum.
1028 599 1179 658 Secundus
1199 610 1265 656 tres

224 689 260 745 ad
273 689 338 746 loca
350 690 548 762 pertinentes3
574 686 631 756 its,
656 685 732 740 utin
745 701 804 739 uno
821 701 923 739 eorum
941 682 976 739 de
1001 683 1135 753 sacellis,
1162 684 1265 738 altero

224 771 259 827 de
272 773 363 828 saeris
376 769 495 827 aedibus
509 767 634 839 diceret,
648 768 737 823 tertio
751 765 786 821 de
798 763 870 822 locis
884 767 1041 843 religiosior
1084 763 1157 821 Tres
1170 781 1265 840 porro

223 855 275 927 qui
289 855 359 908 istos
373 859 551 928 sequuntur,
577 859 608 907 et
621 849 657 908 sd
670 859 801 924 tempore
816 849 980 923 pertinent,
1007 847 1038 906 id
1064 858 1119 921 est,
1134 847 1171 904 sd
1199 848 1265 903 dies

224 938 326 1008 lestosq
352 937 393 992 ita
405 943 439 992 nt
451 949 539 990 unum
551 951 651 990 eorum
667 933 779 990 feceret
798 930 833 988 de
845 929 942 1002 feriis,
968 933 1090 989 alterum
1117 931 1153 988 dc
1180 931 1264 986 ludis

123 1051 125 1053 -
194 1016 425 1090 vCircensibus,
454 1016 489 1072 de
504 1017 629 1073 scenicis
656 1016 782 1073 tertium.
826 1015 998 1081 Quartorum
1017 1017 1106 1071 trium
1120 1013 1156 1070 sd
1173 1031 1264 1070 saera

223 1101 447 1174 pertinentium,
471 1101 524 1156 uni
542 1097 622 1154 dedit
635 1097 886 1168 consecrationes,
911 1099 997 1154 elteri
1023 1115 1106 1154 sacra
1131 1097 1263 1171 private,

224 1184 328 1240 ultimo
342 1182 466 1256 publiea.
510 1180 596 1238 Hsnc
609 1183 690 1238 velut
702 1198 836 1256 pompam
848 1179 1051 1256 obsequiorum
1061 1180 1262 1253 intribus,qui

224 1274 352 1336 restant,
378 1265 419 1322 dii
432 1267 489 1340 ipsi
503 1274 662 1339 sequuntur
675 1265 814 1333 extremi,
840 1263 944 1338 quibus
958 1265 1014 1320 iste
1027 1265 1181 1320 universus
1196 1261 1263 1318 eul-

224 1357 271 1404 tus
297 1350 442 1423 impensus
457 1357 514 1404 est:
540 1349 572 1404 in
590 1349 682 1421 primo
699 1347 740 1402 dii
754 1347 841 1418 certi,
870 1348 901 1402 in
928 1345 1056 1403 seeundo
1082 1346 1201 1418 incerti,
1229 1347 1263 1400 in

225 1433 312 1488 tertio
326 1441 497 1490 cunctorum
510 1431 670 1488 novissimo
683 1429 724 1486 dii
737 1431 884 1506 praecipui
897 1439 984 1506 atque
997 1427 1108 1487 selecti.

629 1579 750 1638 cnr.
793 1559 870 1636 lv(

226 1677 306 1741 Quod
314 1692 346 1728 etr
356 1676 534 1744 disputatione
557 1675 686 1728 latronis
700 1677 773 1742 apud
785 1677 899 1726 cultores
912 1677 1020 1728 deorum
1034 1674 1200 1744 antiquiores
1219 1693 1263 1726 res

463 1744 594 1794 dumanas
605 1759 684 1810 quam
693 1743 797 1794 divinae
806 1743 985 1810 reperiuntur.

288 1845 321 1904 ln
333 1846 387 1904 hac
401 1857 464 1904 tote
477 1851 553 1905 serie
566 1846 777 1922 pulcherrimae
799 1865 834 1904 ac
852 1847 1056 1904 subtilissimae
1078 1845 1263 1903 distributio-

226 1932 273 1986 nis
288 1940 319 1986 et
332 1929 529 1987 distinctionis
545 1932 632 1987 vitam
646 1937 794 1986 aeternam
801 1929 916 2000 ,frustra
928 1931 1029 2004 quaeri
1042 1939 1072 1985 et
1083 1930 1192 2004 sperari
1207 1931 1263 1984 im-

225 2011 433 2087 pudentissime
467 2015 514 2070 vel
536 2015 645 2088 optari,
673 2029 710 2067 ex
734 2010 778 2068 bis
797 2029 871 2087 quse
890 2015 948 2068 ism
966 2011 1107 2082 diximus,
1135 2021 1165 2067 et
1188 2029 1264 2086 quae

227 2095 362 2168 deinceps
376 2095 498 2152 dicenda
511 2105 597 2167 sunt,
624 2095 718 2150 cuivis
736 2093 901 2166 hominum,
927 2096 977 2170 qui
1003 2093 1089 2150 corde
1114 2094 1263 2150 obstinato

226 2177 283 2233 sibi
296 2195 357 2234 non
370 2177 461 2234 fuerit
472 2180 608 2234 inimicus
622 2217 631 2248 ,
645 2175 783 2234 facillime
797 2187 925 2252 apparet.
956 2175 1010 2233 Vel
1022 2175 1169 2232 hominum
1182 2179 1263 2232 enim

227 2267 295 2314 sunt
309 2261 368 2315 ists
381 2261 532 2330 instituta,
559 2261 606 2318 vel
619 2259 805 2332 daemonum3
832 2277 892 2316 non
906 2262 1005 2335 quales
1018 2268 1123 2318 vocant
1134 2260 1178 2314 illi
1193 2259 1264 2316 dae-

227 2358 328 2397 mones
340 2340 450 2412 bonos,
468 2342 533 2412 sed,
553 2351 586 2399 ut
598 2343 700 2416 loquar
713 2343 856 2416 apertius,
880 2342 1092 2399 immundorum
1105 2343 1263 2416 spirituum

229 2433 258 2479 et
271 2425 335 2480 sine
350 2426 551 2482 controversie
564 2426 776 2502 malignorum,
791 2427 841 2499 qui
855 2426 960 2482 noxias
974 2427 1143 2500 opiniones,
1157 2425 1263 2499 quibus

228 2508 325 2564 anima
337 2506 462 2564 humens
474 2510 568 2586 magis
581 2509 733 2584 magisque
747 2518 904 2580 vanescat,
931 2517 961 2564 et
973 2506 1201 2565 incommutabili
1211 2525 1264 2564 ae-

230 2599 391 2666 ternaeque
408 2593 528 2648 reriteti
555 2592 686 2665 coepturi
700 2599 787 2664 atquc
804 2589 955 2647 inhaerere
974 2610 1034 2647 non
1050 2592 1157 2666 possit,
1184 2591 1264 2648 invi-

229 2671 327 2730 dentia
340 2673 465 2730 mirabili
478 2683 507 2730 et
519 2675 631 2730 occulte
644 2675 780 2730 inserunt
791 2674 1019 2752 cogitationibus
1037 2675 1203 2748 impiorum,
1233 2683 1264 2729 et

228 2766 327 2830 operte
339 2755 496 2830 aliquando
510 2758 651 2833 ingerunt
663 2755 811 2827 sensibus,
826 2765 856 2812 et
869 2772 927 2832 qua
940 2765 1061 2831 possunt
1074 2755 1171 2812 fallaci
1185 2764 1264 2811 atte-

228 2839 353 2893 statione
371 2837 553 2894 confirmant.
596 2835 655 2894 lste
672 2838 734 2911 ipse
754 2837 862 2910 Varro,
886 2849 1036 2914 propterea
1062 2857 1094 2894 se
1118 2838 1197 2912 prius
1226 2837 1264 2894 de

227 2920 312 2975 rebus
326 2916 472 2988 humenis,
485 2919 520 2974 de
534 2919 643 2977 divinis
658 2928 756 2976 eutem
769 2927 869 2994 postes
879 2923 1029 2995 scripsisse
1036 2931 1169 2991 testetur,
1184 2921 1263 2994 quod

228 3002 307 3074 prius
335 3002 503 3057 exstiterint
525 3004 676 3074 civitates,
702 3002 806 3059 deinde
832 3004 867 3059 eb
894 3005 941 3058 eis
954 3002 1025 3060 haec
1042 3005 1177 3060 institute
1190 3005 1263 3060 sint.

230 3081 308 3138 Vera
320 3092 415 3138 autem
431 3085 610 3160 religionen
629 3104 646 3142 s
665 3095 783 3142 terrene
800 3087 898 3160 alique
913 3087 1032 3143 civitate
1051 3087 1187 3141 institute
1201 3095 1264 3142 est:

230 3164 281 3220 scd
293 3168 379 3238 plane
396 3168 548 3226 coelestem
568 3171 630 3242 ipsa
647 3170 778 3226 instituit
789 3165 954 3224 Civitatem.
997 3167 1069 3225 Eam
1082 3185 1153 3226 vero
1167 3169 1264 3242 inspi-

229 3257 277 3304 rat
294 3257 322 3303 et
341 3247 426 3308 docet
442 3267 528 3307 verus
543 3251 640 3322 Deus,
665 3251 748 3306 dator
768 3251 845 3306 vitae
865 3259 1019 3322 aeternae,
1046 3253 1123 3308 veris
1141 3251 1265 3307 cultori·

229 3331 280 3387 bus
293 3333 362 3387 suis.

289 3413 446 3471 *Varronis
461 3417 552 3492 igitur
567 3413 733 3472 confitentis
746 3413 810 3470 ideo
824 3433 855 3471 ιο
873 3417 953 3490 prius
971 3417 1006 3474 de
1022 3416 1109 3472 rebus
1128 3414 1264 3472 humanis

229 3497 396 3572 scripsisse,
424 3507 525 3570 postes
542 3497 576 3552 de
590 3495 718 3566 divinis,
744 3499 812 3572 quis
825 3498 942 3556 divinae
963 3501 1036 3554 istae
1050 3497 1085 3553 sb
1098 3497 1264 3554 hominibus

230 3581 382 3636 institutae
397 3589 483 3650 sunt,
506 3579 578 3635 haec
590 3578 667 3633 retio
681 3587 742 3635 est:
785 3578 895 3650 „Sicut
908 3581 987 3653 prior
1001 3590 1061 3651 est,
1087 3582 1196 3656 inquit,
1218 3584 1263 3654 pi·

228 3670 314 3732 „ctor
327 3679 413 3734 quesn
426 3661 524 3717 tabule
536 3662 624 3735 picta,
637 3662 718 3734 prior
730 3659 812 3718 faber
825 3679 912 3737 quem
924 3663 1103 3734 aediticium3
1131 3666 1172 3720 its
1185 3664 1264 3738 pric-

228 3760 297 3810 „res
312 3752 380 3798 sunt
394 3744 546 3812 civitates,
565 3759 652 3816 quam
666 3761 700 3800 es
713 3761 788 3820 quee
801 3763 818 3800 e
833 3746 998 3802 civitatibus
1013 3755 1082 3802 sunt
1094 3747 1264 3801 institutc.“

229 3820 311 3878 Dicit
325 3834 438 3892 autem,
462 3842 494 3878 se
507 3826 587 3896 prius
600 3825 774 3899 scripturum
787 3825 878 3883 fuisse
893 3827 927 3884 de
941 3828 1013 3898 diis,
1040 3837 1141 3899 postea
1160 3829 1195 3881 de
1212 3826 1265 3881 ho-
