<?xml version="1.0" encoding="UTF-8"?>
<!DOCTYPE html PUBLIC "-//W3C//DTD XHTML 1.0 Transitional//EN"
    "http://www.w3.org/TR/xhtml1/DTD/xhtml1-transitional.dtd">
<html xmlns="http://www.w3.org/1999/xhtml" xml:lang="en" lang="en">
 <head>
  <title>
</title>
<meta http-equiv="Content-Type" content="text/html;charset=utf-8" />
  <meta name='ocr-system' content='tesseract 3.04.00' />
  <meta name='ocr-capabilities' content='ocr_page ocr_carea ocr_par ocr_line ocrx_word'/>
</head>
<body>
  <div class='ocr_page' id='page_1' title='image "./saureliiaugusti02augugoog_0643.png"; bbox 0 0 2538 4392; ppageno 0'>
   <div class='ocr_carea' id='block_1_1' title="bbox 205 211 1025 286">
    <p class='ocr_par' dir='ltr' id='par_1_1' title="bbox 205 211 1025 286">
     <span class='ocr_line' id='line_1_1' title="bbox 205 211 1025 286; baseline -0.017 0"><span class='ocrx_word' id='word_1_1' title='bbox 205 226 269 286; x_wconf 73' lang='lat'><strong>224</strong></span> <span class='ocrx_word' id='word_1_2' title='bbox 436 219 535 279; x_wconf 87' lang='lat' dir='ltr'>DIVI</span> <span class='ocrx_word' id='word_1_3' title='bbox 558 217 749 278; x_wconf 80' lang='lat' dir='ltr'><strong>AVRELII</strong></span> <span class='ocrx_word' id='word_1_4' title='bbox 773 211 1025 278; x_wconf 80' lang='lat' dir='ltr'><strong>AVGVSTlNl</strong></span> 
     </span>
    </p>
   </div>
   <div class='ocr_carea' id='block_1_2' title="bbox 206 337 1264 1190">
    <p class='ocr_par' dir='ltr' id='par_1_2' title="bbox 206 337 1264 1190">
     <span class='ocr_line' id='line_1_2' title="bbox 1263 337 1264 360; baseline 0 0"><span class='ocrx_word' id='word_1_5' title='bbox 1263 337 1264 360; x_wconf 80' lang='lat' dir='ltr'><strong>l</strong></span> 
     </span>
     <span class='ocr_line' id='line_1_3' title="bbox 207 364 1264 440; baseline -0.008 -8"><span class='ocrx_word' id='word_1_6' title='bbox 207 395 302 434; x_wconf 83' lang='lat' dir='ltr'><strong>morer</strong></span> <span class='ocrx_word' id='word_1_7' title='bbox 317 373 548 433; x_wconf 85' lang='lat' dir='ltr'><strong>Christianorum</strong></span> <span class='ocrx_word' id='word_1_8' title='bbox 561 373 703 428; x_wconf 87' lang='lat' dir='ltr'><strong>malorum</strong></span> <span class='ocrx_word' id='word_1_9' title='bbox 716 372 778 427; x_wconf 82' lang='lat' dir='ltr'><strong>sive</strong></span> <span class='ocrx_word' id='word_1_10' title='bbox 791 367 949 437; x_wconf 80' lang='lat' dir='ltr'><strong>falsorum,</strong></span> <span class='ocrx_word' id='word_1_11' title='bbox 975 364 1100 440; x_wconf 88' lang='lat' dir='ltr'><strong>prodest</strong></span> <span class='ocrx_word' id='word_1_12' title='bbox 1119 365 1247 424; x_wconf 90' lang='lat' dir='ltr'><strong>dolenti-</strong></span> <span class='ocrx_word' id='word_1_13' title='bbox 1263 371 1264 386; x_wconf 66' lang='lat'>¹</span> 
     </span>
     <span class='ocr_line' id='line_1_4' title="bbox 206 451 1247 534; baseline -0.009 -18"><span class='ocrx_word' id='word_1_14' title='bbox 206 460 277 530; x_wconf 84' lang='lat' dir='ltr'><strong>bua3</strong></span> <span class='ocrx_word' id='word_1_15' title='bbox 302 457 438 534; x_wconf 86' lang='lat' dir='ltr'><strong>quoniam</strong></span> <span class='ocrx_word' id='word_1_16' title='bbox 451 453 487 510; x_wconf 93' lang='lat' dir='ltr'><strong>de</strong></span> <span class='ocrx_word' id='word_1_17' title='bbox 499 455 621 510; x_wconf 86' lang='lat' dir='ltr'><strong>caritate</strong></span> <span class='ocrx_word' id='word_1_18' title='bbox 635 451 797 524; x_wconf 86' lang='lat' dir='ltr'><strong>descendit,</strong></span> <span class='ocrx_word' id='word_1_19' title='bbox 811 467 867 527; x_wconf 87' lang='lat' dir='ltr'><strong>qua</strong></span> <span class='ocrx_word' id='word_1_20' title='bbox 881 467 932 505; x_wconf 84' lang='lat' dir='ltr'><strong>cos</strong></span> <span class='ocrx_word' id='word_1_21' title='bbox 945 451 1043 522; x_wconf 89' lang='lat' dir='ltr'><strong>perire</strong></span> <span class='ocrx_word' id='word_1_22' title='bbox 1056 451 1186 523; x_wconf 89' lang='lat' dir='ltr'><strong>nolunt,</strong></span> <span class='ocrx_word' id='word_1_23' title='bbox 1199 470 1247 507; x_wconf 84' lang='lat' dir='ltr'><strong>nec</strong></span> 
     </span>
     <span class='ocr_line' id='line_1_5' title="bbox 206 533 1247 616; baseline -0.011 -18"><span class='ocrx_word' id='word_1_24' title='bbox 206 541 346 616; x_wconf 88' lang='lat' dir='ltr'><strong>impedire</strong></span> <span class='ocrx_word' id='word_1_25' title='bbox 360 539 486 594; x_wconf 88' lang='lat' dir='ltr'><strong>aliorum</strong></span> <span class='ocrx_word' id='word_1_26' title='bbox 497 538 629 592; x_wconf 88' lang='lat' dir='ltr'><strong>salutem.</strong></span> <span class='ocrx_word' id='word_1_27' title='bbox 652 535 789 610; x_wconf 89' lang='lat' dir='ltr'><strong>Denique</strong></span> <span class='ocrx_word' id='word_1_28' title='bbox 802 550 926 610; x_wconf 85' lang='lat' dir='ltr'><strong>magnac</strong></span> <span class='ocrx_word' id='word_1_29' title='bbox 936 533 1164 589; x_wconf 65' lang='lat' dir='ltr'><strong>consolationes</strong></span> <span class='ocrx_word' id='word_1_30' title='bbox 1178 533 1247 589; x_wconf 87' lang='lat' dir='ltr'><strong>liunt</strong></span> 
     </span>
     <span class='ocr_line' id='line_1_6' title="bbox 206 615 1245 692; baseline -0.008 -14"><span class='ocrx_word' id='word_1_31' title='bbox 206 626 296 678; x_wconf 88' lang='lat' dir='ltr'><strong>etiam</strong></span> <span class='ocrx_word' id='word_1_32' title='bbox 310 621 345 677; x_wconf 91' lang='lat' dir='ltr'><strong>dc</strong></span> <span class='ocrx_word' id='word_1_33' title='bbox 359 619 589 677; x_wconf 72' lang='lat' dir='ltr'><strong>correctionibus</strong></span> <span class='ocrx_word' id='word_1_34' title='bbox 603 635 722 690; x_wconf 90' lang='lat' dir='ltr'><strong>eorum,</strong></span> <span class='ocrx_word' id='word_1_35' title='bbox 747 635 821 692; x_wconf 83' lang='lat' dir='ltr'><strong>quae</strong></span> <span class='ocrx_word' id='word_1_36' title='bbox 839 617 954 690; x_wconf 88' lang='lat' dir='ltr'><strong>piorum</strong></span> <span class='ocrx_word' id='word_1_37' title='bbox 974 615 1091 670; x_wconf 88' lang='lat' dir='ltr'><strong>animas</strong></span> <span class='ocrx_word' id='word_1_38' title='bbox 1105 623 1192 672; x_wconf 89' lang='lat' dir='ltr'><strong>tanta</strong></span> <span class='ocrx_word' id='word_1_39' title='bbox 1203 617 1245 671; x_wconf 94' lang='lat' dir='ltr'><strong>iu-</strong></span> 
     </span>
     <span class='ocr_line' id='line_1_7' title="bbox 207 695 1244 777; baseline -0.007 -16"><span class='ocrx_word' id='word_1_40' title='bbox 207 706 356 761; x_wconf 83' lang='lat' dir='ltr'><strong>canditate</strong></span> <span class='ocrx_word' id='word_1_41' title='bbox 369 699 564 777; x_wconf 86' lang='lat' dir='ltr'><strong>perfundunt,</strong></span> <span class='ocrx_word' id='word_1_42' title='bbox 591 703 708 776; x_wconf 84' lang='lat' dir='ltr'><strong>quantis</strong></span> <span class='ocrx_word' id='word_1_43' title='bbox 722 699 868 757; x_wconf 88' lang='lat' dir='ltr'><strong>doloribus</strong></span> <span class='ocrx_word' id='word_1_44' title='bbox 883 698 919 753; x_wconf 93' lang='lat' dir='ltr'><strong>de</strong></span> <span class='ocrx_word' id='word_1_45' title='bbox 933 715 985 754; x_wconf 88' lang='lat' dir='ltr'><strong>sua</strong></span> <span class='ocrx_word' id='word_1_46' title='bbox 996 695 1172 770; x_wconf 78' lang='lat' dir='ltr'><strong>perditione</strong></span> <span class='ocrx_word' id='word_1_47' title='bbox 1184 715 1244 754; x_wconf 90' lang='lat' dir='ltr'><strong>cro-</strong></span> 
     </span>
     <span class='ocr_line' id='line_1_8' title="bbox 207 781 1245 854; baseline -0.01 -10"><span class='ocrx_word' id='word_1_48' title='bbox 207 789 371 846; x_wconf 84' lang='lat' dir='ltr'><strong>ciaverunt.</strong></span> <span class='ocrx_word' id='word_1_49' title='bbox 394 781 445 840; x_wconf 84' lang='lat' dir='ltr'><strong>Sic</strong></span> <span class='ocrx_word' id='word_1_50' title='bbox 458 784 490 838; x_wconf 91' lang='lat' dir='ltr'><strong>in</strong></span> <span class='ocrx_word' id='word_1_51' title='bbox 502 781 561 838; x_wconf 88' lang='lat' dir='ltr'><strong>hoo</strong></span> <span class='ocrx_word' id='word_1_52' title='bbox 572 785 699 854; x_wconf 84' lang='lat' dir='ltr'><strong>saeculo,</strong></span> <span class='ocrx_word' id='word_1_53' title='bbox 713 785 745 839; x_wconf 93' lang='lat' dir='ltr'><strong>in</strong></span> <span class='ocrx_word' id='word_1_54' title='bbox 758 781 804 838; x_wconf 89' lang='lat' dir='ltr'><strong>his</strong></span> <span class='ocrx_word' id='word_1_55' title='bbox 819 781 918 836; x_wconf 86' lang='lat' dir='ltr'><strong>diebus</strong></span> <span class='ocrx_word' id='word_1_56' title='bbox 933 781 1033 850; x_wconf 87' lang='lat' dir='ltr'><strong>malis,</strong></span> <span class='ocrx_word' id='word_1_57' title='bbox 1047 797 1111 838; x_wconf 88' lang='lat' dir='ltr'><strong>non</strong></span> <span class='ocrx_word' id='word_1_58' title='bbox 1126 781 1245 836; x_wconf 85' lang='lat' dir='ltr'><strong>soluma</strong></span> 
     </span>
     <span class='ocr_line' id='line_1_9' title="bbox 206 860 1244 944; baseline -0.01 -18"><span class='ocrx_word' id='word_1_59' title='bbox 206 880 336 944; x_wconf 89' lang='lat' dir='ltr'><strong>tempore</strong></span> <span class='ocrx_word' id='word_1_60' title='bbox 350 865 510 940; x_wconf 89' lang='lat' dir='ltr'><strong>corporalis</strong></span> <span class='ocrx_word' id='word_1_61' title='bbox 524 867 708 940; x_wconf 85' lang='lat' dir='ltr'><strong>praesentiae</strong></span> <span class='ocrx_word' id='word_1_62' title='bbox 720 863 830 922; x_wconf 84' lang='lat' dir='ltr'><strong>Christi</strong></span> <span class='ocrx_word' id='word_1_63' title='bbox 843 873 872 919; x_wconf 90' lang='lat' dir='ltr'><strong>et</strong></span> <span class='ocrx_word' id='word_1_64' title='bbox 885 863 1091 936; x_wconf 77' lang='lat' dir='ltr'><strong>Apostolorum</strong></span> <span class='ocrx_word' id='word_1_65' title='bbox 1109 864 1186 933; x_wconf 88' lang='lat' dir='ltr'><strong>eius,</strong></span> <span class='ocrx_word' id='word_1_66' title='bbox 1199 860 1244 918; x_wconf 89' lang='lat' dir='ltr'><strong>sed</strong></span> 
     </span>
     <span class='ocr_line' id='line_1_10' title="bbox 207 943 1245 1025; baseline -0.008 -18"><span class='ocrx_word' id='word_1_67' title='bbox 207 954 242 1008; x_wconf 89' lang='lat' dir='ltr'><strong>ab</strong></span> <span class='ocrx_word' id='word_1_68' title='bbox 262 953 326 1025; x_wconf 88' lang='lat' dir='ltr'><strong>ipso</strong></span> <span class='ocrx_word' id='word_1_69' title='bbox 340 948 428 1018; x_wconf 82' lang='lat' dir='ltr'><strong>Abel,</strong></span> <span class='ocrx_word' id='word_1_70' title='bbox 454 965 540 1023; x_wconf 89' lang='lat' dir='ltr'><strong>qoem</strong></span> <span class='ocrx_word' id='word_1_71' title='bbox 558 948 683 1020; x_wconf 88' lang='lat' dir='ltr'><strong>primum</strong></span> <span class='ocrx_word' id='word_1_72' title='bbox 702 949 812 1003; x_wconf 86' lang='lat' dir='ltr'><strong>iustum</strong></span> <span class='ocrx_word' id='word_1_73' title='bbox 831 947 937 1021; x_wconf 87' lang='lat' dir='ltr'><strong>impius</strong></span> <span class='ocrx_word' id='word_1_74' title='bbox 956 943 1047 1000; x_wconf 82' lang='lat' dir='ltr'><strong>frater</strong></span> <span class='ocrx_word' id='word_1_75' title='bbox 1066 945 1192 1016; x_wconf 89' lang='lat' dir='ltr'><strong>occidit,</strong></span> <span class='ocrx_word' id='word_1_76' title='bbox 1219 953 1245 999; x_wconf 89' lang='lat' dir='ltr'><strong>et</strong></span> 
     </span>
     <span class='ocr_line' id='line_1_11' title="bbox 208 1028 1244 1106; baseline -0.009 -17"><span class='ocrx_word' id='word_1_77' title='bbox 208 1032 344 1106; x_wconf 77' lang='lat' dir='ltr'><strong>deinceps</strong></span> <span class='ocrx_word' id='word_1_78' title='bbox 370 1047 464 1106; x_wconf 85' lang='lat' dir='ltr'><strong>usque</strong></span> <span class='ocrx_word' id='word_1_79' title='bbox 486 1031 518 1085; x_wconf 92' lang='lat' dir='ltr'><strong>in</strong></span> <span class='ocrx_word' id='word_1_80' title='bbox 539 1028 626 1086; x_wconf 89' lang='lat' dir='ltr'><strong>huius</strong></span> <span class='ocrx_word' id='word_1_81' title='bbox 650 1031 760 1086; x_wconf 88' lang='lat' dir='ltr'><strong>saeculi</strong></span> <span class='ocrx_word' id='word_1_82' title='bbox 782 1029 888 1099; x_wconf 89' lang='lat' dir='ltr'><strong>finem,</strong></span> <span class='ocrx_word' id='word_1_83' title='bbox 921 1029 1000 1084; x_wconf 87' lang='lat' dir='ltr'><strong>inter</strong></span> <span class='ocrx_word' id='word_1_84' title='bbox 1026 1029 1244 1102; x_wconf 84' lang='lat' dir='ltr'><strong>persecutiones</strong></span> 
     </span>
     <span class='ocr_line' id='line_1_12' title="bbox 208 1109 1207 1190; baseline -0.008 -18"><span class='ocrx_word' id='word_1_85' title='bbox 208 1114 309 1172; x_wconf 88' lang='lat' dir='ltr'><strong>mundi</strong></span> <span class='ocrx_word' id='word_1_86' title='bbox 322 1122 351 1170; x_wconf 92' lang='lat' dir='ltr'><strong>et</strong></span> <span class='ocrx_word' id='word_1_87' title='bbox 365 1113 582 1170; x_wconf 76' lang='lat' dir='ltr'><strong>consolationes</strong></span> <span class='ocrx_word' id='word_1_88' title='bbox 596 1111 655 1170; x_wconf 91' lang='lat' dir='ltr'><strong>Dci</strong></span> <span class='ocrx_word' id='word_1_89' title='bbox 671 1111 888 1190; x_wconf 84' lang='lat' dir='ltr'><strong>peregrinando</strong></span> <span class='ocrx_word' id='word_1_90' title='bbox 900 1111 1049 1186; x_wconf 87' lang='lat' dir='ltr'><strong>procurrit</strong></span> <span class='ocrx_word' id='word_1_91' title='bbox 1061 1109 1207 1166; x_wconf 82' lang='lat' dir='ltr'><strong>Ecclesia.</strong></span> 
     </span>
    </p>
   </div>
   <div class='ocr_carea' id='block_1_3' title="bbox 601 1227 852 1286">
    <p class='ocr_par' dir='ltr' id='par_1_3' title="bbox 601 1227 852 1286">
     <span class='ocr_line' id='line_1_13' title="bbox 601 1227 852 1286; baseline -0.016 0"><span class='ocrx_word' id='word_1_92' title='bbox 601 1227 723 1286; x_wconf 85' lang='lat' dir='ltr'><strong>CAP.</strong></span> <span class='ocrx_word' id='word_1_93' title='bbox 766 1227 852 1285; x_wconf 83' lang='lat' dir='ltr'><strong>Lll.</strong></span> 
     </span>
    </p>
   </div>
   <div class='ocr_carea' id='block_1_4' title="bbox 146 1305 1264 3844">
    <p class='ocr_par' dir='ltr' id='par_1_4' title="bbox 210 1305 1248 1516">
     <span class='ocr_line' id='line_1_14' title="bbox 210 1305 1248 1377; baseline -0.008 -14"><span class='ocrx_word' id='word_1_94' title='bbox 210 1308 483 1372; x_wconf 80' lang='lat' dir='ltr'><strong>Ancredcndumsc&#39;t,</strong></span> <span class='ocrx_word' id='word_1_95' title='bbox 502 1308 690 1377; x_wconf 80' lang='lat' dir='ltr'><strong>quodquidam</strong></span> <span class='ocrx_word' id='word_1_96' title='bbox 697 1315 812 1376; x_wconf 82' lang='lat' dir='ltr'><strong>putant,</strong></span> <span class='ocrx_word' id='word_1_97' title='bbox 831 1305 949 1374; x_wconf 79' lang='lat' dir='ltr'><strong>impletio</strong></span> <span class='ocrx_word' id='word_1_98' title='bbox 960 1305 1248 1372; x_wconf 76' lang='lat' dir='ltr'><strong>decempcrsecetc&#39;oai·</strong></span> 
     </span>
     <span class='ocr_line' id='line_1_15' title="bbox 211 1373 1248 1450; baseline -0.005 -20"><span class='ocrx_word' id='word_1_99' title='bbox 211 1381 258 1431; x_wconf 82' lang='lat' dir='ltr'><strong>tus</strong></span> <span class='ocrx_word' id='word_1_100' title='bbox 272 1395 340 1448; x_wconf 83' lang='lat' dir='ltr'><strong>quac</strong></span> <span class='ocrx_word' id='word_1_101' title='bbox 356 1379 491 1450; x_wconf 74' lang='lat' dir='ltr'><strong>ficerunt,</strong></span> <span class='ocrx_word' id='word_1_102' title='bbox 511 1380 612 1430; x_wconf 81' lang='lat' dir='ltr'><strong>nullam</strong></span> <span class='ocrx_word' id='word_1_103' title='bbox 631 1393 780 1445; x_wconf 80' lang='lat' dir='ltr'><strong>superesse,</strong></span> <span class='ocrx_word' id='word_1_104' title='bbox 796 1385 910 1443; x_wconf 80' lang='lat' dir='ltr'><strong>praeter</strong></span> <span class='ocrx_word' id='word_1_105' title='bbox 928 1373 1109 1437; x_wconf 80' lang='lat' dir='ltr'><strong>undecimam,</strong></span> <span class='ocrx_word' id='word_1_106' title='bbox 1132 1390 1203 1442; x_wconf 83' lang='lat' dir='ltr'><strong>quae</strong></span> <span class='ocrx_word' id='word_1_107' title='bbox 1222 1374 1248 1425; x_wconf 83' lang='lat' dir='ltr'><strong>ia</strong></span> 
     </span>
     <span class='ocr_line' id='line_1_16' title="bbox 459 1443 994 1516; baseline -0.009 -18"><span class='ocrx_word' id='word_1_108' title='bbox 459 1447 518 1516; x_wconf 80' lang='lat' dir='ltr'><strong>ipso</strong></span> <span class='ocrx_word' id='word_1_109' title='bbox 529 1445 694 1500; x_wconf 64' lang='lat' dir='ltr'><strong>antichristi</strong></span> <span class='ocrx_word' id='word_1_110' title='bbox 704 1455 821 1513; x_wconf 85' lang='lat' dir='ltr'><strong>tempore</strong></span> <span class='ocrx_word' id='word_1_111' title='bbox 835 1443 874 1495; x_wconf 85' lang='lat' dir='ltr'><strong>sit</strong></span> <span class='ocrx_word' id='word_1_112' title='bbox 882 1443 994 1516; x_wconf 81' lang='lat' dir='ltr'><strong>futore.</strong></span> 
     </span>
    </p>

    <p class='ocr_par' dir='ltr' id='par_1_5' title="bbox 207 1530 1264 3098">
     <span class='ocr_line' id='line_1_17' title="bbox 270 1530 1247 1608; baseline -0.003 -18"><span class='ocrx_word' id='word_1_113' title='bbox 270 1533 402 1590; x_wconf 84' lang='lat' dir='ltr'><strong>Proinde</strong></span> <span class='ocrx_word' id='word_1_114' title='bbox 420 1555 458 1592; x_wconf 90' lang='lat' dir='ltr'><strong>ne</strong></span> <span class='ocrx_word' id='word_1_115' title='bbox 476 1534 550 1591; x_wconf 93' lang='lat' dir='ltr'><strong>illud</strong></span> <span class='ocrx_word' id='word_1_116' title='bbox 568 1533 685 1608; x_wconf 88' lang='lat' dir='ltr'><strong>quidem</strong></span> <span class='ocrx_word' id='word_1_117' title='bbox 698 1545 808 1590; x_wconf 91' lang='lat' dir='ltr'><strong>temere</strong></span> <span class='ocrx_word' id='word_1_118' title='bbox 821 1542 891 1608; x_wconf 92' lang='lat' dir='ltr'><strong>puto</strong></span> <span class='ocrx_word' id='word_1_119' title='bbox 906 1551 970 1588; x_wconf 88' lang='lat' dir='ltr'><strong>esso</strong></span> <span class='ocrx_word' id='word_1_120' title='bbox 985 1530 1163 1602; x_wconf 88' lang='lat' dir='ltr'><strong>dicendum,</strong></span> <span class='ocrx_word' id='word_1_121' title='bbox 1189 1534 1247 1588; x_wconf 83' lang='lat' dir='ltr'><strong>sire</strong></span> 
     </span>
     <span class='ocr_line' id='line_1_18' title="bbox 210 1609 1247 1690; baseline -0.003 -18"><span class='ocrx_word' id='word_1_122' title='bbox 210 1609 398 1687; x_wconf 82' lang='lat' dir='ltr'><strong>credendum,</strong></span> <span class='ocrx_word' id='word_1_123' title='bbox 413 1616 491 1690; x_wconf 86' lang='lat' dir='ltr'><strong>quod</strong></span> <span class='ocrx_word' id='word_1_124' title='bbox 504 1617 653 1672; x_wconf 78' lang='lat' dir='ltr'><strong>nonnullis</strong></span> <span class='ocrx_word' id='word_1_125' title='bbox 666 1620 831 1687; x_wconf 73' lang='lat' dir='ltr'><strong>cicumeat,</strong></span> <span class='ocrx_word' id='word_1_126' title='bbox 850 1617 898 1671; x_wconf 86' lang='lat' dir='ltr'><strong>vel</strong></span> <span class='ocrx_word' id='word_1_127' title='bbox 910 1613 1035 1684; x_wconf 85' lang='lat' dir='ltr'><strong>videtur,</strong></span> <span class='ocrx_word' id='word_1_128' title='bbox 1049 1631 1111 1669; x_wconf 92' lang='lat' dir='ltr'><strong>non</strong></span> <span class='ocrx_word' id='word_1_129' title='bbox 1126 1616 1247 1688; x_wconf 87' lang='lat' dir='ltr'><strong>amplius</strong></span> 
     </span>
     <span class='ocr_line' id='line_1_19' title="bbox 209 1693 1246 1773; baseline -0.003 -18"><span class='ocrx_word' id='word_1_130' title='bbox 209 1697 375 1756; x_wconf 88' lang='lat' dir='ltr'><strong>Ecclesiam</strong></span> <span class='ocrx_word' id='word_1_131' title='bbox 386 1715 539 1771; x_wconf 86' lang='lat' dir='ltr'><strong>passuram</strong></span> <span class='ocrx_word' id='word_1_132' title='bbox 550 1701 770 1770; x_wconf 84' lang='lat' dir='ltr'><strong>persecutiones</strong></span> <span class='ocrx_word' id='word_1_133' title='bbox 783 1715 874 1773; x_wconf 90' lang='lat' dir='ltr'><strong>usquc</strong></span> <span class='ocrx_word' id='word_1_134' title='bbox 888 1697 925 1754; x_wconf 90' lang='lat' dir='ltr'><strong>od</strong></span> <span class='ocrx_word' id='word_1_135' title='bbox 936 1706 1047 1770; x_wconf 89' lang='lat' dir='ltr'><strong>tempus</strong></span> <span class='ocrx_word' id='word_1_136' title='bbox 1061 1693 1246 1766; x_wconf 85' lang='lat' dir='ltr'><strong>Antichristi,</strong></span> 
     </span>
     <span class='ocr_line' id='line_1_20' title="bbox 209 1778 1246 1855; baseline 0 -21"><span class='ocrx_word' id='word_1_137' title='bbox 209 1797 295 1855; x_wconf 83' lang='lat' dir='ltr'><strong>quarn</strong></span> <span class='ocrx_word' id='word_1_138' title='bbox 308 1787 379 1853; x_wconf 91' lang='lat' dir='ltr'><strong>quot</strong></span> <span class='ocrx_word' id='word_1_139' title='bbox 391 1780 452 1836; x_wconf 86' lang='lat' dir='ltr'><strong>iarn</strong></span> <span class='ocrx_word' id='word_1_140' title='bbox 465 1797 552 1852; x_wconf 84' lang='lat' dir='ltr'><strong>passa</strong></span> <span class='ocrx_word' id='word_1_141' title='bbox 564 1788 619 1850; x_wconf 88' lang='lat' dir='ltr'><strong>est,</strong></span> <span class='ocrx_word' id='word_1_142' title='bbox 633 1779 663 1835; x_wconf 93' lang='lat' dir='ltr'><strong>id</strong></span> <span class='ocrx_word' id='word_1_143' title='bbox 677 1790 731 1850; x_wconf 87' lang='lat' dir='ltr'><strong>est,</strong></span> <span class='ocrx_word' id='word_1_144' title='bbox 745 1781 856 1852; x_wconf 86' lang='lat' dir='ltr'><strong>decem,</strong></span> <span class='ocrx_word' id='word_1_145' title='bbox 875 1790 909 1836; x_wconf 93' lang='lat' dir='ltr'><strong>ut</strong></span> <span class='ocrx_word' id='word_1_146' title='bbox 921 1779 1074 1836; x_wconf 90' lang='lat' dir='ltr'><strong>undecima</strong></span> <span class='ocrx_word' id='word_1_147' title='bbox 1088 1778 1246 1854; x_wconf 81' lang='lat' dir='ltr'><strong>eademque</strong></span> 
     </span>
     <span class='ocr_line' id='line_1_21' title="bbox 209 1859 1245 1940; baseline 0 -22"><span class='ocrx_word' id='word_1_148' title='bbox 209 1862 371 1919; x_wconf 90' lang='lat' dir='ltr'><strong>novissima</strong></span> <span class='ocrx_word' id='word_1_149' title='bbox 385 1861 424 1916; x_wconf 87' lang='lat' dir='ltr'><strong>sit</strong></span> <span class='ocrx_word' id='word_1_150' title='bbox 437 1861 472 1918; x_wconf 85' lang='lat' dir='ltr'><strong>al</strong></span> <span class='ocrx_word' id='word_1_151' title='bbox 483 1859 673 1940; x_wconf 86' lang='lat' dir='ltr'><strong>Antichristo.</strong></span> <span class='ocrx_word' id='word_1_152' title='bbox 687 1861 815 1919; x_wconf 88' lang='lat' dir='ltr'><strong>Primam</strong></span> <span class='ocrx_word' id='word_1_153' title='bbox 828 1865 934 1939; x_wconf 89' lang='lat' dir='ltr'><strong>quippo</strong></span> <span class='ocrx_word' id='word_1_154' title='bbox 948 1871 1118 1936; x_wconf 90' lang='lat' dir='ltr'><strong>computant</strong></span> <span class='ocrx_word' id='word_1_155' title='bbox 1130 1863 1245 1920; x_wconf 87' lang='lat' dir='ltr'><strong>aNero·</strong></span> 
     </span>
     <span class='ocr_line' id='line_1_22' title="bbox 210 1941 1246 2019; baseline 0 -19"><span class='ocrx_word' id='word_1_156' title='bbox 210 1963 249 2000; x_wconf 88' lang='lat' dir='ltr'><strong>nc</strong></span> <span class='ocrx_word' id='word_1_157' title='bbox 263 1961 336 2019; x_wconf 88' lang='lat' dir='ltr'><strong>quae</strong></span> <span class='ocrx_word' id='word_1_158' title='bbox 349 1941 427 2002; x_wconf 81' lang='lat' dir='ltr'><strong>facta</strong></span> <span class='ocrx_word' id='word_1_159' title='bbox 440 1953 501 2012; x_wconf 88' lang='lat' dir='ltr'><strong>est,</strong></span> <span class='ocrx_word' id='word_1_160' title='bbox 526 1943 685 2001; x_wconf 86' lang='lat' dir='ltr'><strong>secundam</strong></span> <span class='ocrx_word' id='word_1_161' title='bbox 697 1963 715 2000; x_wconf 83' lang='lat' dir='ltr'><strong>a</strong></span> <span class='ocrx_word' id='word_1_162' title='bbox 728 1945 914 2018; x_wconf 82' lang='lat' dir='ltr'><strong>Domitiano,</strong></span> <span class='ocrx_word' id='word_1_163' title='bbox 939 1964 956 2001; x_wconf 88' lang='lat' dir='ltr'><strong>a</strong></span> <span class='ocrx_word' id='word_1_164' title='bbox 969 1944 1098 2001; x_wconf 88' lang='lat' dir='ltr'><strong>Traiano</strong></span> <span class='ocrx_word' id='word_1_165' title='bbox 1119 1947 1246 2014; x_wconf 78' lang='lat' dir='ltr'><strong>tertiam,</strong></span> 
     </span>
     <span class='ocr_line' id='line_1_23' title="bbox 210 2025 1246 2104; baseline 0.002 -22"><span class='ocrx_word' id='word_1_166' title='bbox 210 2035 343 2102; x_wconf 81' lang='lat' dir='ltr'><strong>quartam</strong></span> <span class='ocrx_word' id='word_1_167' title='bbox 355 2027 391 2083; x_wconf 85' lang='lat' dir='ltr'><strong>ab</strong></span> <span class='ocrx_word' id='word_1_168' title='bbox 404 2026 565 2099; x_wconf 82' lang='lat' dir='ltr'><strong>Antonino,</strong></span> <span class='ocrx_word' id='word_1_169' title='bbox 590 2045 607 2082; x_wconf 92' lang='lat' dir='ltr'><strong>a</strong></span> <span class='ocrx_word' id='word_1_170' title='bbox 621 2025 732 2085; x_wconf 86' lang='lat' dir='ltr'><strong>Severo</strong></span> <span class='ocrx_word' id='word_1_171' title='bbox 747 2030 894 2104; x_wconf 81' lang='lat' dir='ltr'><strong>quintam,</strong></span> <span class='ocrx_word' id='word_1_172' title='bbox 918 2038 1032 2084; x_wconf 84' lang='lat' dir='ltr'><strong>sextam</strong></span> <span class='ocrx_word' id='word_1_173' title='bbox 1044 2045 1062 2083; x_wconf 86' lang='lat' dir='ltr'><strong>a</strong></span> <span class='ocrx_word' id='word_1_174' title='bbox 1073 2025 1246 2096; x_wconf 74' lang='lat' dir='ltr'><strong>Maximino,</strong></span> 
     </span>
     <span class='ocr_line' id='line_1_24' title="bbox 210 2109 1245 2190; baseline 0.002 -26"><span class='ocrx_word' id='word_1_175' title='bbox 210 2128 227 2164; x_wconf 90' lang='lat' dir='ltr'><strong>a</strong></span> <span class='ocrx_word' id='word_1_176' title='bbox 242 2109 335 2166; x_wconf 90' lang='lat' dir='ltr'><strong>Decio</strong></span> <span class='ocrx_word' id='word_1_177' title='bbox 348 2111 510 2186; x_wconf 87' lang='lat' dir='ltr'><strong>septimam,</strong></span> <span class='ocrx_word' id='word_1_178' title='bbox 522 2120 664 2190; x_wconf 35' lang='lat' dir='ltr'><strong>*octavam</strong></span> <span class='ocrx_word' id='word_1_179' title='bbox 678 2129 695 2168; x_wconf 88' lang='lat' dir='ltr'><strong>a</strong></span> <span class='ocrx_word' id='word_1_180' title='bbox 708 2111 880 2184; x_wconf 85' lang='lat' dir='ltr'><strong>Valeriano,</strong></span> <span class='ocrx_word' id='word_1_181' title='bbox 904 2111 939 2168; x_wconf 86' lang='lat' dir='ltr'><strong>ab</strong></span> <span class='ocrx_word' id='word_1_182' title='bbox 952 2111 1113 2168; x_wconf 89' lang='lat' dir='ltr'><strong>Aureliano</strong></span> <span class='ocrx_word' id='word_1_183' title='bbox 1131 2130 1245 2178; x_wconf 88' lang='lat' dir='ltr'><strong>nonam,</strong></span> 
     </span>
     <span class='ocr_line' id='line_1_25' title="bbox 210 2192 1246 2273; baseline 0.002 -25"><span class='ocrx_word' id='word_1_184' title='bbox 210 2192 351 2250; x_wconf 86' lang='lat' dir='ltr'><strong>decimam</strong></span> <span class='ocrx_word' id='word_1_185' title='bbox 364 2212 381 2250; x_wconf 89' lang='lat' dir='ltr'><strong>a</strong></span> <span class='ocrx_word' id='word_1_186' title='bbox 395 2192 581 2251; x_wconf 85' lang='lat' dir='ltr'><strong>Diocletiano</strong></span> <span class='ocrx_word' id='word_1_187' title='bbox 595 2203 626 2250; x_wconf 89' lang='lat' dir='ltr'><strong>et</strong></span> <span class='ocrx_word' id='word_1_188' title='bbox 637 2193 827 2252; x_wconf 80' lang='lat' dir='ltr'><strong>Maximiano.</strong></span> <span class='ocrx_word' id='word_1_189' title='bbox 862 2193 969 2273; x_wconf 87' lang='lat' dir='ltr'><strong>Plages</strong></span> <span class='ocrx_word' id='word_1_190' title='bbox 988 2196 1067 2250; x_wconf 88' lang='lat' dir='ltr'><strong>enim</strong></span> <span class='ocrx_word' id='word_1_191' title='bbox 1086 2194 1246 2272; x_wconf 76' lang='lat' dir='ltr'><strong>Aegyptio·</strong></span> 
     </span>
     <span class='ocr_line' id='line_1_26' title="bbox 208 2277 1247 2352; baseline 0.002 -22"><span class='ocrx_word' id='word_1_192' title='bbox 208 2293 289 2344; x_wconf 88' lang='lat' dir='ltr'><strong>rum,</strong></span> <span class='ocrx_word' id='word_1_193' title='bbox 314 2278 454 2350; x_wconf 86' lang='lat' dir='ltr'><strong>quoniam</strong></span> <span class='ocrx_word' id='word_1_194' title='bbox 467 2277 568 2332; x_wconf 89' lang='lat' dir='ltr'><strong>decem</strong></span> <span class='ocrx_word' id='word_1_195' title='bbox 586 2277 721 2348; x_wconf 86' lang='lat' dir='ltr'><strong>fuerunt,</strong></span> <span class='ocrx_word' id='word_1_196' title='bbox 744 2287 813 2334; x_wconf 88' lang='lat' dir='ltr'><strong>ante</strong></span> <span class='ocrx_word' id='word_1_197' title='bbox 827 2295 912 2352; x_wconf 87' lang='lat' dir='ltr'><strong>quam</strong></span> <span class='ocrx_word' id='word_1_198' title='bbox 924 2277 993 2333; x_wconf 92' lang='lat' dir='ltr'><strong>inde</strong></span> <span class='ocrx_word' id='word_1_199' title='bbox 1006 2278 1090 2332; x_wconf 84' lang='lat' dir='ltr'><strong>exire</strong></span> <span class='ocrx_word' id='word_1_200' title='bbox 1102 2279 1247 2352; x_wconf 80' lang='lat' dir='ltr'><strong>inciperet</strong></span> 
     </span>
     <span class='ocr_line' id='line_1_27' title="bbox 208 2357 1247 2432; baseline 0.001 -20"><span class='ocrx_word' id='word_1_201' title='bbox 208 2358 331 2430; x_wconf 86' lang='lat' dir='ltr'><strong>populus</strong></span> <span class='ocrx_word' id='word_1_202' title='bbox 347 2357 403 2413; x_wconf 91' lang='lat' dir='ltr'><strong>Dei</strong></span> <span class='ocrx_word' id='word_1_203' title='bbox 407 2395 417 2425; x_wconf 91' lang='lat'>‚</span> <span class='ocrx_word' id='word_1_204' title='bbox 443 2367 565 2432; x_wconf 85' lang='lat' dir='ltr'><strong>putant,</strong></span> <span class='ocrx_word' id='word_1_205' title='bbox 589 2358 626 2414; x_wconf 86' lang='lat' dir='ltr'><strong>ad</strong></span> <span class='ocrx_word' id='word_1_206' title='bbox 639 2357 717 2416; x_wconf 89' lang='lat' dir='ltr'><strong>hunc</strong></span> <span class='ocrx_word' id='word_1_207' title='bbox 731 2362 912 2416; x_wconf 87' lang='lat' dir='ltr'><strong>intellectum</strong></span> <span class='ocrx_word' id='word_1_208' title='bbox 925 2377 989 2416; x_wconf 85' lang='lat' dir='ltr'><strong>esse</strong></span> <span class='ocrx_word' id='word_1_209' title='bbox 1003 2359 1192 2431; x_wconf 80' lang='lat' dir='ltr'><strong>referendas,</strong></span> <span class='ocrx_word' id='word_1_210' title='bbox 1218 2371 1247 2415; x_wconf 88' lang='lat' dir='ltr'><strong>nt</strong></span> 
     </span>
     <span class='ocr_line' id='line_1_28' title="bbox 209 2439 1247 2516; baseline 0.001 -21"><span class='ocrx_word' id='word_1_211' title='bbox 209 2439 370 2496; x_wconf 83' lang='lat' dir='ltr'><strong>novissima</strong></span> <span class='ocrx_word' id='word_1_212' title='bbox 383 2439 559 2497; x_wconf 88' lang='lat' dir='ltr'><strong>Antichristi</strong></span> <span class='ocrx_word' id='word_1_213' title='bbox 582 2445 762 2516; x_wconf 89' lang='lat' dir='ltr'><strong>persecutio,</strong></span> <span class='ocrx_word' id='word_1_214' title='bbox 789 2443 894 2499; x_wconf 87' lang='lat' dir='ltr'><strong>similis</strong></span> <span class='ocrx_word' id='word_1_215' title='bbox 918 2442 1051 2500; x_wconf 84' lang='lat' dir='ltr'><strong>videatur</strong></span> <span class='ocrx_word' id='word_1_216' title='bbox 1075 2443 1247 2500; x_wconf 77' lang='lat' dir='ltr'><strong>undecimae</strong></span> 
     </span>
     <span class='ocr_line' id='line_1_29' title="bbox 208 2523 1246 2602; baseline 0.006 -26"><span class='ocrx_word' id='word_1_217' title='bbox 208 2523 322 2600; x_wconf 79' lang='lat' dir='ltr'><strong>plagae,</strong></span> <span class='ocrx_word' id='word_1_218' title='bbox 336 2540 394 2598; x_wconf 88' lang='lat' dir='ltr'><strong>qna</strong></span> <span class='ocrx_word' id='word_1_219' title='bbox 407 2523 563 2602; x_wconf 82' lang='lat' dir='ltr'><strong>Aegyptii,</strong></span> <span class='ocrx_word' id='word_1_220' title='bbox 582 2523 651 2580; x_wconf 88' lang='lat' dir='ltr'><strong>dum</strong></span> <span class='ocrx_word' id='word_1_221' title='bbox 663 2523 810 2582; x_wconf 87' lang='lat' dir='ltr'><strong>hostiliter</strong></span> <span class='ocrx_word' id='word_1_222' title='bbox 823 2534 1070 2602; x_wconf 82' lang='lat' dir='ltr'><strong>persequerentur</strong></span> <span class='ocrx_word' id='word_1_223' title='bbox 1083 2524 1246 2594; x_wconf 86' lang='lat' dir='ltr'><strong>Hebraeos,</strong></span> 
     </span>
     <span class='ocr_line' id='line_1_30' title="bbox 209 2606 1264 2683; baseline 0.005 -23"><span class='ocrx_word' id='word_1_224' title='bbox 209 2606 240 2661; x_wconf 91' lang='lat' dir='ltr'><strong>in</strong></span> <span class='ocrx_word' id='word_1_225' title='bbox 253 2607 328 2661; x_wconf 85' lang='lat' dir='ltr'><strong>meri</strong></span> <span class='ocrx_word' id='word_1_226' title='bbox 341 2606 430 2663; x_wconf 81' lang='lat' dir='ltr'><strong>rubro</strong></span> <span class='ocrx_word' id='word_1_227' title='bbox 441 2609 548 2682; x_wconf 93' lang='lat' dir='ltr'><strong>populo</strong></span> <span class='ocrx_word' id='word_1_228' title='bbox 558 2606 616 2663; x_wconf 89' lang='lat' dir='ltr'><strong>Dei</strong></span> <span class='ocrx_word' id='word_1_229' title='bbox 627 2625 680 2681; x_wconf 91' lang='lat' dir='ltr'><strong>per</strong></span> <span class='ocrx_word' id='word_1_230' title='bbox 693 2609 803 2664; x_wconf 87' lang='lat' dir='ltr'><strong>siccum</strong></span> <span class='ocrx_word' id='word_1_231' title='bbox 816 2618 989 2665; x_wconf 86' lang='lat' dir='ltr'><strong>transeunte</strong></span> <span class='ocrx_word' id='word_1_232' title='bbox 1001 2610 1167 2683; x_wconf 90' lang='lat' dir='ltr'><strong>perierunt.</strong></span> <span class='ocrx_word' id='word_1_233' title='bbox 1192 2607 1247 2665; x_wconf 87' lang='lat' dir='ltr'><strong>Sed</strong></span> <span class='ocrx_word' id='word_1_234' title='bbox 1263 2621 1264 2658; x_wconf 57' lang='grc' dir='ltr'><strong>ἑ</strong></span> 
     </span>
     <span class='ocr_line' id='line_1_31' title="bbox 210 2689 1247 2768; baseline 0.004 -26"><span class='ocrx_word' id='word_1_235' title='bbox 210 2706 267 2765; x_wconf 87' lang='lat' dir='ltr'><strong>ego</strong></span> <span class='ocrx_word' id='word_1_236' title='bbox 282 2689 332 2744; x_wconf 89' lang='lat' dir='ltr'><strong>illa</strong></span> <span class='ocrx_word' id='word_1_237' title='bbox 346 2707 378 2744; x_wconf 92' lang='lat' dir='ltr'><strong>re</strong></span> <span class='ocrx_word' id='word_1_238' title='bbox 392 2699 476 2768; x_wconf 88' lang='lat' dir='ltr'><strong>gesta</strong></span> <span class='ocrx_word' id='word_1_239' title='bbox 489 2691 521 2746; x_wconf 93' lang='lat' dir='ltr'><strong>in</strong></span> <span class='ocrx_word' id='word_1_240' title='bbox 536 2691 683 2767; x_wconf 84' lang='lat' dir='ltr'><strong>Aegypto,</strong></span> <span class='ocrx_word' id='word_1_241' title='bbox 706 2692 776 2746; x_wconf 87' lang='lat' dir='ltr'><strong>istas</strong></span> <span class='ocrx_word' id='word_1_242' title='bbox 790 2694 1009 2766; x_wconf 90' lang='lat' dir='ltr'><strong>persecutiones</strong></span> <span class='ocrx_word' id='word_1_243' title='bbox 1023 2689 1198 2766; x_wconf 85' lang='lat' dir='ltr'><strong>prophetice</strong></span> <span class='ocrx_word' id='word_1_244' title='bbox 1212 2693 1247 2747; x_wconf 89' lang='lat' dir='ltr'><strong>si·</strong></span> 
     </span>
     <span class='ocr_line' id='line_1_32' title="bbox 208 2770 1245 2849; baseline 0.004 -23"><span class='ocrx_word' id='word_1_245' title='bbox 208 2770 363 2847; x_wconf 82' lang='lat' dir='ltr'><strong>gnificatas</strong></span> <span class='ocrx_word' id='word_1_246' title='bbox 383 2791 448 2828; x_wconf 90' lang='lat' dir='ltr'><strong>esse</strong></span> <span class='ocrx_word' id='word_1_247' title='bbox 473 2791 534 2829; x_wconf 91' lang='lat' dir='ltr'><strong>non</strong></span> <span class='ocrx_word' id='word_1_248' title='bbox 547 2773 689 2829; x_wconf 89' lang='lat' dir='ltr'><strong>arbitror:</strong></span> <span class='ocrx_word' id='word_1_249' title='bbox 718 2776 849 2849; x_wconf 86' lang='lat' dir='ltr'><strong>quamvis</strong></span> <span class='ocrx_word' id='word_1_250' title='bbox 863 2775 898 2830; x_wconf 86' lang='lat' dir='ltr'><strong>ab</strong></span> <span class='ocrx_word' id='word_1_251' title='bbox 912 2777 972 2845; x_wconf 88' lang='lat' dir='ltr'><strong>eis,</strong></span> <span class='ocrx_word' id='word_1_252' title='bbox 997 2777 1047 2849; x_wconf 91' lang='lat' dir='ltr'><strong>qui</strong></span> <span class='ocrx_word' id='word_1_253' title='bbox 1060 2773 1119 2831; x_wconf 93' lang='lat' dir='ltr'><strong>hoc</strong></span> <span class='ocrx_word' id='word_1_254' title='bbox 1132 2785 1245 2849; x_wconf 83' lang='lat' dir='ltr'><strong>putant,</strong></span> 
     </span>
     <span class='ocr_line' id='line_1_33' title="bbox 209 2855 1264 2935; baseline 0.009 -29"><span class='ocrx_word' id='word_1_255' title='bbox 209 2855 356 2926; x_wconf 86' lang='lat' dir='ltr'><strong>exquisite</strong></span> <span class='ocrx_word' id='word_1_256' title='bbox 376 2863 405 2909; x_wconf 87' lang='lat' dir='ltr'><strong>et</strong></span> <span class='ocrx_word' id='word_1_257' title='bbox 424 2855 580 2930; x_wconf 88' lang='lat' dir='ltr'><strong>ingeniose</strong></span> <span class='ocrx_word' id='word_1_258' title='bbox 599 2856 650 2912; x_wconf 88' lang='lat' dir='ltr'><strong>ills</strong></span> <span class='ocrx_word' id='word_1_259' title='bbox 667 2857 784 2933; x_wconf 82' lang='lat' dir='ltr'><strong>singula</strong></span> <span class='ocrx_word' id='word_1_260' title='bbox 802 2856 848 2913; x_wconf 85' lang='lat' dir='ltr'><strong>his</strong></span> <span class='ocrx_word' id='word_1_261' title='bbox 867 2858 992 2935; x_wconf 81' lang='lat' dir='ltr'><strong>singulis</strong></span> <span class='ocrx_word' id='word_1_262' title='bbox 1012 2867 1182 2932; x_wconf 86' lang='lat' dir='ltr'><strong>comparate</strong></span> <span class='ocrx_word' id='word_1_263' title='bbox 1205 2859 1264 2916; x_wconf 46' lang='lat' dir='ltr'><strong>ri-¹</strong></span> 
     </span>
     <span class='ocr_line' id='line_1_34' title="bbox 208 2933 1264 3011; baseline 0.006 -23"><span class='ocrx_word' id='word_1_264' title='bbox 208 2933 344 3005; x_wconf 88' lang='lat' dir='ltr'><strong>deantur,</strong></span> <span class='ocrx_word' id='word_1_265' title='bbox 364 2953 425 2991; x_wconf 90' lang='lat' dir='ltr'><strong>non</strong></span> <span class='ocrx_word' id='word_1_266' title='bbox 438 2935 607 3009; x_wconf 90' lang='lat' dir='ltr'><strong>prophetico</strong></span> <span class='ocrx_word' id='word_1_267' title='bbox 620 2935 749 3011; x_wconf 85' lang='lat' dir='ltr'><strong>Spiritu,</strong></span> <span class='ocrx_word' id='word_1_268' title='bbox 776 2939 827 2995; x_wconf 89' lang='lat' dir='ltr'><strong>sed</strong></span> <span class='ocrx_word' id='word_1_269' title='bbox 841 2941 1010 2996; x_wconf 87' lang='lat' dir='ltr'><strong>coniectura</strong></span> <span class='ocrx_word' id='word_1_270' title='bbox 1023 2941 1133 2995; x_wconf 87' lang='lat' dir='ltr'><strong>mentis</strong></span> <span class='ocrx_word' id='word_1_271' title='bbox 1146 2937 1246 2996; x_wconf 85' lang='lat' dir='ltr'><strong>huma·</strong></span> <span class='ocrx_word' id='word_1_272' title='bbox 1263 2975 1264 2994; x_wconf 50' lang='grc' dir='ltr'>ι</span> 
     </span>
     <span class='ocr_line' id='line_1_35' title="bbox 207 3017 1163 3098; baseline 0.007 -28"><span class='ocrx_word' id='word_1_273' title='bbox 207 3033 274 3085; x_wconf 86' lang='lat' dir='ltr'><strong>nae,</strong></span> <span class='ocrx_word' id='word_1_274' title='bbox 289 3033 362 3088; x_wconf 88' lang='lat' dir='ltr'><strong>quae</strong></span> <span class='ocrx_word' id='word_1_275' title='bbox 376 3017 532 3092; x_wconf 86' lang='lat' dir='ltr'><strong>aliquando</strong></span> <span class='ocrx_word' id='word_1_276' title='bbox 545 3019 582 3074; x_wconf 86' lang='lat' dir='ltr'><strong>ad</strong></span> <span class='ocrx_word' id='word_1_277' title='bbox 594 3037 697 3076; x_wconf 81' lang='lat' dir='ltr'><strong>rerum</strong></span> <span class='ocrx_word' id='word_1_278' title='bbox 709 3025 853 3096; x_wconf 85' lang='lat' dir='ltr'><strong>pervenit,</strong></span> <span class='ocrx_word' id='word_1_279' title='bbox 867 3021 1024 3098; x_wconf 88' lang='lat' dir='ltr'><strong>aliquando</strong></span> <span class='ocrx_word' id='word_1_280' title='bbox 1038 3022 1163 3080; x_wconf 85' lang='lat' dir='ltr'><strong>fallitur.</strong></span> 
     </span>
    </p>

    <p class='ocr_par' dir='ltr' id='par_1_6' title="bbox 146 3097 1264 3844">
     <span class='ocr_line' id='line_1_36' title="bbox 268 3097 1244 3180; baseline 0.008 -28"><span class='ocrx_word' id='word_1_281' title='bbox 268 3097 344 3162; x_wconf 76' lang='lat' dir='ltr'><strong>Quid</strong></span> <span class='ocrx_word' id='word_1_282' title='bbox 358 3100 452 3170; x_wconf 90' lang='lat' dir='ltr'><strong>enirn,</strong></span> <span class='ocrx_word' id='word_1_283' title='bbox 477 3103 528 3175; x_wconf 88' lang='lat' dir='ltr'><strong>qui</strong></span> <span class='ocrx_word' id='word_1_284' title='bbox 540 3099 596 3158; x_wconf 92' lang='lat' dir='ltr'><strong>hoc</strong></span> <span class='ocrx_word' id='word_1_285' title='bbox 609 3105 750 3176; x_wconf 87' lang='lat' dir='ltr'><strong>sentiunt,</strong></span> <span class='ocrx_word' id='word_1_286' title='bbox 776 3105 884 3162; x_wconf 86' lang='lat' dir='ltr'><strong>dicturi</strong></span> <span class='ocrx_word' id='word_1_287' title='bbox 897 3115 967 3161; x_wconf 89' lang='lat' dir='ltr'><strong>sunt</strong></span> <span class='ocrx_word' id='word_1_288' title='bbox 980 3106 1016 3161; x_wconf 87' lang='lat' dir='ltr'><strong>de</strong></span> <span class='ocrx_word' id='word_1_289' title='bbox 1028 3107 1244 3180; x_wconf 83' lang='lat' dir='ltr'><strong>persecutione,</strong></span> 
     </span>
     <span class='ocr_line' id='line_1_37' title="bbox 206 3180 1243 3263; baseline 0.004 -27"><span class='ocrx_word' id='word_1_290' title='bbox 206 3197 264 3254; x_wconf 88' lang='lat' dir='ltr'><strong>qua</strong></span> <span class='ocrx_word' id='word_1_291' title='bbox 276 3181 338 3254; x_wconf 89' lang='lat' dir='ltr'><strong>ipse</strong></span> <span class='ocrx_word' id='word_1_292' title='bbox 351 3180 496 3240; x_wconf 89' lang='lat' dir='ltr'><strong>Dominus</strong></span> <span class='ocrx_word' id='word_1_293' title='bbox 511 3185 667 3242; x_wconf 85' lang='lat' dir='ltr'><strong>crucifixus</strong></span> <span class='ocrx_word' id='word_1_294' title='bbox 681 3184 745 3242; x_wconf 77' lang='lat' dir='ltr'><strong>esti</strong></span> <span class='ocrx_word' id='word_1_295' title='bbox 767 3188 801 3244; x_wconf 92' lang='lat' dir='ltr'><strong>ln</strong></span> <span class='ocrx_word' id='word_1_296' title='bbox 814 3205 871 3263; x_wconf 90' lang='lat' dir='ltr'><strong>quo</strong></span> <span class='ocrx_word' id='word_1_297' title='bbox 886 3207 951 3244; x_wconf 87' lang='lat' dir='ltr'><strong>cam</strong></span> <span class='ocrx_word' id='word_1_298' title='bbox 964 3205 1085 3244; x_wconf 90' lang='lat' dir='ltr'><strong>numero</strong></span> <span class='ocrx_word' id='word_1_299' title='bbox 1099 3184 1243 3262; x_wconf 83' lang='lat' dir='ltr'><strong>posituril</strong></span> 
     </span>
     <span class='ocr_line' id='line_1_38' title="bbox 206 3261 1264 3345; baseline 0.007 -26"><span class='ocrx_word' id='word_1_300' title='bbox 206 3261 240 3320; x_wconf 87' lang='lat' dir='ltr'><strong>Si</strong></span> <span class='ocrx_word' id='word_1_301' title='bbox 254 3271 350 3320; x_wconf 89' lang='lat' dir='ltr'><strong>autem</strong></span> <span class='ocrx_word' id='word_1_302' title='bbox 365 3263 419 3322; x_wconf 87' lang='lat' dir='ltr'><strong>hac</strong></span> <span class='ocrx_word' id='word_1_303' title='bbox 433 3276 555 3341; x_wconf 87' lang='lat' dir='ltr'><strong>excepto</strong></span> <span class='ocrx_word' id='word_1_304' title='bbox 569 3271 740 3325; x_wconf 82' lang='lat' dir='ltr'><strong>existimant</strong></span> <span class='ocrx_word' id='word_1_305' title='bbox 752 3270 992 3344; x_wconf 88' lang='lat' dir='ltr'><strong>computandum,</strong></span> <span class='ocrx_word' id='word_1_306' title='bbox 1018 3280 1161 3345; x_wconf 88' lang='lat' dir='ltr'><strong>tanquam</strong></span> <span class='ocrx_word' id='word_1_307' title='bbox 1179 3273 1244 3326; x_wconf 81' lang='lat' dir='ltr'><strong>illae</strong></span> <span class='ocrx_word' id='word_1_308' title='bbox 1263 3311 1264 3344; x_wconf 56' lang='lat'><strong>,</strong></span> 
     </span>
     <span class='ocr_line' id='line_1_39' title="bbox 205 3347 1264 3429; baseline 0.008 -27"><span class='ocrx_word' id='word_1_309' title='bbox 205 3347 404 3404; x_wconf 88' lang='lat' dir='ltr'><strong>numerandae</strong></span> <span class='ocrx_word' id='word_1_310' title='bbox 418 3350 488 3419; x_wconf 90' lang='lat' dir='ltr'><strong>sint,</strong></span> <span class='ocrx_word' id='word_1_311' title='bbox 509 3367 582 3424; x_wconf 89' lang='lat' dir='ltr'><strong>quae</strong></span> <span class='ocrx_word' id='word_1_312' title='bbox 596 3352 632 3408; x_wconf 86' lang='lat' dir='ltr'><strong>ad</strong></span> <span class='ocrx_word' id='word_1_313' title='bbox 646 3370 749 3426; x_wconf 92' lang='lat' dir='ltr'><strong>corpus</strong></span> <span class='ocrx_word' id='word_1_314' title='bbox 764 3355 925 3428; x_wconf 87' lang='lat' dir='ltr'><strong>pertinent,</strong></span> <span class='ocrx_word' id='word_1_315' title='bbox 939 3372 1000 3409; x_wconf 91' lang='lat' dir='ltr'><strong>non</strong></span> <span class='ocrx_word' id='word_1_316' title='bbox 1014 3371 1071 3429; x_wconf 83' lang='lat' dir='ltr'><strong>qua</strong></span> <span class='ocrx_word' id='word_1_317' title='bbox 1085 3355 1182 3427; x_wconf 86' lang='lat' dir='ltr'><strong>ipsam</strong></span> <span class='ocrx_word' id='word_1_318' title='bbox 1197 3372 1243 3409; x_wconf 84' lang='lat' dir='ltr'><strong>co·</strong></span> <span class='ocrx_word' id='word_1_319' title='bbox 1263 3351 1264 3394; x_wconf 65' lang='lat' dir='ltr'><strong>l</strong></span> 
     </span>
     <span class='ocr_line' id='line_1_40' title="bbox 204 3434 1243 3513; baseline 0.005 -28"><span class='ocrx_word' id='word_1_320' title='bbox 204 3439 256 3504; x_wconf 90' lang='lat' dir='ltr'><strong>put</strong></span> <span class='ocrx_word' id='word_1_321' title='bbox 270 3437 316 3484; x_wconf 92' lang='lat' dir='ltr'><strong>est</strong></span> <span class='ocrx_word' id='word_1_322' title='bbox 329 3434 488 3505; x_wconf 88' lang='lat' dir='ltr'><strong>appetitum</strong></span> <span class='ocrx_word' id='word_1_323' title='bbox 502 3442 533 3487; x_wconf 91' lang='lat' dir='ltr'><strong>et</strong></span> <span class='ocrx_word' id='word_1_324' title='bbox 546 3436 689 3506; x_wconf 80' lang='lat' dir='ltr'><strong>occisum3</strong></span> <span class='ocrx_word' id='word_1_325' title='bbox 716 3435 785 3510; x_wconf 89' lang='lat' dir='ltr'><strong>quid</strong></span> <span class='ocrx_word' id='word_1_326' title='bbox 805 3446 896 3513; x_wconf 89' lang='lat' dir='ltr'><strong>agent</strong></span> <span class='ocrx_word' id='word_1_327' title='bbox 908 3435 943 3492; x_wconf 88' lang='lat' dir='ltr'><strong>de</strong></span> <span class='ocrx_word' id='word_1_328' title='bbox 961 3437 1028 3506; x_wconf 91' lang='lat' dir='ltr'><strong>illa,</strong></span> <span class='ocrx_word' id='word_1_329' title='bbox 1050 3453 1125 3509; x_wconf 89' lang='lat' dir='ltr'><strong>quac</strong></span> <span class='ocrx_word' id='word_1_330' title='bbox 1143 3447 1243 3510; x_wconf 72' lang='lat' dir='ltr'><strong>postca</strong></span> 
     </span>
     <span class='ocr_line' id='line_1_41' title="bbox 205 3509 1243 3594; baseline 0.003 -27"><span class='ocrx_word' id='word_1_331' title='bbox 205 3529 291 3586; x_wconf 90' lang='lat' dir='ltr'><strong>quam</strong></span> <span class='ocrx_word' id='word_1_332' title='bbox 305 3509 437 3570; x_wconf 81' lang='lat' dir='ltr'><strong>Christus</strong></span> <span class='ocrx_word' id='word_1_333' title='bbox 451 3515 603 3572; x_wconf 85' lang='lat' dir='ltr'><strong>adscendit</strong></span> <span class='ocrx_word' id='word_1_334' title='bbox 615 3519 646 3573; x_wconf 94' lang='lat' dir='ltr'><strong>in</strong></span> <span class='ocrx_word' id='word_1_335' title='bbox 660 3520 785 3588; x_wconf 89' lang='lat' dir='ltr'><strong>coelum,</strong></span> <span class='ocrx_word' id='word_1_336' title='bbox 805 3517 1018 3594; x_wconf 84' lang='lat' dir='ltr'><strong>Hierosolymis</strong></span> <span class='ocrx_word' id='word_1_337' title='bbox 1031 3517 1109 3573; x_wconf 83' lang='lat' dir='ltr'><strong>facta</strong></span> <span class='ocrx_word' id='word_1_338' title='bbox 1123 3528 1183 3586; x_wconf 89' lang='lat' dir='ltr'><strong>est,</strong></span> <span class='ocrx_word' id='word_1_339' title='bbox 1197 3517 1243 3572; x_wconf 86' lang='lat' dir='ltr'><strong>uli</strong></span> 
     </span>
     <span class='ocr_line' id='line_1_42' title="bbox 205 3593 1232 3676; baseline 0.005 -28"><span class='ocrx_word' id='word_1_340' title='bbox 205 3595 307 3650; x_wconf 87' lang='lat' dir='ltr'><strong>beatus</strong></span> <span class='ocrx_word' id='word_1_341' title='bbox 317 3593 489 3670; x_wconf 68' lang='lat' dir='ltr'><strong>Stephanus</strong></span> <span class='ocrx_word' id='word_1_342' title='bbox 503 3599 647 3672; x_wconf 87' lang='lat' dir='ltr'><strong>lapidatus</strong></span> <span class='ocrx_word' id='word_1_343' title='bbox 660 3610 720 3672; x_wconf 87' lang='lat' dir='ltr'><strong>est,</strong></span> <span class='ocrx_word' id='word_1_344' title='bbox 743 3601 793 3657; x_wconf 91' lang='lat' dir='ltr'><strong>ubi</strong></span> <span class='ocrx_word' id='word_1_345' title='bbox 808 3599 926 3656; x_wconf 86' lang='lat' dir='ltr'><strong>lacobus</strong></span> <span class='ocrx_word' id='word_1_346' title='bbox 940 3601 1032 3657; x_wconf 88' lang='lat' dir='ltr'><strong>frater</strong></span> <span class='ocrx_word' id='word_1_347' title='bbox 1043 3599 1168 3656; x_wconf 88' lang='lat' dir='ltr'><strong>loannis</strong></span> <span class='ocrx_word' id='word_1_348' title='bbox 1181 3601 1232 3676; x_wconf 78' lang='lat' dir='ltr'><strong>glo</strong></span> 
     </span>
     <span class='ocr_line' id='line_1_43' title="bbox 146 3675 1244 3756; baseline 0.006 -28"><span class='ocrx_word' id='word_1_349' title='bbox 146 3711 150 3717; x_wconf 79' lang='lat'><strong>,</strong></span> <span class='ocrx_word' id='word_1_350' title='bbox 205 3675 252 3728; x_wconf 90' lang='lat' dir='ltr'><strong>dio</strong></span> <span class='ocrx_word' id='word_1_351' title='bbox 266 3677 444 3748; x_wconf 87' lang='lat' dir='ltr'><strong>trucidatus,</strong></span> <span class='ocrx_word' id='word_1_352' title='bbox 467 3681 517 3736; x_wconf 86' lang='lat' dir='ltr'><strong>ubi</strong></span> <span class='ocrx_word' id='word_1_353' title='bbox 530 3681 689 3756; x_wconf 87' lang='lat' dir='ltr'><strong>Apostolus</strong></span> <span class='ocrx_word' id='word_1_354' title='bbox 702 3683 807 3739; x_wconf 89' lang='lat' dir='ltr'><strong>Petrus</strong></span> <span class='ocrx_word' id='word_1_355' title='bbox 821 3693 854 3739; x_wconf 93' lang='lat' dir='ltr'><strong>ut</strong></span> <span class='ocrx_word' id='word_1_356' title='bbox 869 3683 1050 3740; x_wconf 90' lang='lat' dir='ltr'><strong>occideretur</strong></span> <span class='ocrx_word' id='word_1_357' title='bbox 1062 3682 1201 3738; x_wconf 85' lang='lat' dir='ltr'><strong>inclusos</strong></span> <span class='ocrx_word' id='word_1_358' title='bbox 1216 3691 1244 3736; x_wconf 83' lang='lat' dir='ltr'><strong>et</strong></span> 
     </span>
     <span class='ocr_line' id='line_1_44' title="bbox 204 3755 1230 3844; baseline 0.01 -36"><span class='ocrx_word' id='word_1_359' title='bbox 204 3773 255 3827; x_wconf 91' lang='lat' dir='ltr'><strong>por</strong></span> <span class='ocrx_word' id='word_1_360' title='bbox 268 3757 413 3833; x_wconf 86' lang='lat' dir='ltr'><strong>Angelum</strong></span> <span class='ocrx_word' id='word_1_361' title='bbox 427 3761 583 3834; x_wconf 88' lang='lat' dir='ltr'><strong>liberatus,</strong></span> <span class='ocrx_word' id='word_1_362' title='bbox 608 3765 658 3820; x_wconf 88' lang='lat' dir='ltr'><strong>ubi</strong></span> <span class='ocrx_word' id='word_1_363' title='bbox 669 3766 765 3844; x_wconf 83' lang='lat' dir='ltr'><strong>fugati</strong></span> <span class='ocrx_word' id='word_1_364' title='bbox 779 3755 1002 3841; x_wconf 50' lang='lat' dir='ltr'><strong>atque&#39;dispcrsi</strong></span> <span class='ocrx_word' id='word_1_365' title='bbox 1015 3765 1051 3820; x_wconf 92' lang='lat' dir='ltr'><strong>dc</strong></span> <span class='ocrx_word' id='word_1_366' title='bbox 1063 3761 1230 3838; x_wconf 84' lang='lat' dir='ltr'><strong>Hierosoly</strong></span> 
     </span>
    </p>
   </div>
   <div class='ocr_carea' id='block_1_5' title="bbox 205 3837 1241 3923">
    <p class='ocr_par' dir='ltr' id='par_1_7' title="bbox 205 3837 1241 3923">
     <span class='ocr_line' id='line_1_45' title="bbox 205 3837 1241 3923; baseline 0.014 -30"><span class='ocrx_word' id='word_1_367' title='bbox 205 3837 258 3893; x_wconf 84' lang='lat' dir='ltr'><strong>mis</strong></span> <span class='ocrx_word' id='word_1_368' title='bbox 273 3837 390 3909; x_wconf 67' lang='lat' dir='ltr'><strong>hames,</strong></span> <span class='ocrx_word' id='word_1_369' title='bbox 404 3841 454 3897; x_wconf 83' lang='lat' dir='ltr'><strong>ubi</strong></span> <span class='ocrx_word' id='word_1_370' title='bbox 466 3841 590 3916; x_wconf 86' lang='lat' dir='ltr'><strong>Saulus,</strong></span> <span class='ocrx_word' id='word_1_371' title='bbox 605 3848 656 3922; x_wconf 88' lang='lat' dir='ltr'><strong>qui</strong></span> <span class='ocrx_word' id='word_1_372' title='bbox 667 3859 770 3922; x_wconf 90' lang='lat' dir='ltr'><strong>postea</strong></span> <span class='ocrx_word' id='word_1_373' title='bbox 782 3848 889 3904; x_wconf 89' lang='lat' dir='ltr'><strong>Paulus</strong></span> <span class='ocrx_word' id='word_1_374' title='bbox 902 3849 1059 3923; x_wconf 82' lang='lat' dir='ltr'><strong>Apostolus</strong></span> <span class='ocrx_word' id='word_1_375' title='bbox 1072 3843 1172 3902; x_wconf 83' lang='lat' dir='ltr'><strong>factus</strong></span> <span class='ocrx_word' id='word_1_376' title='bbox 1186 3855 1241 3908; x_wconf 61' lang='lat'><strong>0⁸⁸·</strong></span> 
     </span>
    </p>
   </div>
   <div class='ocr_carea' id='block_1_6' title="bbox 0 0 1274 4392">
    <p class='ocr_par' dir='ltr' id='par_1_8' title="bbox 0 0 1274 4392">
     <span class='ocr_line' id='line_1_46' title="bbox 0 0 1274 4392; baseline 0 0"><span class='ocrx_word' id='word_1_377' title='bbox 0 0 1274 4392; x_wconf 95' lang='lat' dir='ltr'><strong> </strong></span> 
     </span>
    </p>
   </div>
  </div>
 </body>
</html>
