2590 4396
230 200 287 256 nc
455 191 553 252 ntus
573 165 763 256 nv'nsen
786 149 1044 250 svavsrsus

642 339 763 397 CAP.
807 338 848 394 X.

342 421 577 476 necennensium
588 419 722 472 bominum
732 419 825 488 aliqua
836 419 987 472 dominetur
998 415 1150 474 necessitas.

290 509 375 572 Vnde
389 533 445 570 nec
459 515 509 570 illa
523 511 684 569 necessitas
698 507 882 567 formidanda
896 517 955 581 est,
981 527 1068 584 quam
1081 509 1265 570 formidando

228 601 323 658 Stoici
336 598 542 656 laboraverunt
556 611 661 652 causas
673 611 773 650 rerum
788 594 831 650 ita
849 590 1050 670 distinguere,
1075 604 1108 649 ut
1126 595 1266 668 quasdam

217 681 434 742 subtraherent
445 678 627 752 necessitati,
642 675 781 751 quasdam
794 675 968 734 subderent:
987 685 1074 752 atquc
1088 678 1120 732 in
1131 676 1177 734 his
1192 697 1264 753 quas

228 786 293 824 csse
307 763 359 820 sub
373 763 558 838 necessitate
565 762 734 832 noluerunt,
751 767 914 834 posuerunt
927 761 1015 818 etiam
1028 769 1144 816 nostras
1157 764 1265 818 volun-

227 859 314 919 tates,
328 843 513 903 nevidelicet
521 862 582 900 non
594 852 695 900 essent
707 843 828 914 liberae,
843 844 869 898 si
879 842 1074 900 subderentur
1085 847 1265 900 necessitati.

227 934 261 989 Sl
275 931 354 988 enim
368 929 529 986 necessitas
543 937 644 984 nostra
658 929 708 983 illa
719 925 843 985 dicenda
857 934 912 998 est,
926 943 999 1002 quae
1007 945 1066 983 nen
1074 929 1156 984 estin
1165 937 1266 984 nostra

225 1021 382 1090 potestate,
396 1011 546 1068 sedetiam
560 1011 586 1068 si
599 1013 736 1082 nolimus,
750 1009 840 1068 efficit
853 1009 929 1085 quod
941 1018 1048 1085 potest,
1063 1013 1139 1068 sicut
1153 1020 1198 1066 est
1212 1030 1265 1067 nc-

226 1097 349 1154 cessitas
360 1096 479 1166 mortis3
493 1093 683 1152 manifestum
693 1101 739 1149 est
749 1095 917 1152 voluntates
929 1102 1056 1164 nostras,
1068 1093 1173 1168 quibus
1184 1103 1267 1149 recte

225 1183 274 1237 vel
286 1197 439 1254 perperam
451 1179 573 1248 vivitur,
587 1177 641 1234 sub
656 1177 708 1234 tali
721 1177 899 1234 necessitate
913 1194 973 1234 non
984 1193 1058 1232 esse.
1080 1175 1173 1232 Multa
1187 1179 1268 1232 enirn

227 1265 364 1333 facimus,
384 1280 459 1338 quae
474 1263 500 1318 si
512 1263 673 1332 nollemus,
693 1278 754 1319 nou
767 1260 870 1335 utique
885 1259 1056 1316 faceremus.
1084 1259 1149 1324 Quo
1162 1260 1267 1333 prinsi-

226 1357 273 1404 tus
287 1347 418 1420 pertinet
432 1346 527 1420 ipsum
539 1347 629 1402 velle:
644 1361 712 1400 nam
726 1343 752 1400 si
763 1345 909 1414 velumus,
923 1349 984 1412 est3
1003 1341 1029 1396 si
1042 1343 1189 1412 nolumus,
1204 1361 1267 1398 nen

227 1442 286 1488 est:
301 1447 362 1484 nen
376 1429 456 1484 enirn
468 1429 621 1498 vellemus,
634 1427 661 1482 si
670 1427 823 1484 nollemus.
837 1424 872 1482 Si
882 1433 980 1482 autem
990 1425 1040 1482 illa
1051 1423 1191 1481 definitur
1200 1444 1267 1482 esse

227 1512 405 1581 necessitas,
432 1509 591 1566 secundum
605 1527 692 1583 quam
709 1508 832 1566 dicimus
846 1526 967 1565 neccsse
982 1525 1046 1564 esse
1059 1515 1093 1563 ut
1104 1509 1147 1563 itu
1159 1509 1199 1564 sit
1210 1510 1266 1564 nli-

227 1593 307 1669 quid,
321 1593 369 1648 vel
382 1593 424 1648 ita
437 1590 502 1662 fiat3
516 1593 617 1648 nescio
632 1608 685 1646 cus
697 1609 762 1648 cem
771 1592 936 1660 timcmaus,
951 1609 989 1650 ne
1002 1591 1087 1646 nebia
1099 1589 1268 1648 libertatern

227 1676 343 1734 auferat
354 1675 527 1732 voluntatis.
566 1671 671 1749 Neque
684 1675 763 1730 enim
777 1682 807 1730 ct
821 1674 912 1730 vitam
927 1671 985 1728 Dei
999 1682 1029 1730 et
1040 1675 1267 1748 praescientiam

227 1758 285 1818 Dei
299 1757 353 1814 sub
369 1757 548 1817 necessitate
564 1757 715 1831 ponimus,
743 1756 770 1812 si
789 1753 920 1814 dicamus
941 1775 1065 1814 necesse
1085 1774 1150 1814 esse
1169 1756 1266 1813 Deum

227 1859 342 1916 semper
354 1841 468 1911 vivere,
481 1849 511 1905 ct
524 1848 630 1898 cuncta
642 1840 807 1914 praescire:
832 1839 909 1896 sicut
923 1857 978 1898 nee
989 1848 1118 1914 potestas
1132 1841 1195 1896 eius
1209 1843 1264 1896 mi-

227 1925 339 1996 nuitur,
360 1941 426 1978 cum
439 1923 547 1983 dicitur
559 1923 637 1978 mori
649 1922 769 1998 fallique
782 1940 843 1980 nen
855 1939 950 1996 passe.
977 1920 1028 1979 sic
1042 1923 1121 1980 enim
1133 1921 1189 1980 bec
1204 1943 1265 1980 non

225 2017 332 2083 petest,
342 2015 376 2062 ut
384 2007 493 2081 petius,
504 2007 530 2062 si
539 2013 651 2079 posset,
662 2007 785 2065 mineris
796 2014 875 2062 esset
885 2006 987 2081 utique
997 2007 1160 2082 potestatis.
1171 2005 1266 2064 Recte

225 2093 333 2166 quippe
347 2091 533 2163 omnipotens
547 2089 674 2160 dicitur,
698 2089 749 2164 qui
762 2097 861 2148 tamen
874 2090 949 2148 meri
963 2098 993 2146 et
1005 2088 1067 2146 falli
1081 2107 1142 2146 non
1155 2100 1264 2165 petest.

226 2173 346 2230 Dicitur
370 2173 449 2228 enim
471 2173 657 2246 omnipotens
682 2171 819 2228 faciendo
843 2171 921 2246 qued
943 2173 1020 2244 vult,
1042 2191 1104 2230 nen
1125 2173 1266 2248 patiendo

194 2290 196 2296 ι
226 2256 454 2330 quodncnvult:
470 2255 547 2330 qued
554 2255 614 2310 cisi
621 2253 779 2326 accideret,
791 2271 975 2330 nequaquam
982 2264 1061 2312 esset
1069 2257 1266 2330 amnipotens.

226 2337 310 2394 Vnde
322 2345 478 2414 propterea
491 2337 633 2413 quaedam
646 2357 707 2394 nen
720 2331 916 2414 petest,'quia
929 2339 1112 2412 omnipotens
1127 2347 1180 2394 est.
1214 2338 1267 2396 Sic

226 2423 315 2478 etiam
329 2439 396 2478 cum
410 2419 543 2492 dicimus,
570 2439 693 2477 necesse
709 2439 785 2492 esse,
811 2429 845 2476 ut
857 2438 924 2478 cum
936 2422 1081 2492 velumus,
1104 2419 1197 2478 libere
1211 2442 1266 2479 vc-

226 2507 313 2563 linus
335 2503 471 2576 arbitri03
498 2512 528 2560 et
546 2523 649 2562 verum
670 2505 772 2579 procul
796 2502 883 2562 dubie
908 2503 1048 2577 dicimus,
1071 2513 1103 2560 et
1118 2523 1180 2561 nun
1198 2507 1266 2564 ideo

206 2659 209 2666 Ι
226 2590 321 2664 ipsum
333 2587 459 2646 liberum
472 2585 628 2652 arbitrium
641 2587 813 2646 necessitati
825 2587 1008 2660 subiieirnus,
1023 2605 1097 2664 quae
1111 2587 1215 2646 adimit
1227 2592 1265 2646 li-

226 2673 377 2730 bertatem.
415 2669 495 2730 Sunt
519 2671 614 2748 igitur
639 2679 758 2728 nestrae
783 2672 968 2743 voluntates,
996 2681 1026 2728 et
1049 2673 1129 2747 ipsae
1150 2671 1267 2730 faciunt

173 2755 175 2759 ’
225 2753 366 2830 quicquid
378 2753 504 2812 volendo
519 2753 654 2826 iacimus,
671 2753 748 2828 quod
763 2773 823 2812 non
836 2754 931 2827 fieret,
946 2757 972 2812 si
982 2757 1134 2814 nollemus.
1172 2757 1265 2825 Quic-

225 2836 295 2912 quid
307 2846 407 2892 autem
419 2837 544 2894 aliorum
556 2835 707 2894 honnaum
718 2839 872 2909 voluntate
886 2840 988 2896 nolens
1005 2840 1128 2914 quisque
1141 2843 1264 2916 patitur,

226 2921 315 2976 etiam
329 2921 371 2976 sic
385 2920 521 2976 voluntas
535 2921 630 2992 valet;
656 2921 712 2981 etsi
733 2939 794 2979 nen
813 2924 891 2982 illius
904 2931 1005 2980 tamen
1015 2922 1143 2982 hominis
1156 2927 1264 2983 sclua-

226 3013 281 3073 tas‚
301 3001 354 3058 sed
366 3010 496 3076 potestas
510 3001 578 3060 Dei.
605 3001 681 3062 Nam
693 3005 720 3063 si
732 3007 868 3064 veluntas
882 3015 1000 3064 tantum
1014 3017 1103 3080 esset,
1126 3027 1180 3064 nec
1194 3027 1264 3083 pes-

225 3095 271 3140 set
281 3083 359 3160 qnod
371 3087 471 3156 vellet,
484 3089 650 3160 potentiore
661 3089 813 3147 voluntate
823 3090 1026 3166 impediretur:
1041 3099 1096 3148 nec
1108 3093 1151 3149 sie
1164 3100 1264 3149 tamen

224 3171 373 3240 veluntas,
400 3169 459 3224 nisi
471 3172 608 3228 veluntas
621 3181 714 3245 esset3
741 3192 796 3232 nec
809 3175 949 3246 alterius,
976 3174 1028 3232 sed
1041 3177 1104 3232 eius
1121 3185 1200 3232 esset
1213 3179 1265 3251 qui

223 3253 395 3323 vellet-etsi
407 3271 469 3310 nen
481 3264 583 3328 posset
593 3257 715 3331 implere
729 3255 805 3331 qued
818 3259 917 3315 vellet·
930 3255 1014 3316 Vnde
1026 3257 1164 3334 quicquid
1177 3278 1264 3333 prce-

223 3345 268 3390 tcr
282 3353 365 3395 suum
377 3338 561 3398 veluntatem
574 3341 685 3414 patiam
697 3337 794 3412 horno,
814 3359 874 3398 nen
886 3340 972 3400 debet
982 3343 1147 3400 retribuere
1159 3341 1265 3399 husae-

223 3421 270 3476 nis
284 3421 332 3476 rel
342 3422 486 3498 angelicis
498 3425 545 3479 vel
557 3424 729 3499 cuiusquam
743 3424 836 3480 creati
849 3427 971 3499 spiritus
984 3426 1198 3498 ‘voluntatibus
1212 3428 1265 3482 scd

223 3505 285 3560 eius
298 3505 396 3577 petius
411 3506 462 3580 qui
476 3505 525 3564 dat
536 3514 713 3579 patestatem
725 3507 902 3566 velantibus.

288 3587 357 3644 Non
372 3606 444 3666 ergo
456 3598 611 3663 prepterea
625 3586 698 3646 nibil
712 3591 801 3646 estin
812 3599 915 3648 nostre
924 3595 1086 3665 voluntate,
1100 3596 1168 3670 quia
1179 3593 1263 3651 Deus

220 3669 380 3742 praescivit
393 3671 464 3745 quid
477 3671 609 3730 futurum
623 3680 702 3728 esset
714 3674 746 3730 in
760 3682 862 3730 nestra
875 3677 1035 3734 voluntate.
1049 3677 1264 3753 Nenenianui

220 3750 275 3808 hcc
288 3754 460 3826 praescivit,
475 3751 548 3810 nihil
561 3756 729 3828 praescivit.
749 3754 842 3815 Parra
856 3758 883 3814 si
895 3760 945 3816 ille
959 3762 1009 3836 qui
1021 3763 1182 3835 praescivit
1193 3763 1262 3839 quid

218 3834 351 3892 futurum
365 3844 443 3890 esset
457 3837 487 3892 in
502 3846 603 3893 nestra
615 3838 779 3911 voluntate,
794 3855 854 3894 nen
872 3843 973 3918 utique
988 3843 1072 3916 nihil,
1086 3843 1138 3900 sed
1152 3831 1262 3921 aliquid
