2602 4416
211 161 248 216 n
433 151 531 210 mvi
556 150 742 214 svaran
766 108 1020 208 svavsrnu

210 305 396 381 superiorem
416 306 498 363 vitae
521 303 645 384 gradum
663 309 783 373 tenent,
810 319 866 358 nec
890 303 1096 380 coniugalibus
1116 305 1260 362 vinculis

211 390 322 446 irretiti
335 397 420 462 sunt,
435 399 466 448 ct
477 391 557 448 victu
571 402 664 458 parvo
678 402 712 441 ac
729 393 902 466 tegpmento
916 394 1054 458 utuntur,
1072 389 1260 464 plerumque

213 491 284 530 suae
298 473 395 530 famae
410 493 445 531 ac
459 471 547 530 saluti
560 469 767 540 consulentes,
792 467 862 524 dum
878 467 1001 525 insidias
1016 478 1105 545 atque
1117 471 1259 544 impetus

212 559 357 614 nsalorum
370 559 491 624 tinient,
518 551 552 607 ab
568 569 671 608 corum
684 549 914 625 reprehensione
928 571 993 608 sese
1003 553 1165 611 abstinent.
1214 553 1260 610 Et

212 643 346 717 quamvis
361 657 421 695 non
436 639 468 692 in
481 642 596 690 tantum
610 653 660 690 cos
678 643 829 705 metuant,
856 644 890 690 ιιι
901 635 938 692 ad
951 637 1059 692 similia
1072 645 1258 710 perpetran-

213 725 249 780 da
264 720 442 798 quibuslibet
456 736 558 774 eorum
571 717 736 772 terroribus
755 725 843 792 atque
869 719 1104 791 improbitatibus
1125 719 1258 776 cedant:

214 826 247 863 ea
261 809 324 876 ipsa
337 811 453 874 tamen,
479 818 554 876 quae
570 819 637 854 cum
652 801 694 854 eis
709 818 770 855 non
783 809 970 874 perpetrant,
997 803 1104 858 nolunt
1116 803 1256 875 plerum-

213 906 269 963 que
283 887 449 958 corripere,
474 882 682 940 confortasse
701 884 818 956 possint
836 885 950 960 aliquos
977 884 1166 958 corripiendo
1184 904 1257 942 cor-

212 972 326 1047 rigere;
352 985 407 1040 ne,
430 968 457 1022 si
482 983 544 1024 non
563 967 732 1039 potuerint,
757 983 812 1022 sua
838 969 918 1024 salus
944 987 978 1025 ae
1003 967 1080 1024 fama
1105 969 1138 1024 in
1169 971 1256 1042 peri·

213 1054 312 1110 culum
340 1051 524 1126 exitiumque
549 1050 726 1122 perveniat:
765 1069 821 1107 nec
849 1069 883 1108 ea
907 1051 1165 1124 consideratione,
1196 1071 1258 1127 qua

213 1153 297 1192 suam
310 1133 418 1190 famam
431 1151 466 1190 ιι
480 1134 606 1190 salutem
618 1132 723 1190 vident
736 1152 801 1190 esse
815 1137 1015 1192 necessariam
1032 1137 1159 1192 utilitati
1182 1153 1254 1191 eru-

212 1217 388 1274 diendorum
399 1215 570 1288 hominum3
597 1215 650 1273 scd
663 1230 698 1274 ee
715 1218 815 1292 potius
834 1219 1025 1292 infirmitate,
1050 1236 1109 1295 quc
1123 1219 1257 1276 delectat

211 1303 315 1380 lingua
340 1299 494 1363 blandiens
514 1309 544 1358 et
568 1299 716 1360 hunuanus
742 1301 822 1374 dies,
850 1311 880 1359 et
907 1301 1141 1362 conformidatur
1167 1303 1257 1379 vulgi

213 1385 355 1441 iudicium
380 1392 410 1438 et
436 1386 535 1440 earnis
563 1387 749 1442 excruciatio
776 1387 825 1443 vel
836 1387 998 1460 peremtio,
1020 1383 1077 1444 hoc
1092 1395 1153 1459 est,
1180 1403 1254 1459 pro-

212 1477 278 1542 pter
305 1465 449 1544 quaedam
476 1466 647 1540 cupiditatis
673 1469 815 1540 vincula,
846 1487 907 1526 non
931 1478 1053 1544 propter
1077 1469 1175 1526 officia
1204 1485 1255 1524 ca-

212 1552 308 1608 ritatis

274 1633 344 1691 Non
359 1632 432 1691 mihi
445 1635 547 1710 itaque
559 1632 680 1690 ridetur
691 1631 766 1688 hacc
779 1651 870 1706 parva
882 1651 948 1690 esse
963 1651 1064 1705 eausa,
1078 1650 1170 1709 quare
1185 1653 1258 1693 eum

213 1719 298 1774 malis
312 1716 502 1796 flagellentur
514 1726 543 1774 ct
556 1717 645 1788 boni,
671 1715 789 1792 quando
804 1715 870 1772 Dco
884 1718 982 1790 placet
1000 1715 1132 1791 perditos
1152 1736 1255 1774 mores

217 1803 306 1858 etiam
318 1803 526 1877 temporalium
538 1817 703 1876 poenarum
716 1797 878 1856 afflictione
893 1801 1010 1874 punire.
1046 1799 1255 1878 Flagellantur

217 1887 296 1942 enim
310 1886 408 1957 simul,
435 1902 496 1942 non
511 1885 580 1959 quia
594 1885 682 1940 simul
695 1891 790 1961 agunt
803 1885 910 1941 malam
924 1885 1032 1957 vitam,
1059 1883 1111 1940 scd
1125 1885 1196 1960 quia
1211 1887 1254 1940 si-

152 2041 153 2045 *
216 1970 278 2024 mul
290 1977 391 2026 amant
404 1969 596 2042 temporalem
609 1967 716 2040 vitam3
742 1985 804 2026 nou
819 1967 938 2043 quidem
951 1969 1126 2044 aequaliter,
1140 1965 1193 2024 sed
1205 1975 1252 2024 ta-

215 2071 284 2108 men
299 2053 400 2108 simul:
428 2051 600 2127 quamboni
619 2058 810 2108 contemnere
824 2051 983 2124 deberent,
1010 2059 1045 2110 ιιι
1057 2053 1102 2109 illi
1121 2053 1253 2125 correpti

217 2144 306 2210 atque
320 2136 449 2190 correcti
463 2143 720 2212 consequerentur
734 2143 900 2192 aeternam:
913 2135 952 2192 ad
965 2153 1053 2212 quam
1066 2151 1250 2210 consequen-

216 2217 281 2274 dam
295 2218 322 2272 si
339 2207 453 2274 nollent
472 2236 538 2274 esse
562 2219 653 2291 socii,
681 2218 834 2276 ferrentur
852 2227 883 2276 et
901 2218 1099 2298 diligerentur
1121 2218 1250 2275 inimici:

214 2301 285 2376 quia
299 2299 393 2356 donec
409 2302 528 2373 vivunt,
553 2319 671 2376 semper
689 2303 840 2360 incertum
864 2312 926 2376 est,
949 2312 1050 2360 utrum
1067 2305 1250 2360 voluntatem

213 2386 274 2439 sint
293 2385 325 2443 in
350 2385 456 2440 melius
475 2387 627 2442 mutaturi.
666 2386 732 2454 Qua
744 2387 777 2442 in
795 2404 828 2441 rc
851 2405 913 2444 non
930 2388 1035 2462 utique
1053 2405 1169 2462 parem,
1196 2381 1249 2440 sed

212 2469 302 2544 longe
336 2469 505 2546 graviorem
535 2467 645 2525 habent
676 2487 818 2540 eausam,
858 2471 965 2546 quibus
991 2487 1045 2543 per
1073 2467 1249 2540 Prophetam

212 2548 336 2608 dicitur:
362 2547 419 2609 Ille
439 2552 553 2629 quidem
566 2553 597 2608 in
611 2569 662 2609 cuo
672 2562 801 2631 peceato
814 2555 970 2623 morietur,
996 2551 1170 2626 sanguinem
1188 2567 1246 2604 au·
1272 2555 1278 2568 ‘

211 2643 270 2692 tem
288 2635 351 2692 cina
371 2635 407 2693 de
425 2653 514 2692 manu
532 2635 732 2711 speculatoris
756 2637 918 2711 requiram.
953 2633 998 2692 Ad
1011 2631 1067 2690 hoc
1084 2631 1163 2688 enim
1180 2646 1246 2702 spe-

212 2719 374 2786 culatores,
387 2715 444 2770 hoc
459 2723 515 2784 est,
527 2717 705 2787 populorum
717 2718 880 2787 praepositi
895 2719 1051 2772 constituti
1065 2723 1136 2770 sunt
1149 2715 1180 2770 in
1187 2711 1244 2769 Ee-

211 2799 331 2868 clesiis,
359 2805 394 2852 ιιι
407 2813 469 2850 non
482 2804 608 2867 pareant
618 2795 804 2871 obiurgando
817 2805 948 2864 peecata.
992 2795 1055 2850 Nec
1070 2795 1136 2850 ideo
1150 2803 1246 2853 tamen

210 2879 244 2936 ab
259 2876 467 2936 huiuscemodi
481 2878 568 2949 culpa
579 2877 699 2949 penitus
713 2877 830 2930 alienus
844 2883 900 2947 est,
915 2877 966 2950 qui
978 2877 1050 2932 lieet
1062 2877 1244 2950 praepositus

209 2962 336 3032 nonsit,
360 2961 450 3016 ineis
466 2968 564 3014 tamen
591 2958 699 3033 quibus
713 2959 793 3014 vitae
812 2955 901 3014 buius
928 2960 1108 3017 necessitate
1123 2961 1243 3016 coniun-

209 3045 304 3122 gitur,
325 3044 423 3114 1ιιιιιΙιιι
435 3040 583 3098 monenda
607 3041 655 3098 vel
675 3039 828 3118 arguenda
854 3043 954 3114 norit,
982 3051 1012 3099 et
1025 3043 1169 3121 negligit,
1195 3041 1243 3098 de-

211 3129 309 3183 vitans
325 3143 428 3181 eorum
441 3121 638 3196 offensiones,
659 3132 781 3199 propter
805 3125 857 3194 illa
876 3126 982 3200 quibus
996 3127 1029 3182 in
1046 3125 1101 3182 hac
1113 3128 1173 3182 vita
1185 3144 1242 3182 non

207 3207 348 3264 indebitis
362 3209 468 3278 utitur,
488 3206 542 3262 sed
554 3209 621 3281 plus
636 3224 725 3282 quam
738 3205 840 3264 debuit
853 3205 1028 3266 delectatur.
1069 3207 1183 3266 Deinde
1192 3207 1239 3264 ha-

207 3291 279 3348 bent
294 3293 514 3348 aliam-causam
526 3290 610 3362 boni,
632 3307 724 3365 quare
737 3293 949 3364 temporalibus
964 3291 1136 3371 affligantur
1146 3293 1239 3362 malis;

209 3377 325 3450 qualem
350 3373 454 3432 habuit
476 3371 541 3431 lob:
569 3382 604 3430 ut
629 3373 686 3429 sibi
711 3375 775 3446 ipse
800 3371 947 3432 humanus
972 3377 1087 3432 ιιιιίιιιιιιι
1114 3375 1153 3430 sit
1175 3391 1239 3446 pro-

207 3457 294 3514 batus
316 3467 346 3514 et
372 3459 530 3536 cognitus,
559 3464 670 3532 quanta
696 3457 810 3514 virtute
829 3461 950 3530 pietatis
970 3460 1064 3536 gratis
1085 3456 1178 3514 Deum
1198 3454 1238 3511 di-

207 3541 283 3617 ligat
