2586 4396
268 175 330 234 DE
354 175 567 236 ctvlusTE
590 181 672 240 DEI
692 183 771 244 ΗΒ.
794 189 883 248 Vlll.
1028 197 1090 256 22⁹

53 329 237 408 theologiae,
263 326 399 384 fabulosa
418 331 549 388 eontinet
562 341 592 388 et
610 334 721 407 civilis,
741 335 899 398 Platonicis
914 341 1088 420 pbilosophis

52 413 170 484 cedant,
195 413 250 487 qui
262 429 366 468 rerum
378 410 484 484 Deum,
497 423 527 470 et
540 433 638 472 rerum
649 428 815 492 auctorem,
835 433 865 480 ιι
877 427 1009 484 veritatis
1022 430 1088 486 illu-

48 507 227 565 stratorem,
253 505 284 550 et
303 493 494 552 beatitudinis
516 499 686 576 largitorem
711 521 776 560 esse
795 504 948 566 dixerunt:
970 509 1090 568 sedulii

47 599 166 657 quoque
179 575 367 654 philosophi,
386 581 436 652 qui
448 584 611 656 corporalia
622 583 744 642 naturae
754 588 899 664 principia
911 593 1026 666 corpori
1039 592 1089 649 de·

47 663 113 721 ditis
128 662 287 718 mentibus
299 661 412 736 opinati
423 673 500 734 sunt,
514 664 619 724 cedant
631 666 676 724 bis
688 672 779 728 tantis
791 681 821 728 et
830 675 906 730 tanti
915 673 974 731 Dei
987 677 1089 754 cogni-

46 748 160 804 toribus
174 747 267 816 viris,
282 753 314 800 ut
326 743 432 802 Thales
447 745 623 822 inhumare,
636 751 832 812 Anaximenes
845 758 878 812 in
891 762 975 830 aire,
995 756 1090 816 Stoici

48 833 79 888 in
93 834 180 910 igne,
195 827 345 903 Epicurus
357 829 390 884 in
403 831 520 902 atomis,
537 829 592 890 boc
606 843 661 907 ιιι,
680 839 883 896 minutissimis
897 824 1088 917 corpusculis,

50 935 119 991 quae
133 933 196 970 nec
213 911 308 970 dividi
320 929 375 970 neo
387 913 493 970 sentiri
505 927 629 991 queunt,
653 928 684 974 et
696 922 862 998 quicunque
874 925 942 995 ulii,
966 942 1089 1000 quorum

49 997 274 1056 enumerationi
292 997 443 1054 immorari
461 1013 522 1056 non
540 1013 586 1056 est
599 1021 734 1076 necesse,
759 1007 823 1064 sive
840 1009 999 1084 simplicia,
1025 1011 1089 1069 sive

48 1085 213 1140 coniuncta
226 1097 362 1153 corpora,
378 1083 440 1138 sive
452 1082 514 1138 vita
527 1087 668 1157 carentia,
688 1089 750 1146 sive
763 1091 904 1162 viventia,
926 1093 978 1149 sed
990 1101 1088 1150 tanuen

49 1183 187 1241 corpora,
202 1182 322 1222 eausam
334 1165 568 1242 principiumque
579 1187 679 1226 rerum
689 1189 754 1228 esse
766 1170 912 1230 dixerunt.
934 1174 1009 1232 Nam
1022 1178 1088 1250 qui-

35 1245 115 1306 'dam
128 1265 236 1304 eorum
249 1265 268 1302 a
279 1248 368 1304 rebus
382 1267 442 1306 non
454 1249 531 1306 vivis
544 1269 592 1306 res
605 1253 689 1310 viras
702 1253 768 1310 lieri
786 1273 873 1329 posse
890 1257 1088 1330 crediderunt,

49 1331 285 1406 sicntEpicurei.
293 1329 641 1399 Quidaasveroavivente
647 1336 763 1410 quidem
768 1339 934 1396 etviveutia
941 1349 970 1395 ιι
977 1359 1037 1396 ιιι
1044 1342 1089 1398 vi·

50 1415 618 1492 ventimsedtauoenacorporecorpora.
628 1417 703 1478 Num
709 1418 803 1478 Stoici
813 1422 1089 1500 ignemidcstmcr·

47 1518 106 1577 pus
123 1517 210 1555 unum
221 1517 261 1556 ex
271 1496 317 1556 bis
332 1508 454 1576 quatuor
469 1501 637 1574 elementis,
653 1503 755 1578 quibus
768 1505 892 1564 visibilis
905 1506 1029 1564 mundus
1042 1505 1090 1564 bic

48 1592 182 1655 constet,
207 1593 238 1640 et
251 1583 418 1656 viventem,
442 1594 471 1640 et
485 1585 657 1660 sapientem,
671 1596 701 1644 et
714 1589 806 1662 ipsius
818 1591 921 1648 mundi
932 1590 1089 1650 fabricato·

49 1683 111 1724 rem
137 1677 228 1744 atque
247 1669 378 1724 omnium
395 1685 468 1743 quae
488 1669 519 1724 in
538 1688 572 1726 ec
591 1679 675 1742 sunt,
701 1691 823 1750 eumque
846 1675 965 1732 omnino
988 1676 1088 1753 ignem

47 1753 136 1810 deum
149 1771 219 1807 esse
231 1760 419 1826 putaverunt.
437 1749 479 1808 Hi
492 1761 522 1808 ιι
531 1756 640 1810 caeteri
653 1757 762 1814 similes
777 1775 877 1816 eorum
888 1759 919 1816 id
930 1760 1024 1818 solum
1038 1779 1087 1816 co-

45 1838 145 1916 gitare
158 1845 339 1911 potuerunt,
364 1834 442 1911 qnod
461 1855 527 1894 eum
546 1839 589 1894 eis
608 1837 695 1896 corda
713 1859 813 1900 corum
832 1842 971 1902 obstricta
990 1845 1087 1900 earnis

45 1919 185 1976 sensibus
200 1918 330 1976 fabulata
344 1929 422 1997 sunt.
441 1918 475 1976 ln
494 1939 526 1976 ιι
543 1924 647 1998 quippe
666 1921 810 1983 habebunt
828 1926 906 2002 quod
927 1944 988 1984 non
1004 1927 1086 1985 vide-

44 2004 127 2075 bant,
142 2013 175 2060 ιι
183 2003 261 2078 apud
270 2023 303 2060 sc
313 2004 549 2082 imaginabantur
563 2005 639 2081 quod
651 2006 723 2064 soris
736 2009 880 2080 viderant,
894 2000 982 2068 etiam
994 2029 1086 2086 quan-

44 2085 79 2146 do
101 2107 168 2146 non
189 2086 342 2159 videbant,
366 2087 417 2144 scd
434 2091 632 2148 tantummodo
652 2092 830 2170 cogitabant.
858 2091 924 2150 Hoc
942 2103 1039 2170 eutem
1056 2095 1088 2152 iu

46 2181 215 2247 conspectu
227 2173 296 2228 talis
311 2171 500 2250 cogitationis
513 2174 572 2230 iam
585 2194 645 2233 non
659 2185 705 2234 est
718 2194 839 2250 corpus,
863 2176 915 2233 sed
928 2177 1087 2234 similitudo

45 2257 195 2331 eorporis.
230 2253 305 2312 lllud
323 2265 422 2313 autem
439 2255 516 2312 unde
534 2258 650 2314 videtur
668 2259 700 2314 in
719 2262 818 2314 animo
836 2259 909 2316 baec
927 2261 1088 2320 similitudo

45 2341 195 2416 corporis,
209 2357 266 2395 nee
278 2358 383 2414 corpus
397 2347 452 2409 est,
466 2359 521 2396 nec
535 2341 694 2398 similitudo
708 2344 855 2417 corporis;
872 2352 903 2400 et
914 2344 992 2403 unde
1004 2345 1087 2402 ride·

47 2433 108 2496 tur,
126 2433 218 2499 atque
232 2432 331 2483 utrum
341 2419 462 2497 pulchro
473 2441 511 2480 an
524 2422 662 2482 deformis
676 2427 715 2483 sit
728 2426 884 2497 iudicatur,
897 2423 1029 2502 prolecto*
1044 2437 1089 2484 ιιι

48 2510 153 2564 melius
175 2525 264 2582 quam
283 2505 348 2581 ipsa
366 2524 439 2582 quae
459 2506 613 2564 iudicatur.
640 2506 723 2564 Haec
742 2527 825 2566 mens
843 2507 971 2568 bominis
991 2521 1020 2567 et
1038 2530 1087 2572 ιι-

49 2593 169 2650 tinnulis
184 2592 302 2648 animae
316 2599 421 2646 natura
434 2599 491 2662 est,
517 2607 590 2664 quac
605 2592 706 2666 ntique
724 2609 829 2665 eorpus
842 2609 902 2648 non
916 2602 974 2664 cst;
993 2595 1020 2648 si
1029 2593 1088 2650 iam

48 2677 100 2734 illa
114 2675 252 2750 corporis
266 2672 437 2745 similitudo,
460 2673 570 2729 cumin
583 2673 680 2729 animo
696 2674 854 2753 cogitantis
867 2673 1029 2749 adspicitur
1042 2686 1087 2732 at·
1169 2687 1183 2710 ··

50 2779 107 2836 que
120 2761 281 2829 indicatur,
294 2775 350 2812 nec
363 2757 427 2831 ipsa
441 2774 548 2832 corpus
562 2766 616 2812 ιιι.
638 2755 705 2814 Νιι
719 2767 765 2815 est
777 2776 848 2836 ergo
861 2769 1020 2832 nanterre,
1033 2779 1088 2816 uec

53 2861 140 2920 aqua,
157 2862 215 2900 nec
229 2846 291 2914 aer,
306 2859 360 2896 nee
373 2842 467 2918 ignis:
492 2839 596 2917 quibus
611 2849 736 2917 quatuor
750 2844 935 2918 corporibus,
955 2862 1029 2920 quae
1042 2843 1087 2901 di·

54 2936 160 2984 cnntnr
178 2935 308 3003 quatuor
328 2925 487 2998 clementa,
520 2923 659 2982 mundum
679 2945 854 3002 ,corporeum
871 2928 1003 2986 ridemus
1022 2948 1088 2988 csse

54 3020 247 3086 compactum.
270 3007 363 3066 Porro
383 3009 410 3063 si
427 3018 527 3066 noster
546 3011 659 3068 animus
680 3029 783 3088 corpus
797 3022 927 3086 nonest,
945 3013 1087 3090 quomodo

52 3095 132 3152 Deus
148 3102 268 3152 creator
282 3091 373 3150 animi
385 3111 490 3169 corpus
505 3089 567 3150 esti
602 3091 715 3152 Cedant
727 3114 799 3175 ergo
813 3106 843 3154 et
856 3099 918 3170 isti,
931 3107 965 3154 ut
977 3097 1087 3158 dietum

52 3189 96 3236 est
108 3178 288 3236 Platonicis:
301 3173 407 3234 cedant
420 3185 449 3234 ιι
460 3178 521 3249 illi,
547 3195 620 3252 quos
634 3176 749 3254 quidem
761 3179 864 3255 puduit
878 3179 977 3238 dicere
990 3181 1087 3240 Densa

51 3282 157 3338 corpus
172 3281 251 3333 csse,
268 3268 469 3318 verumtamen
483 3260 613 3318 eiusdem
626 3271 758 3336 naturae,
781 3265 864 3321 cuius
876 3267 927 3323 ille
940 3274 996 3337 ιιι,
1019 3267 1084 3322 ani·

51 3366 112 3404 mos
124 3355 246 3404 nostros
260 3363 326 3402 esse
337 3352 522 3419 putaverunt.
544 3343 588 3404 lta
600 3365 661 3405 non
675 3365 725 3404 eos
739 3347 832 3405 morit
842 3357 925 3406 tenta
937 3347 1084 3404 mutabili-

51 3439 94 3488 tas
107 3431 244 3501 animae,
268 3446 356 3504 quam
368 3425 427 3484 Dei
441 3437 563 3492 naturae
576 3431 706 3488 tribuere
719 3427 802 3487 nolas
815 3439 868 3487 est.
897 3429 958 3488 Sed
970 3429 1084 3506 dicunt,

52 3513 183 3591 Corpore
194 3522 326 3570 mutatur
339 3513 453 3569 ιιὶιιιι
466 3521 582 3584 notura,
595 3532 663 3570 nam
674 3531 727 3588 per
741 3513 879 3588 seipsam
892 3515 1084 3572 incommuta·

51 3599 117 3655 bilis
132 3608 188 3656 est.
210 3595 354 3656 Poterant
366 3595 417 3652 isti
430 3595 541 3667 dicere,
565 3594 693 3673 Corpore
705 3597 801 3671 aliquo
818 3597 991 3653 vulneratur
1005 3613 1084 3665 caro,

52 3702 119 3738 nam
130 3701 184 3759 per
198 3699 232 3738 se
244 3682 339 3755 ipsam
351 3679 573 3736 invulnerabilis
586 3690 639 3736 est.
674 3678 798 3738 Prorsus
813 3677 894 3754 quod
904 3679 1012 3736 mutari
1025 3697 1084 3738 non

51 3775 161 3841 potest,
185 3766 267 3822 nulla
279 3782 313 3821 re
325 3771 437 3839 potest:
457 3782 491 3822 ac
504 3782 556 3839 per
567 3761 621 3820 boc
635 3762 711 3840 quod
724 3780 846 3840 corpore
859 3763 966 3820 mutari
977 3773 1085 3842 potest,

53 3850 147 3926 aliqua
158 3869 193 3908 re
205 3857 314 3926 potest,
333 3855 364 3906 et
376 3845 442 3904 ideo
455 3847 689 3906 incommutabile
700 3856 781 3904 recte
794 3847 853 3906 diei
866 3865 926 3906 nou
938 3857 1043 3924 potest.
