2586 4396
255 206 319 265 DE
346 201 565 264 ClVl'l'A'l'E
587 202 668 262 DEI
688 202 770 262 ula.
791 202 845 262 vl
1016 209 1072 263 loo

42 361 1061 398 mmmmm-mmmm

248 509 489 583 LIBER
539 508 853 584 SEXTVS.

374 677 735 736 Praefatio

30 781 184 880 Quinque
197 795 402 874 superioribus
415 795 499 853 libris
513 797 585 852 satis
598 795 671 852 mihi
688 794 830 850 adversus
846 812 896 851 eos
912 789 1015 850 videor
1029 791 1073 849 di-

29 897 173 962 sputasse,
187 884 241 958 qui
253 882 363 937 multos
378 877 447 934 deos
461 889 491 934 et
503 879 605 950 falsos,
620 897 692 955 quos
703 881 767 932 esic
779 878 895 933 inutilia
905 877 1074 945 simulacra,

31 973 73 1027 vel
84 966 261 1024 immundos
281 963 402 1038 spiritus
417 971 447 1017 et
463 965 631 1037 perniciosa
647 961 816 1032 daemonia,
835 963 883 1018 vel
896 969 976 1016 certe
991 977 1073 1014 crea-

31 1066 121 1123 turas,
143 1069 208 1107 non
224 1057 390 1104 creatorem
404 1047 515 1102 veritas
529 1043 697 1102 Christiane
710 1045 870 1116 convincit,
897 1052 1016 1117 propter
1028 1043 1074 1098 vi-

31 1149 75 1193 tae
87 1136 180 1192 huius
193 1131 330 1188 mortalis
343 1146 499 1204 rerumque
511 1138 700 1185 terrenarum
718 1129 892 1198 utilitatem,
920 1144 955 1182 eo
968 1125 1029 1180 ritu
1041 1142 1075 1180 sc

31 1222 187 1287 servitute,
200 1232 278 1291 quse
289 1213 403 1270 Graece
412 1205 534 1290 λατρεία
543 1212 663 1283 dicitur,
678 1219 708 1266 et
717 1211 771 1266 uni
782 1227 854 1265 vero
864 1207 929 1266 Deo
943 1207 1076 1276 debetur,

31 1300 218 1362 venerandos
234 1307 265 1354 et
277 1295 414 1352 colendos
426 1303 541 1370 putant.
566 1294 607 1351 Et
620 1295 729 1351 nimiae
742 1292 859 1367 quidem
874 1290 1016 1346 stultitiae
1029 1291 1077 1344 vel

31 1385 228 1462 pertinaciae,
242 1399 298 1437 nec
311 1380 384 1434 istos
398 1380 538 1454 quinque,
552 1397 608 1434 nec
617 1379 692 1434 ullos
703 1377 777 1431 alios
788 1374 1009 1449 quanticunque
1022 1389 1076 1426 nu·

31 1472 103 1526 meri
115 1469 211 1524 libros
226 1466 302 1520 satis
317 1479 380 1517 esse
392 1479 490 1536 posse,
516 1463 582 1536 quis
604 1455 735 1516 nesciatl
763 1457 878 1533 quando
901 1473 936 1510 ea
957 1461 1077 1527 putatur

31 1555 126 1632 gloria
138 1550 302 1618 vanitatis,
329 1546 417 1601 nullis
426 1544 535 1613 ,cedere
552 1545 664 1601 viribus
683 1542 836 1613 veritatis;
861 1541 894 1595 in
916 1538 1077 1614 perniciem

32 1640 130 1713 utique
144 1635 225 1704 eius,
247 1632 296 1688 cui
309 1629 415 1687 vitium
427 1637 487 1685 tarn
500 1629 626 1684 immane
640 1627 816 1683 dominatur.
841 1621 917 1680 Nam
931 1631 961 1677 et
974 1629 1077 1678 contra

35 1739 148 1776 omnem
163 1715 301 1772 curantis
316 1711 514 1790 industriam,¹
524 1729 584 1768 non
596 1713 674 1768 malo
687 1709 810 1780 medici,
836 1705 888 1763 sed
903 1706 1019 1784 aegroti
1031 1706 1092 1768 ins

35 1803 186 1872 sanabilis,
200 1799 321 1854 morbus
334 1797 463 1852 invictus
478 1804 531 1850 est.
558 1793 600 1850 Hi
610 1813 682 1852 vero
696 1794 748 1868 qui
761 1809 796 1847 ea
808 1808 883 1866 quae
895 1791 1009 1866 legunt,
1031 1787 1078 1842 vel

36 1890 96 1943 sine
109 1887 185 1955 ulla,
206 1883 257 1939 vel
270 1898 332 1936 non
345 1897 411 1934 oum
423 1895 531 1954 magua
543 1895 582 1952 ac,
592 1878 683 1934 nisuia
696 1877 807 1932 veteris
823 1874 932 1929 erroris
947 1871 1078 1927 obstina-

36 1974 124 2040 tione,
138 1967 295 2024 intellccta
308 1972 339 2018 et
349 1960 535 2017 considerata
545 1959 741 2035 perpendunt,
755 1958 870 2014 facilius
884 1973 939 2011 nos
953 1955 1010 2009 isto
1024 1969 1079 2008 nu-

37 2073 112 2110 rnero
130 2051 362 2107 terminatorum
381 2045 511 2118 quinque
528 2045 712 2100 volmainum
722 2044 786 2117 plus
800 2057 887 2114 quam
899 2035 1080 2112 quaestionis

38 2140 122 2211 ipsius
135 2133 301 2190 necessitas
315 2127 481 2203 postulabat
494 2127 695 2196 satisfecisse,
709 2143 797 2200 quam
810 2123 907 2176 minus
922 2118 1080 2174 disseruis-

37 2240 66 2275 se
78 2218 274 2284 iudicabunt3
301 2220 452 2286 totamque
464 2209 623 2282 invidiam,
642 2227 730 2283 quam
742 2205 928 2264 Christianae
941 2199 1081 2278 religioni

38 2303 70 2358 de
82 2303 170 2358 huius
183 2301 267 2356 vitae
280 2294 411 2352 cladibus
422 2302 665 2368 terrenarumque
676 2290 857 2348 contritione
869 2305 903 2342 ac
916 2285 1081 2342 mutatione

38 2406 132 2442 rerum
144 2381 282 2456 imperiti
294 2379 394 2434 faeere
404 2387 560 2448 conantur,
575 2394 636 2431 non
647 2377 742 2431 solum
753 2369 1015 2437 dissimulantibus,
1030 2363 1081 2420 sed

39 2479 139 2526 contra
153 2485 240 2522 suam
254 2461 468 2519 conscientiam
485 2459 653 2517 faventibus
674 2477 738 2513 cam
755 2456 848 2510 doctis
854 2492 863 2522 ,
885 2469 959 2526 quos
978 2451 1082 2521 impie·

40 2564 81 2608 tas
96 2569 209 2608 vesana
221 2544 366 2622 possedit,
381 2544 501 2598 omnino
516 2561 581 2597 esse
592 2543 711 2596 inanem
723 2546 824 2592 rectae
836 2532 1025 2609 cogitationis
1037 2539 1082 2583 at-

41 2655 94 2710 que
107 2633 248 2702 rationis,
262 2630 437 2704 plenamque
450 2627 618 2681 levissimae
632 2620 808 2676 temeritatis
823 2625 852 2670 et
865 2610 1083 2688 perniciosissi-

40 2738 104 2774 mae
117 2713 327 2782 animositatis,
341 2709 474 2766 dubitare
488 2725 548 2765 non
561 2712 709 2781 poterunt.

422 2854 637 2918 CllPVT
680 2853 702 2910 1.

42 2963 84 3016 De
94 2932 155 3026 lis,
167 2961 217 3029 qui
232 2961 327 3013 dicum
342 2959 401 3009 deos
416 2974 432 3008 a
448 2973 485 3020 se,
500 2971 553 3007 non
559 2961 676 3022 propter
682 2955 853 3020 praesentem
863 2943 949 2996 os'tam
959 2939 1019 3004 cols',
1040 2937 1087 2990 sed

424 3034 538 3094 propter
553 3031 701 3076 aeternam.

101 3122 192 3180 Nunc
207 3138 281 3197 ergo
295 3117 435 3193 quoniam
454 3115 607 3188 deinceps,
629 3121 663 3168 ut
682 3108 842 3186 promissus
866 3103 938 3161 ordo
962 3100 1085 3175 expetit,

44 3209 129 3263 etiam
141 3203 174 3260 hi
187 3200 347 3260 refellendi
361 3209 391 3254 et
404 3195 529 3254 docendi
543 3205 630 3268 sunt,
657 3195 709 3270 qui
725 3210 786 3248 non
802 3197 922 3264 propter
939 3187 1027 3241 istam
1042 3183 1085 3239 vi·

45 3301 111 3360 tam,
139 3289 192 3344 sed
205 3294 327 3360 propter
340 3284 423 3337 illam
436 3299 510 3357 quae
522 3287 725 3352 postmortem
738 3274 837 3329 lutura
850 3281 904 3342 est,
929 3269 998 3324 deos
1012 3283 1087 3342 gen-

46 3375 126 3443 tium,
144 3387 219 3446 quos
234 3367 404 3425 Christiana
425 3364 532 3440 religio
555 3361 690 3431 destruit,
717 3356 855 3412 colendos
879 3369 942 3408 esse
965 3357 1087 3404 conten-

47 3457 129 3527 dunt;
153 3455 255 3528 placet
268 3467 286 3506 a
297 3443 563 3506 veridieodsaculo
577 3445 673 3500 sancti
686 3440 796 3498 Psalmi
809 3454 922 3492 sumere
937 3429 1089 3487 exordium

48 3536 254 3613 disputationis
282 3549 379 3588 meae:
415 3529 531 3586 Beatus
558 3529 642 3584 cuias
670 3535 716 3584 est
741 3520 885 3578 Dominus
911 3514 994 3571 Deus
1021 3525 1089 3585 spes

48 3625 150 3696 ipsias,
164 3630 268 3678 ernon
282 3615 419 3692 respexit
433 3615 463 3668 s'n
476 3613 640 3680 vanitates,
655 3619 685 3666 et
699 3605 835 3662 insaniae
848 3596 1011 3663 mendaces.
1031 3589 1075 3645 Ve

49 3715 210 3760 rummmen
224 3703 258 3756 in
272 3696 407 3756 omnibus
418 3691 600 3753 vanitatibus
611 3690 793 3761 insaniisque
803 3676 989 3738 mendacibus
1002 3676 1092 3751 longe

51 3787 230 3843 tolerabilius
244 3776 412 3858 philosophi
426 3776 563 3834 audiendi
577 3785 656 3844 sunt,
676 3770 780 3848 quibus
795 3763 1007 3839 displicuerunt
1019 3759 1093 3812 istae

53 3872 201 3944 opiniones
217 3881 393 3939 erroresque
406 3861 590 3938 populorum:
606 3858 653 3933 qui
666 3852 766 3932 populi
777 3847 993 3906 constituerunt
1003 3842 1092 3898 siaru-
