2576 4396
169 251 174 261 .
217 195 279 256 256
441 187 545 252 'DIVI
567 181 749 249 AVRELII
768 177 1017 248 Avuvs'ulm
1051 242 1055 255 ,

219 349 307 404 etism
318 346 418 422 ¹epuiis
430 359 498 402 suos
513 361 548 399 eo
562 339 712 412 deferunt,
731 338 811 415 quod
831 338 953 416 quidem¹
968 359 986 396 e
999 337 1268 402 Christianism-

218 429 341 486 lioribus
354 447 416 486 uon
430 427 479 498 fit,
493 428 564 483 etin
579 426 725 500 plerisque
736 432 880 478 terrorum
892 424 975 480 nulls
987 425 1055 480 tulis
1069 436 1113 482 est
1123 445 1270 485 consue-

217 511 414 584 tud03te1nen
427 511 592 585 quicunque
603 505 634 563 id
646 506 766 578 fuciunt,
779 523 851 582 ques
866 523 932 563 cum
945 509 1140 582 apposuerint,
1151 523 1267 584 crant,

219 604 249 652 et
261 594 409 664 unierunt,
422 602 455 648 ut
465 591 688 659 vescantur,vel
702 607 738 646 ex
752 591 795 645 eis
809 591 898 646 etiem
909 589 1109 668 indigentibus
1119 594 1272 672 largian-

219 687 276 748 tur,
290 676 467 734 sanctificari
478 673 536 731 sibi
550 693 599 730 ens
611 675 777 746 volunttper
789 673 894 730 merite
906 673 1068 750 Martyrum
1081 677 1113 732 in
1130 681 1272 734 nomine

218 756 340 816 Domini
352 751 522 834 Martyrum.
564 757 632 814 Non
654 766 824 818 sutemesse
840 757 900 812 istc
921 757 1065 814 sacrificio
1086 757 1272 836 Martyrum

220 844 317 914 novit,
339 843 389 917 qui
411 842 621 912 neritonum,
644 837 721 916 quod
744 839 831 895 etiem
857 839 920 898 illic
934 838 1056 898 offertur
1075 843 1272 901 sacrificium

220 924 457 983 Christianorum.
981 919 984 927 ’
1013 951 1016 954 ·
1097 947 1099 956 ·

280 1007 341 1070 Nos
366 1010 464 1082 itaque
482 1005 629 1084 Martyres
650 1014 766 1062 nostros
793 1023 846 1062 nee
868 1006 974 1064 divinis
994 1005 1170 1080 honoribus,
1201 1029 1271 1069 nee

219 1091 354 1148 humanis
365 1090 535 1148 criminibus
556 1091 695 1160 colimus,
715 1091 792 1146 sieut
812 1090 911 1146 colunt
930 1090 979 1146 ilii·
997 1089 1065 1148 deos
1084 1107 1178 1164 suos3-
1202 1113 1271 1153 nec

220 1173 362 1231 sacrificis
386 1173 444 1230 illis
471 1171 633 1242 offerimus,
659 1191 713 1228 nec
738 1171 856 1228 deorum
875 1173 1029 1248 probrsin
1044 1191 1141 1230 eorum
1168 1194 1270 1235 sacro

220 1258 423 1314 convertimur.
466 1255 542 1314 Nom
554 1256 590 1313 de
603 1253 678 1312 Iride
691 1273 784 1312 uxore
799 1254 893 1312 Osiris
905 1256 1050 1334 Aegyptia
1067 1256 1134 1328 deo,
1160 1266 1195 1314 et
1227 1261 1271 1317 de

221 1339 389 1415 perentibus
413 1359 532 1411 eorum,
555 1341 606 1415 qui
626 1357 725 1396 omnes
733 1356 818 1417 reges
837 1334 930 1396 suine
941 1338 1123 1410 scribuntur,
1143 1343 1272 1416 quibus

220 1423 390 1499 perentibus
403 1425 464 1480 suis
477 1425 530 1479 iilo
551 1439 618 1479 cum
639 1422 834 1494 sacrificaret,
859 1423 974 1479 invenit
990 1418 1091 1480 hordei
1110 1434 1272 1501 segetem,

222 1515 309 1581 etque
322 1505 389 1562 iude
409 1508 504 1580 spicae
525 1505 631 1562 merito
646 1506 710 1583 regi
730 1507 839 1562 eteius
859 1507 1026 1562 consiliario
1038 1504 1186 1564 Mercurio
1211 1511 1272 1567 dc-

222 1587 412 1660 monstrsvit'‚
437 1588 514 1646 unde
528 1587 648 1644 eandem
673 1596 702 1642 et
715 1584 849 1646 Cererem
858 1589 978 1660 volunt,
997 1607 1072 1664 quoe
1098 1597 1130 1647 et
1144 1606 1273 1665 quante

222 1673 309 1744 niele,
326 1690 386 1728 non
399 1674 534 1746 spectio,
548 1670 599 1727 sed
612 1689 629 1726 n
642 1671 888 1747 mysticiseorum
899 1671 994 1728 literis
1006 1673 1164 1730 memoriae
1171 1694 1271 1735 mnn-

223 1756 290 1812 dcto
303 1755 379 1823 sint,
400 1757 478 1810 sieut
490 1754 588 1810 Leone
601 1753 750 1810 secerdote
763 1753 902 1829 prodente
915 1754 952 1812 ed
961 1753 1169 1832 Olympiadem
1197 1779 1272 1819 ma-

223 1847 297 1894 trem
310 1837 412 1892 scribit
422 1835 604 1908 Alexander,
629 1837 730 1914 legant
741 1838 788 1912 qui
801 1838 907 1894 volunt
920 1841 968 1895 vel
992 1848 1129 1914 pessunt,
1154 1851 1188 1898 et
1216 1863 1271 1901 re-

221 1923 320 1978 coiont
333 1921 382 1995 qui
397 1921 547 1998 legerunt3
573 1930 603 1976 et
613 1919 734 1977 videant
746 1919 850 1994 quibus
864 1919 1026 1978 homiuibus
1040 1925 1184 1996 morosis,
1218 1933 1272 1986 vel

224 2001 259 2058 de
284 2004 388 2078 quibus
414 2021 513 2060 eorum
529 1999 616 2060 foetis
635 2011 772 2078 tauquam
791 2002 847 2060 diis
865 2023 949 2062 sucro
973 2001 1084 2062 fuerint
1106 2007 1271 2070 instituta.

222 2086 307 2143 Absit
320 2095 353 2142 ut
363 2104 424 2160 eos,
438 2089 568 2162 quemvis
582 2085 651 2144 deos
663 2085 804 2160 habeant,
818 2090 927 2144 sanctis
940 2087 1117 2164 Mertyribus
1130 2097 1271 2168 nostris,

223 2188 297 2245 quos
309 2179 406 2228 temen
420 2169 487 2226 deos
500 2189 558 2227 non
570 2167 724 2242 hebemus,
749 2172 811 2227 ullo
823 2189 860 2226 ex
884 2181 966 2247 porte
991 2170 1114 2228 audeant
1136 2192 1272 2252 compa.

223 2271 297 2308 rere.
341 2251 390 2310 Sic
403 2254 482 2310 enim
494 2249 554 2311 non
567 2253 771 2310 constituimus
785 2253 967 2326 secerdotes,
979 2274 1035 2312 nec
1047 2253 1202 2316 offerimus
1220 2282 1272 2320 ιιι-

224 2335 335 2392 crificio
347 2335 524 2412 Martyribus
535 2339 657 2409 nostris;
684 2338 752 2412 quio
763 2339 976 2416 incongruum,
995 2339 1174 2412 indebitum,
1202 2347 1272 2403 illi.

224 2420 313 2474 citum
328 2427 388 2491 est,
413 2429 499 2495 etque
512 2422 566 2478 usi
579 2417 642 2476 Dec
654 2420 851 2477 tantummodo
864 2421 1009 2480 debitum:
1035 2431 1069 2478 ut
1086 2439 1142 2479 nec
1158 2429 1273 2488 crimi.

225 2502 308 2560 nibus
322 2505 399 2575 suis,
425 2521 480 2562 nec
493 2503 570 2562 ludis
583 2521 632 2562 eos
646 2505 820 2579 turpissimis
834 2503 1029 2577 oblectemus,
1055 2505 1104 2560 ubi
1128 2511 1180 2564 sei
1213 2511 1273 2570 fla.

224 2587 297 2662 gitia
311 2587 361 2642 isti
375 2585 524 2647 celebrant
534 2587 653 2644 deorum
666 2605 800 2658 suorum,
820 2589 924 2644 siecum
935 2587 1066 2645 homiues
1082 2602 1205 2664 essent,
1216 2607 1274 2654 ¹ta.

224 2670 264 2726 lin
277 2672 500 2743 commiseruut3
526 2671 575 2728 vel
602 2670 727 2728 conficte
740 2669 951 2728 delectamenta
962 2671 1134 2729 doemonum
1149 2683 1274 2737 noxio-

223 2771 305 2824 rum,
332 2751 501 2838 sihonsiues
520 2773 578 2810 non
589 2753 717 2811 inerunt.
760 2752 807 2810 Ex
816 2755 874 2812 isto
892 2771 1000 2833 genere
1015 2755 1189 2820 doemonum
1208 2761 1274 2822 So.

223 2845 317 2892 cretes
339 2854 397 2892 non
413 2834 532 2892 heberet
550 2835 650 2906 deum,
672 2837 697 2890 oi
709 2833 830 2892 heberet
840 2834 949 2895 Deum:
975 2837 1025 2895 sed
1051 2839 1181 2896 fortusse
1213 2844 1275 2904 ho.

222 2920 296 2976 mini
308 2919 343 2975 ab
356 2919 407 2974 illc
420 2927 482 2974 arte
495 2918 622 2976 faciendi
635 2918 703 2976 deos
722 2919 819 2977 niieno
841 2929 871 2977 et
883 2923 1049 2994 innocenti,
1075 2919 1120 2980 illi
1146 2925 1275 3002 imper.

222 3003 351 3058 triverint
361 3001 449 3056 talem
463 2999 558 3072 deuui,
572 3003 622 3076 qui
636 3000 735 3059 eudem
748 3011 810 3059 orte
824 3005 967 3062 excellere
979 3008 1145 3064 voluerunt.
1179 3011 1274 3078 Quid

224 3102 294 3160 ergo
306 3079 407 3158 plutei
435 3081 501 3140 Non
516 3103 581 3140 esse
594 3087 712 3160 spiritus
725 3087 798 3142 istos
811 3087 947 3145 colendos
957 3097 1074 3164 propter
1082 3089 1176 3148 ritum
1189 3091 1274 3154 bea-

224 3177 298 3236 tum,
324 3183 396 3242 quse
408 3177 475 3241 poet
487 3177 611 3225 mortem
622 3168 720 3226 futuro
728 3178 786 3241 cst,
812 3170 911 3228 nullus
924 3173 972 3229 vel
984 3172 1171 3230 mediocriter
1187 3195 1274 3252 pru-

223 3249 295 3308 deus
321 3247 452 3328 ambigit.
495 3249 555 3308 Sed
577 3253 701 3310 fumasse
721 3249 828 3310 dicturi
854 3265 941 3324 sunto
963 3253 1031 3312 deos
1045 3253 1164 3330 quidem
1194 3279 1273 3320 esse

222 3351 322 3414 omnes
335 3334 439 3404 bonos,
453 3333 608 3394 memores
623 3345 720 3392 nutem
733 3337 805 3392 alios
819 3337 926 3409 melos,
940 3339 1014 3396 elios
1027 3336 1138 3396 boues:v
1160 3349 1197 3398 et
1214 3363 1273 3404 eos

222 3435 356 3493 perquer
375 3416 514 3474 advitam
528 3420 560 3476 in
579 3428 730 3476 oeternum
754 3416 866 3476 beatem
890 3423 1092 3494 perveniamus
1113 3424 1274 3488 colendos

222 3518 286 3558 csse
299 3501 474 3574 censebunt,
499 3503 674 3577 quosbonos
693 3502 856 3574 opinentur.
900 3501 983 3571 Quod
1008 3505 1095 3580 quele
1112 3506 1170 3579 sit,
1202 3513 1271 3570 inm

221 3585 253 3640 iu
266 3586 411 3642 volumine
424 3585 555 3661 sequenti
567 3582 723 3642 videndum
733 3593 785 3640 est.
