2586 4396
247 193 309 254 DE
332 193 551 256 clvlTATE
576 195 655 254 DEl
680 197 761 256 ula.
783 199 875 262 v111.
1021 209 1083 268 223

38 351 185 426 Pompilio
204 349 302 406 amico
316 365 371 404 auo
382 347 441 404 illis
454 349 604 406 conciliati
617 349 745 422 artibus,
764 349 867 428 quibus
878 352 1084 431 hydronrcatic

33 435 95 492 fieri
111 433 236 509 potuit,
265 440 374 488 cuncta
388 433 439 487 illa
453 432 589 490 confiteri
603 436 859 510 permitterentur3
884 447 916 496 et
932 448 1030 498 tamn
1050 453 1084 500 ut

31 520 205 575 moriturus
220 513 397 573 incenderet
409 517 566 590 capotius,
579 536 664 594 quam
678 517 833 593 obrueret,
846 520 1004 580 admonere
1015 542 1083 599 per-

30 605 254 659 mitterentur:
281 599 333 675 qui
346 617 384 656 ne
397 600 635 672 innotescerent,
650 621 705 658 nee
718 612 833 676 aratro,
848 623 905 682 quo
918 615 988 664 sunt
1000 617 1084 664 erata

29 687 181 743 obsistere
194 691 378 758 potuerunt,
399 702 454 738 nec
467 685 537 740 stilo
550 683 707 758 Varronis,
727 705 785 761 quc
801 706 834 744 ea
848 707 924 764 quae
936 688 972 746 tle
984 688 1084 748 haere

29 779 114 848 gesta
128 776 227 838 sunt,
243 767 277 822 in
290 775 423 822 nostram
434 768 605 826 memoriam
616 779 824 844 pervenerunt.
842 771 910 830 Non
924 775 1002 830 eninr
1014 793 1083 849 pos-

31 863 109 923 sunt,
125 850 218 928 quod
232 867 296 906 non
309 851 447 906 sinuntur
460 849 589 909 efficere:
603 855 741 912 sinuntur
754 863 851 912 autem
864 856 989 914 altoDci
1003 877 1083 914 sum-

30 939 69 993 mi
85 939 240 1010 iustoque
259 933 369 990 iudicio
388 951 442 1007 pro
462 935 575 992 meritis
596 954 712 1008 eorum,
739 955 812 1014 quos
825 940 861 997 ab
875 942 917 996 eis
930 943 978 998 vcl
991 939 1082 1020 affligi

30 1030 164 1086 tantum,
194 1019 249 1074 vel
272 1019 361 1074 etiam
385 1016 490 1074 subiici
512 1036 547 1074 ac
570 1018 663 1095 decipi
681 1022 791 1080 irratam
808 1033 862 1080 est.
885 1093 887 1100 Ι
906 1024 999 1092 Quam
1010 1043 1082 1082 vero

28 1105 228 1182 perniciosae
242 1103 292 1158 rel
304 1119 321 1156 a
335 1101 415 1158 cultu
427 1119 516 1158 verae
534 1101 698 1162 divinitatis
711 1105 825 1162 alienae
838 1108 907 1162 illae
920 1109 1023 1166 literae
1036 1111 1082 1166 iu-

30 1191 147 1246 dicatae
161 1187 246 1257 sint,
271 1181 342 1240 hino
355 1185 484 1264 intelligi
496 1195 609 1260 potest,
633 1187 712 1264 quod
725 1205 774 1244 eas
787 1191 890 1246 maluit
902 1200 1021 1248 senatus
1035 1193 1082 1250 iu-

29 1271 181 1343 cendere,
212 1286 287 1344 quas
301 1266 464 1342 Pompilius
479 1271 654 1342 occultavit,
668 1289 755 1347 quam
767 1273 872 1328 timere
885 1273 961 1346 quod
973 1274 1083 1346 timuit,

30 1359 83 1431 qui
94 1356 155 1412 hoe
170 1351 287 1410 audere
300 1370 361 1408 non
374 1353 481 1427 potuit.
526 1353 583 1420 Qui
602 1373 674 1432 ergo
687 1355 779 1412 vitam
797 1373 851 1410 neo
870 1353 958 1412 modo
976 1354 1084 1413 habere

32 1442 100 1496 vult
112 1439 208 1513 piam,
222 1435 335 1493 talibus
350 1437 442 1492 saeris
455 1445 582 1492 mortem
594 1446 716 1512 quaeret
728 1446 887 1498 aeternam.
916 1439 972 1506 Qui
986 1449 1084 1498 antem

30 1543 103 1580 cnm
124 1520 267 1598 malignis
286 1519 475 1576 daemonibus
501 1538 563 1576 non
587 1523 653 1578 vult
676 1519 783 1580 habere
809 1523 994 1594 societatem,
1022 1543 1082 1580 non

30 1606 303 1682 superstitionem,
317 1619 375 1677 qna
385 1605 538 1676 coluntur,
553 1605 673 1662 noxiam
687 1605 892 1679 pertimescat3
917 1607 970 1664 sed
981 1625 1082 1666 ιιιιιιι

29 1693 235 1770 religionem,
264 1705 321 1763 qua
333 1685 499 1761 produntur
513 1696 543 1744 et
558 1689 735 1760 vincuntur,
762 1700 914 1768 agnoscat.

40 1861 1014 1894 mwwmwumwwmm
1022 1870 1078 1896 ΜΛ

241 1991 471 2064 LIBER
522 1993 880 2070 OCTAVVS.

420 2176 633 2236 CAPVT
677 2179 699 2236 l.

59 2275 107 2330 De
118 2273 285 2344 quaestione
296 2273 434 2328 naturalia
445 2273 597 2348 theologiae
607 2293 666 2330 cum
672 2277 839 2347 philosoplis
849 2277 1046 2332 excellentioris

312 2408 315 2412 ⁸
400 2343 529 2398 scientiae
546 2348 722 2402 discutiendo.

28 2429 129 2514 Nunc
142 2453 313 2510 intentiore
327 2451 411 2510 nobis
425 2471 497 2527 opas
509 2463 554 2510 est
565 2455 663 2510 annno
673 2457 765 2516 multo
776 2471 861 2528 quam
873 2464 938 2510 erat
947 2455 980 2511 in
993 2465 1080 2528 supc-

30 2539 146 2592 riorum
164 2537 320 2592 solutione
341 2538 545 2610 quaestionum
569 2546 598 2592 et
621 2539 819 2610 explicatione
841 2538 991 2593 librorum.
1034 2537 1082 2592 De

31 2619 189 2698 theologia
202 2621 322 2694 quippe,
337 2637 426 2694 quam
439 2621 605 2676 naturalem
616 2629 736 2690 vocant,
749 2637 811 2674 non
826 2637 892 2674 oum
905 2617 1082 2692 quibuslibet

29 2702 220 2776 hominibus3
249 2699 327 2779 (non
341 2705 419 2760 enim
433 2703 568 2762 fabulosa
584 2711 645 2774 est,
672 2704 722 2760 vel
735 2703 847 2774 civilis,
873 2701 929 2760 hoc
948 2710 1008 2774 cst,
1033 2704 1081 2758 vel

31 2785 200 2858 theatrica,
225 2787 276 2844 vel
289 2785 415 2858 urbana;
443 2805 567 2862 quarum
580 2787 673 2843 altera
684 2787 800 2844 iactitat
812 2786 933 2842 deorum
945 2787 1080 2858 erimina,

31 2871 135 2925 altera
153 2869 268 2928 indicat
286 2889 386 2928 eorum
405 2869 552 2928 desideria
571 2871 790 2944 crirainosiora,
816 2889 850 2927 ao
863 2889 916 2947 per
927 2869 982 2933 hcc
994 2871 1080 2927 mali-

31 2971 165 3032 gnorum
176 2956 277 3030 potius
292 2952 465 3012 daemonum
478 2973 566 3030 quam
578 2955 698 3012 deorum
706 2951 731 3034 3)
757 2954 810 3014 sed
822 2973 888 3014 cura
900 2952 1079 3030 philosophis

32 3047 81 3094 est
92 3036 231 3096 habenda
246 3038 379 3095 collatio:
405 3057 529 3113 quorum
541 3041 636 3114 ipsum
648 3059 756 3096 nomen
769 3042 796 3096 ei
809 3038 914 3096 Latine
932 3041 1079 3112 interpre-

31 3133 153 3192 temur,
167 3140 302 3180 amorem
315 3123 479 3195 sapientiae
490 3123 655 3197 profitetur.
693 3123 788 3180 Porro
800 3126 825 3180 oi
839 3125 984 3198 sapientie
997 3122 1079 3180 Dens

31 3213 91 3276 est,
104 3224 161 3281 per
175 3203 356 3280 quemfacta
370 3215 439 3262 sunt
453 3208 563 3280 omnia,
576 3208 654 3266 ιίιιιι
667 3206 768 3266 divina
780 3210 939 3264 auctoritas
952 3208 1078 3264 veritas-

32 3309 91 3364 que
104 3291 304 3360 monstrarit,
329 3307 417 3350 verua
430 3287 618 3366 philosophus
633 3300 678 3348 est
695 3301 808 3348 amator
821 3291 887 3348 Dei.
931 3286 991 3347 Scil
1010 3291 1079 3365 quia

31 3391 80 3428 res
110 3374 194 3446 ipsa,
222 3375 307 3430 cuius
320 3369 377 3432 hoc
394 3393 504 3432 nomen
517 3385 576 3446 est,
603 3393 664 3432 non
684 3377 777 3432 estin
795 3375 928 3434 omnibus
947 3374 998 3448 qui
1022 3371 1079 3427 hoc

30 3457 160 3514 nomine
173 3457 358 3534 gloriautlu3
375 3453 487 3534 (neque
498 3460 577 3514 enirn
587 3460 729 3515 continuo
739 3477 828 3516 verae
837 3457 999 3532 sapientiae
1011 3464 1079 3510 sunt

30 3549 198 3612 amatores,
211 3541 380 3616 quicunque
386 3543 571 3617 appellantur
576 3538 773 3619 philosophiz)
786 3541 917 3616 profecto
932 3555 970 3594 ex
983 3539 1079 3594 omni·

29 3623 89 3681 bus
105 3642 234 3700 qnorum
247 3627 411 3682 sententias
426 3627 549 3683 cliterio
563 3645 651 3682 nosse
667 3626 829 3700 potuirnus,
856 3619 986 3700 eligendi
1010 3629 1078 3677 sunt

31 3727 102 3764 eum
110 3708 218 3784 quibus
231 3727 293 3766 non
304 3707 426 3788 indigne
439 3711 572 3786 quaestio
584 3712 641 3766 ista
651 3717 802 3764 tractetur.
816 3707 919 3782 Neque
932 3705 1011 3762 enim
1023 3703 1077 3762 hoc

30 3808 43 3847 ι
49 3810 127 3865 pcre
141 3809 246 3848 omnes
265 3795 395 3850 omnium
412 3791 649 3870 philosophorum
667 3809 758 3849 vanas
777 3793 929 3866 opiniones
948 3791 1076 3846 refutare

29 3877 172 3951 suscepi,
200 3894 251 3932 see
276 3895 325 3936 ece
348 3886 463 3934 tautum
486 3895 560 3953 quae
582 3877 619 3934 ad
640 3873 819 3953 theologiam
836 3874 996 3949 pertinent,
1021 3889 1075 3950 quo
