2592 4396
209 175 270 231 408
420 165 520 225 DlVl
546 159 735 220 AVRELll
759 157 1017 218 AVGVSTlNl

212 332 333 394 nostro,
358 329 530 378 secuturum
551 325 596 372 est
613 323 709 371 autem
723 315 754 370 in
773 313 909 370 membris
924 315 986 370 eius
1001 317 1102 372 ultima
1116 335 1252 376 resurre-

210 411 308 464 etione
321 412 508 460 mortuorum.

277 489 419 566 Adiungit
437 484 543 542 deinde
560 484 715 559 Apostolus
739 481 861 539 duorum
880 483 1006 538 istorum
1020 481 1174 542 honrinum
1188 489 1251 544 evi-

209 574 412 632 dentissimam
425 567 629 640 differentiam,
644 566 761 623 dicens:
776 563 893 622 Primus
907 563 989 622 nomo
1003 567 1038 624 de
1052 578 1139 626 terra
1152 580 1251 628 terre-

209 676 275 729 nus,
289 656 433 716 secandus
447 653 528 711 ionio
543 654 577 711 de
589 651 666 710 eoeio
680 649 825 708 coelestio.
843 646 949 718 Qualis
964 659 1112 722 terrenos,
1130 653 1207 710 tales
1223 664 1253 711 et

210 743 343 801 terreni:
357 738 454 817 qualis
469 736 614 807 eoelestis,
630 734 707 792 teies
721 745 750 792 et
764 732 913 790 coelestes.
939 731 982 790 Et
1001 736 1139 812 quomodo
1153 737 1252 794 indui-

209 844 273 882 mms
288 825 445 899 imaginem
459 822 584 891 terreni,
598 819 753 877 induamus
767 826 797 874 et
809 817 967 893 imaginem
981 819 1044 875 eius
1059 821 1110 896 pei
1122 819 1159 876 de
1172 821 1250 877 coelo

210 920 264 966 est.
290 906 356 964 Hoc
370 906 525 981 Apostolus
539 907 581 961 ita
592 904 707 980 posuit,
731 910 764 958 ut
776 919 856 958 nune
869 899 986 976 quidem
998 902 1030 958 in
1043 901 1127 958 nobis
1141 921 1250 960 seeun-

209 992 277 1048 dum
296 1001 509 1046 :oeramentum
526 987 761 1067 regenerationis
775 985 841 1057 liat3
868 985 944 1040 sieut
957 985 1026 1042 alibi
1039 985 1125 1059 dieit,
1156 985 1250 1056 Quot-

210 1087 280 1153 quot
294 1077 324 1132 in
340 1073 459 1130 Christo
473 1073 624 1152 baptizati
636 1073 726 1142 estis,
749 1069 900 1127 Clerietnm
917 1069 1078 1126 induistis:
1100 1089 1134 1126 re
1151 1079 1250 1128 autem

209 1161 273 1234 ipso
286 1169 357 1216 tune
372 1157 550 1231 perficietur,
565 1177 631 1213 enm
645 1165 675 1212 et
688 1156 718 1211 in
733 1155 818 1211 nobis
832 1152 910 1229 quod
924 1161 970 1208 est
982 1154 1109 1210 animale
1121 1171 1248 1212 noroen-

210 1242 257 1315 do,
272 1243 403 1320 spiritale
416 1241 525 1298 iactum
532 1241 622 1298 fuerit
628 1237 819 1317 resurgendo.
833 1235 871 1292 Vt
882 1237 1030 1293 enimeins
1044 1237 1248 1295 itidemverbir

208 1336 289 1384 utar:
303 1324 362 1404 Spe
375 1326 454 1382 selei
458 1325 549 1396 faeti
561 1341 668 1383 snmus.
689 1321 839 1379 lnduimus
853 1329 951 1378 autern
964 1323 1124 1400 imaginem
1137 1324 1249 1378 terreni

207 1409 334 1467 hominis
354 1409 568 1486 propagatione
586 1407 846 1483 praevaricationis
868 1413 897 1461 et
917 1407 1038 1478 mortis,
1062 1424 1150 1480 quam
1162 1405 1247 1462 nobis

207 1496 310 1550 intulit
329 1493 497 1570 generatio:
524 1492 575 1547 sed
600 1491 747 1546 induimus
772 1491 932 1568 imaginem
961 1491 1096 1546 eoelestis
1119 1485 1246 1546 hominis

208 1580 305 1655 gratio
319 1576 522 1652 indulgentiae
535 1577 671 1649 vitaeque
683 1582 855 1648 perpetuae,
870 1572 947 1649 quod
961 1573 1044 1630 nobis
1057 1582 1189 1648 praestet
1200 1593 1246 1630 re-

207 1660 377 1738 generatio,
391 1677 451 1714 nen
465 1660 524 1714 nisi
536 1677 588 1734 per
602 1657 793 1714 Mediatorem
805 1656 864 1714 Dei
878 1665 908 1712 et
919 1655 1085 1726 hominum,
1100 1655 1246 1714 hominem

206 1742 303 1799 lesum
317 1741 480 1816 Christum:
506 1760 593 1818 quem
606 1738 762 1806 coelestem
775 1739 922 1798 hominem
935 1741 1000 1798 vult
1012 1742 1157 1820 intelligi,
1179 1743 1245 1818 quia

206 1826 243 1882 de
257 1828 340 1882 eeelo
351 1826 444 1895 venit,
458 1836 492 1881 ut
505 1835 640 1882 terrenae
652 1821 973 1900 mortalitatis'eorpore
983 1825 1155 1898 vestiretur,
1170 1823 1244 1902 quod

207 1911 331 1968 coelesti
347 1911 567 1966 immortalitate
579 1911 710 1966 vestiret.
743 1909 978 1964 Caelestes‘vero
995 1908 1062 1963 ideo
1078 1911 1205 1982 appellat
1216 1917 1244 1966 et

207 1995 297 2066 alios,
319 1993 387 2070 quio
398 1991 474 2050 fiunt
486 2013 538 2069 per
552 1994 677 2072 gratiam
689 1991 817 2048 membra
834 1992 907 2062 eius,
920 1999 954 2046 ut
967 2010 1032 2048 eum
1047 1992 1106 2046 illis
1120 1993 1159 2049 sit
1170 2011 1243 2048 unus

207 2077 352 2150 Christus,
366 2079 449 2135 velut
463 2087 548 2152 eaput
562 2086 591 2133 et
603 2095 717 2150 corpus.
750 2073 815 2131 Hoe
828 2076 861 2131 in
874 2073 980 2130 eadem·
989 2076 1112 2149 epistola
1126 2075 1242 2134 eviden-

206 2165 265 2219 tius
278 2165 320 2218 ita
332 2165 430 2236 ponit:
457 2160 516 2218 Per
528 2160 670 2217 hominem
682 2177 777 2229 mers,
799 2169 828 2216 et
835 2176 895 2237 per
908 2157 1049 2216 hominem
1063 2161 1242 2218 resurreetio

205 2257 396 2302 neortnormm.
423 2243 508 2300 Sient
533 2246 608 2298 enim
628 2245 658 2298 in
675 2241 771 2298 Adam
790 2259 887 2299 omnes
908 2244 1091 2312 morientur,
1114 2246 1159 2300 eie
1173 2254 1203 2301 et
1216 2245 1243 2300 in

209 2327 329 2383 Christo
349 2343 445 2383 omnes
464 2324 705 2396 vivificabuntur.
731 2322 791 2380 lam
812 2326 914 2400 utique
931 2327 963 2380 in
981 2343 1103 2400 corpore
1121 2327 1242 2403 spiritali

206 2409 283 2484 quod
305 2411 361 2467 erit
383 2411 416 2464 in
439 2409 573 2484 spiritum
595 2407 803 2465 vivificantem.
839 2407 908 2464 Non
930 2410 998 2484 quia
1020 2427 1121 2465 ornnes
1141 2413 1194 2486 qui
1214 2412 1242 2467 in

208 2493 297 2550 Adam
318 2493 500 2564 moriuntur,
526 2492 654 2549 membra
673 2501 759 2548 erunt
777 2490 901 2565 christi,
926 2509 964 2546 ex
982 2491 1040 2548 illis
1060 2495 1139 2550 enim
1152 2497 1242 2550 multo

205 2579 302 2656 plures
317 2576 444 2634 secunda
457 2579 488 2632 in
502 2585 654 2633 aeternum
667 2585 761 2632 morte
773 2578 953 2650 plectentur:
981 2575 1031 2632 sed
1050 2575 1116 2632 ideo
1136 2577 1243 2634 dietum

205 2671 261 2732 est,
275 2679 372 2720 omnen
386 2671 472 2736 atque
486 2679 593 2731 omnes,
607 2662 676 2736 quia
689 2661 765 2716 sieut
778 2679 863 2716 neme
874 2678 995 2734 corpore
1006 2661 1126 2717 animali
1140 2663 1200 2718 nisi
1213 2664 1242 2718 in

205 2745 295 2800 Adam
308 2747 447 2815 moritur,
470 2746 512 2800 ita
526 2763 611 2800 nemo
625 2763 746 2817 corpore
759 2745 884 2818 spiritali
897 2745 956 2800 nisi
968 2746 1000 2800 in
1014 2742 1131 2801 Christo
1146 2745 1242 2803 virifi-

202 2837 297 2884 eatur.
325 2827 453 2882 Proinde
467 2844 649 2901 nequaquam
662 2827 823 2899 putandum
839 2837 894 2899 est,
909 2845 965 2883 nos
979 2829 1011 2884 in
1024 2830 1242 2886 resurreetione

202 2911 261 2966 tale
276 2928 381 2982 eorpus
396 2907 555 2979 habituros,
570 2911 655 2984 quale
666 2908 768 2966 habuit
777 2909 863 2968 homo
872 2907 984 2986 primus
998 2921 1067 2968 ante
1079 2921 1241 2986 peceatum.

202 2992 306 3066 Neque
319 2991 390 3046 illud
405 2991 481 3065 quod
495 2992 604 3048 dietum
618 3003 673 3065 est,
697 2992 803 3063 Qualis
818 3005 965 3065 terrenus,
979 2994 1056 3052 teies
1070 3006 1101 3056 et
1114 2996 1243 3069 terreni,

203 3075 366 3131 seeundum
379 3074 453 3130 illud
467 3076 691 3154 intelligendum
705 3087 766 3148 est,
794 3079 870 3154 quod
882 3075 991 3134 foetum
1005 3087 1051 3137 est
1064 3077 1241 3135 admissione

201 3159 323 3233 peceati.
359 3157 427 3214 Non
442 3161 520 3214 enim
534 3147 762 3217 existimandum
772 3171 832 3234 est,
848 3179 913 3216 eum
924 3163 1007 3235 prius
1022 3180 1109 3236 quam
1122 3179 1240 3238 peenas-

202 3251 258 3312 set,
272 3241 404 3316 spiritale
418 3261 522 3317 eorpus
536 3241 688 3315 habuisse,
708 3253 737 3299 ot
748 3247 860 3319 peceati
872 3247 977 3301 merito
991 3247 1023 3301 in
1037 3246 1164 3302 animtele
1177 3264 1241 3302 rnu-

201 3323 358 3381 tatum.·Vt
372 3323 449 3382 ¹enim
461 3325 517 3382 hoe
530 3335 662 3400 putetur,
677 3345 780 3402 parum
794 3327 985 3384 attenduntur
998 3330 1073 3384 tanti
1085 3329 1178 3386 verba
1190 3329 1241 3386 do-

201 3409 302 3480 ctoris,
327 3411 377 3484 qui
401 3411 455 3466 ait:
481 3408 517 3468 Si
529 3421 575 3467 ert
587 3429 694 3488 eorpus
708 3409 852 3481 animale,
876 3421 922 3469 eet
940 3422 970 3470 et
985 3411 1143 3490 spiritale:
1168 3415 1244 3470 sient

200 3491 347 3570 termitem
360 3503 424 3562 est,
445 3489 562 3550 Primus
576 3491 658 3550 demo
672 3492 767 3550 Adam
777 3493 889 3566 faetus
903 3505 949 3553 est
962 3497 993 3552 in
1004 3495 1134 3552 enimam
1147 3497 1244 3554 υἰυιιι-

203 3586 269 3630 tem.
294 3575 441 3652 Numquid
460 3575 516 3632 hoe
528 3585 596 3651 post
608 3573 764 3651 peceatum
776 3576 886 3634 laetum
904 3585 964 3652 est,
990 3595 1055 3635 oum
1067 3578 1108 3633 sit
1121 3579 1181 3636 ista
1193 3576 1243 3634 lm·

203 3658 292 3711 ιιιίιιίι
305 3661 399 3732 prima
418 3659 567 3730 conditio,
592 3659 628 3714 de
648 3677 705 3733 qua
722 3659 905 3717 beatissimus
920 3661 1075 3738 Apostolus
1090 3659 1128 3716 ad
1141 3677 1244 3739 eorpus

203 3738 329 3794 animale
343 3742 574 3814 monstrandum,
589 3740 643 3797 hoe
657 3744 859 3800 testimonium
869 3743 958 3824 Legis
971 3745 1120 3803 assumsit.
