2592 4396
238 193 299 250 3⁷2
464 181 561 242 DlVl
587 179 772 240 AVRELll
792 179 1044 238 AVGVSTlNl

239 361 350 419 semper
363 341 453 397 fuisse
466 338 618 406 dieantur,
638 335 706 410 quia
719 335 798 390 omni
811 342 940 408 tempore
953 331 1085 406 firerunt,
1106 345 1136 392 et
1148 347 1261 411 propte-

134 459 137 464 ·
238 445 288 485 rea
301 425 520 497 omnitempore
535 421 674 490 fuerunt,
700 419 767 494 quia
781 419 862 473 nullo
879 415 965 474 modo
978 419 1043 474 sine
1055 416 1100 474 his
1112 421 1178 494 ipsa
1191 430 1261 476 tem·

236 527 308 587 pora
321 525 385 564 esse
397 514 565 581 potuerunt.
607 501 662 558 Vbi
675 503 753 558 enim
765 501 846 558 nulla
867 510 1002 557 creatura
1015 512 1077 575 est,
1103 503 1187 560 euius
1200 523 1261 559 mn-

238 591 372 650 tabilibus
395 590 521 646 motibus
545 598 675 660 tempora
697 594 890 664 peragantur,
916 594 1046 660 tempora
1065 588 1185 643 omnino
1200 605 1262 642 esse

238 694 299 733 non
310 682 442 751 possunt.
463 673 505 730 Ac
518 690 571 746 per
582 669 637 726 hoc
651 672 706 726 etsi
720 688 831 744 semper
845 667 978 742 fuenrnt,
995 672 1086 726 creati
1099 681 1184 742 sunt;
1209 691 1263 728 nec

239 762 265 816 ri
288 777 402 832 semper
424 756 559 828 filerunt,
584 753 649 810 idco
663 753 795 812 Creatori
817 755 966 810 coaeterni
989 763 1067 810 sunt.
1109 753 1163 810 llle
1188 757 1265 811 enim

239 861 353 918 semper
370 841 426 900 fuit
444 841 617 896 aeternitate
635 838 822 894 inscrutabili:
848 839 898 893 isti
910 847 1006 894 autem
1019 838 1090 895 lecti
1104 848 1189 911 sunt;
1217 839 1265 896 sed

238 927 305 984 ideo
318 943 432 1000 semper
445 923 537 980 fuisse
552 923 705 994 dicuntur,
732 923 800 996 quia
812 923 892 978 omni
904 931 1031 997 tempore
1044 921 1179 995 fuerunt,
1204 926 1266 981 sine

238 1009 342 1086 quibus
356 1018 485 1083 tempora
499 1009 581 1072 nullo
595 1005 680 1063 modo
695 1022 758 1061 esse
770 1013 943 1080 potuerunt:
957 1015 1069 1081 tempus
1084 1016 1182 1063 eutem
1195 1026 1266 1082 quo·

238 1095 319 1150 niam
330 1090 524 1148 mutabilitate
532 1092 717 1160 transcurrit,
731 1090 899 1145 aeternitati
912 1089 1084 1146 immutabili
1097 1109 1158 1147 non
1171 1100 1268 1166 potest

239 1195 305 1233 ιιιι
318 1185 516 1233 coaeternum.
558 1176 600 1233 Ae
618 1193 670 1250 per
682 1172 737 1230 boc
751 1173 865 1229 etiamsi
878 1175 1081 1230 immortalitas
1094 1177 1269 1253 angelorum

238 1280 298 1319 non
312 1260 418 1317 transit
428 1261 460 1316 in
473 1267 613 1334 tempore,
627 1277 683 1315 nec
695 1259 853 1334 praeterite
863 1266 909 1314 ιιι
918 1259 1068 1332 quasiianr
1078 1277 1139 1314 non
1149 1259 1199 1330 sit,
1214 1277 1269 1314 nee

238 1338 436 1419 manabunt
456 1342 584 1400 nondum
598 1345 651 1414 sit,
678 1352 775 1398 tamen
795 1359 896 1397 eorum
912 1349 1008 1398 motus
1022 1341 1124 1418 quibua
1137 1351 1270 1417 tempora

238 1435 429 1507 peraguntur,
441 1445 479 1482 ex
489 1428 587 1483 futuro
597 1428 630 1482 in
636 1427 824 1502 praeteritum
830 1433 1000 1482 transeunt:
1015 1435 1045 1481 et
1054 1425 1119 1481 ideo
1126 1423 1271 1495 Creatori,

239 1514 272 1569 in
292 1513 377 1568 cuius
395 1519 475 1567 motu
495 1509 649 1567 dicendum
667 1528 727 1566 non
745 1518 790 1565 est
806 1509 854 1566 rel
874 1509 966 1565 luisse
984 1509 1131 1584 quodiam
1144 1512 1271 1580 nonsit,

239 1597 287 1652 vel
299 1595 432 1651 futurum
444 1611 509 1649 esse
523 1592 600 1668 quod
613 1592 741 1649 nondum
754 1593 805 1664 sit,
825 1593 972 1648 coaeterni
985 1611 1050 1650 esse
1063 1611 1122 1650 non
1134 1604 1271 1668 possunt.

304 1679 485 1752 Quapropter
498 1679 524 1732 si
537 1675 619 1732 Deus
644 1695 756 1752 semper
779 1676 912 1733 dominus
935 1677 1007 1749 luit,
1033 1696 1145 1752 semper
1170 1676 1274 1735 habuit

240 1771 402 1819 creaturam
416 1777 471 1816 suo
486 1760 646 1817 dominatui
658 1762 850 1833 servientem3
873 1771 1072 1818 verumtamen
1085 1779 1145 1817 non
1160 1761 1199 1819 de
1213 1765 1273 1838 ipso

240 1847 387 1925 genitam,
401 1843 452 1899 sed
464 1845 499 1900 ab
513 1845 575 1919 ipso
590 1843 625 1899 de
638 1843 729 1902 nihilo
742 1843 861 1916 factam3
882 1864 937 1901 nee
951 1847 979 1901 ei
992 1854 1194 1903 coaeternam:
1211 1855 1274 1902 erat

240 1931 346 2006 quippe
364 1936 433 1984 ante
450 1929 547 1999 illam,
573 1931 703 2004 quamvis
723 1929 804 1985 nullo
818 1938 947 2003 tempore
960 1931 1025 1986 sine
1038 1930 1102 2001 illa3
1129 1948 1197 1987 non
1212 1949 1274 1986 eam

240 2015 334 2089 spatio
359 2019 596 2084 transcurrente,
623 2011 674 2068 sed
698 2021 836 2069 manente
860 2016 1054 2088 perpetuitate
1079 2013 1272 2088 praecedens

240 2096 302 2155 Sed
312 2095 367 2153 hoc
381 2097 407 2152 si
420 2095 595 2173 respondero
609 2097 651 2153 eis
665 2098 715 2174 qui
725 2097 889 2171 requirunt,
905 2098 1047 2173 quomodo
1061 2115 1179 2172 semper
1192 2118 1275 2156 crea·

239 2191 298 2251 tor,
324 2199 437 2256 seraper
454 2181 586 2238 dominus
603 2179 674 2253 fuit,
701 2181 727 2237 si
753 2188 888 2237 creatura
913 2183 1043 2239 serviens
1069 2200 1129 2238 non
1158 2199 1276 2259 semper

239 2265 311 2337 fuit3
338 2274 389 2320 aut
413 2264 556 2340 quomodo
575 2273 674 2321 ereata
692 2273 754 2336 est,
780 2274 810 2321 et
831 2283 892 2322 non
913 2267 1009 2340 potius
1034 2269 1164 2323 creatori
1190 2287 1277 2326 coae-

239 2357 325 2404 terna
343 2356 403 2419 est,
430 2348 456 2403 si
474 2365 586 2423 semper
605 2347 677 2405 luit:
702 2367 808 2405 vereor
820 2367 858 2404 ne
871 2349 987 2406 facilius
999 2351 1110 2407 iudicer
1124 2348 1277 2409 affirmare

240 2430 317 2506 quod
330 2431 446 2503 nescio,
464 2448 549 2507 quam
562 2430 752 2508 decerequod
765 2433 836 2490 seio.
879 2432 978 2490 Redeo
991 2436 1081 2514 igitur
1094 2432 1132 2490 ad
1146 2435 1184 2491 id
1200 2435 1278 2512 qnod

240 2524 355 2572 creator
367 2525 470 2572 noster
481 2517 557 2572 scire
568 2534 621 2572 nor
634 2517 739 2574 voluit:
753 2517 804 2573 illa
816 2535 886 2574 vero
897 2535 970 2594 quae
980 2521 1027 2576 vel
1040 2518 1279 2594 sapientioribus

239 2601 271 2656 in
292 2598 346 2656 bae
368 2601 431 2656 rita
453 2601 531 2656 scire
550 2601 698 2676 permisit,
723 2602 771 2658 rel
790 2602 908 2659 omnino
926 2602 1061 2676 perfectis
1079 2603 1111 2657 in
1130 2605 1197 2660 alia
1218 2608 1282 2661 vita

240 2683 359 2741 scienda
373 2685 516 2755 servavit,
530 2685 608 2740 ultra
621 2686 700 2742 vires
713 2703 792 2741 meas
807 2703 871 2740 esse
883 2685 1030 2760 profiteor.
1062 2683 1122 2743 Sed
1134 2686 1211 2745 idco
1226 2709 1280 2764 pu·

239 2771 300 2825 tavi
313 2769 379 2824 sine
392 2766 584 2824 affirmatione
596 2769 766 2840 tractanda,
779 2778 812 2825 ut
825 2771 874 2846 qui
886 2767 957 2826 haec
972 2771 1089 2848 legunt,
1116 2770 1251 2829 rideant
1265 2791 1283 2828 a

237 2853 342 2928 quibus
354 2851 557 2926 quaestionum
569 2852 708 2924 perieulis
722 2851 846 2908 debeant
858 2862 1035 2929 temperare,
1048 2872 1103 2910 nec
1118 2853 1159 2909 ad
1175 2860 1282 2914 omnia

237 2953 270 2989 se
283 2934 406 2991 idoneos
421 2932 613 3004 arbitrentur3
631 2935 784 3010 potiusque
797 2937 965 3016 intelligant
977 2955 1062 3014 quam
1075 2939 1115 2993 sit
1127 2937 1282 3015 Apostolo

238 3017 494 3093 obtemperandum
510 3019 701 3092 praecipienti
719 3019 889 3093 salubriter,
915 3023 1039 3079 ubisit:
1066 3020 1146 3079 Dico
1173 3037 1284 3083 cutem

230 3118 290 3180 per
310 3103 445 3178 gratiam
467 3118 542 3178 puae
561 3101 636 3158 dcta
658 3111 704 3158 eet
724 3101 809 3174 mibi,
836 3105 965 3162 omuibus
979 3108 1029 3184 qai
1041 3116 1111 3162 eunt
1125 3107 1160 3162 in
1175 3109 1283 3178 coba,

235 3204 291 3243 aon
308 3185 381 3264 plue
404 3202 511 3263 sapere
529 3203 614 3263 quom
633 3196 751 3264 oportet
768 3203 889 3265 sapere,·
914 3191 968 3248 sed
979 3205 1086 3268 sapere
1098 3190 1142 3246 ad
1161 3201 1284 3270 tempe-

234 3271 384 3342 rantiam,
410 3272 488 3326 sicat
510 3271 665 3348 unicuiqae
678 3268 761 3329 Deua
774 3274 915 3349 pertitus
933 3283 979 3331 eat
994 3289 1167 3331 mensuram
1185 3275 1283 3348 fidei.

168 3395 172 3412 .
235 3351 269 3410 Si
290 3354 368 3410 enim
385 3372 438 3429 pro
457 3353 567 3410 viribus
587 3355 649 3410 suis
668 3355 762 3412 alatrrr
780 3355 895 3428 infans,
921 3356 974 3413 fiet
985 3365 1018 3412 nt
1030 3358 1197 3416 crescendo
1213 3363 1285 3436 plus

236 3439 345 3514 capiat:
374 3439 400 3494 si
414 3447 511 3494 autem
523 3439 601 3495 vires
616 3457 687 3495 suae
700 3440 869 3514 capacitatis
888 3440 1024 3512 excedat,
1047 3439 1169 3498 deficiet
1188 3457 1284 3502 ante·

235 3540 321 3597 qnam
333 3534 454 3580 crescat.

610 3605 678 3664 CA
703 3605 734 3663 P.
777 3605 882 3666 XVI.

236 3700 369 3764 Quomodo
386 3702 561 3773 intelligenda
577 3703 614 3754 sit
626 3703 759 3773 promissa
773 3704 876 3759 domim
894 3703 982 3758 aDeo
996 3705 1054 3758 vita
1073 3713 1198 3760 aeterna
1215 3721 1288 3764 crate

622 3782 742 3842 tempora
756 3783 875 3831 aeterna.

296 3861 377 3928 Quae
401 3865 516 3920 saecula
538 3866 743 3940 praeterierint
755 3876 823 3923 ante
836 3885 923 3944 quam
943 3884 1036 3944 genus
1058 3867 1292 3932 institueretur
