2576 4396
271 175 334 234 DE
360 174 582 236 CII'ITA'IE
607 177 686 236 DEI
716 179 799 240 alu.
820 182 861 242 X.
1009 189 1071 246 287

1 277 2 324 1
31 343 91 390 sto.
134 327 224 396 Quod
245 330 334 386 etlam
352 339 533 388 sacramento
552 331 653 388 altaris
671 331 803 392 fidelibus
823 345 892 392 noto
907 337 1072 413 frequentat

27 415 187 485 Ecclesia,
213 422 248 468 ut
269 415 297 468 ei
320 412 546 486 demonstratur,
572 414 691 489 quadiu
707 433 741 473 ea
755 437 787 474 re
802 413 971 497 [oblatione]
986 441 1071 497 quam

29 497 130 570 offert,
150 499 219 574 ipsa
232 493 379 554 offeratur.

430 596 552 655 CAP.
595 599 679 656 VII.

28 694 107 759 Quod
115 701 278 746 sanctorum
288 691 451 762 Angelorum
460 711 492 746 ec
501 695 540 746 cit
549 695 578 748 In
588 713 635 749 mos
645 697 761 761 dilectio,
779 709 811 751 ut
820 717 867 752 aas
877 719 929 754 aaa
939 717 1013 765 auec,
1028 703 1074 753 ced

302 763 382 816 arluc
391 765 449 816 ceri
457 763 513 818 De·
522 766 606 820 vellat
616 783 670 819 croc
680 770 804 822 cultores.

96 853 207 911 blerito
221 853 312 910 illiln
324 854 499 911 coelestibus
517 854 632 911 sedibus
654 861 821 932 constituti,
845 862 1022 918 immortales
1042 870 1072 918 et

25 939 116 1009 beati,
130 939 186 1016 qui
199 935 351 995 creatoris
363 941 409 994 sui
419 939 643 1014 participatione
656 944 855 1021 congaudent,
876 946 960 1000 cuius
973 953 1069 1001 aeter-

25 1025 119 1080 nitate
142 1021 238 1092 firmI,
265 1023 353 1078 euius'
370 1025 495 1080 veritato
518 1026 601 1096 certi,
628 1027 713 1082 cuius
732 1045 853 1084 munere
871 1030 965 1084 sancti
983 1039 1069 1101 euat3

26 1109 168 1181 quoniam
180 1123 237 1173 nos
248 1108 386 1164 mortales
399 1115 430 1163 et
441 1109 574 1178 miseros,
588 1116 621 1164 ut
629 1110 806 1166 immortales
818 1112 954 1187 beatique
967 1114 1069 1184 simus,

26 1188 265 1246 misericorditer
278 1189 540 1268 dilIgunt,‡nolunt
552 1207 608 1248 nos
622 1193 679 1250 sibi
691 1193 872 1267 sacrificare,
900 1193 951 1249 sed
965 1197 1003 1266 ei,
1017 1215 1068 1252 cu-

25 1276 71 1330 ius
83 1284 112 1330 et
124 1275 187 1349 ipsi
198 1273 354 1350 nobiscum
365 1274 541 1331 sacrificium
549 1291 581 1330 se
592 1291 656 1330 esse
664 1285 820 1333 noverunt.
835 1276 983 1350 CumIpsis
992 1281 1070 1334 enirn

25 1377 130 1414 sumus
144 1375 206 1414 una
219 1356 331 1414 Ciuitas
344 1357 416 1429 Dei,
440 1360 488 1414 oui
501 1357 609 1414 dicitur
627 1360 660 1414 in
672 1357 804 1433 Psalmo,
835 1359 975 1418 Gloriosa
988 1361 1070 1418 dicto

25 1452 102 1498 sant
115 1441 153 1498 dc
166 1451 205 1512 te,
220 1437 339 1500 Clvitcs
351 1440 429 1502 Del:
449 1443 531 1498 cuiue
544 1457 613 1517 pars
625 1443 658 1498 iu
670 1444 754 1500 nobis
767 1445 989 1522 peregrinetur,
1002 1461 1069 1518 pera

25 1529 57 1582 in
71 1527 134 1581 illis
148 1526 320 1597 opitulatur.
348 1524 393 1582 De
405 1527 457 1582 illa
470 1527 577 1602 qnippe
589 1543 716 1601 superna
729 1526 871 1600 civitate,
884 1528 934 1584 ubi
946 1527 1005 1584 Del
1016 1547 1069 1584 vo-

24 1613 122 1666 luntas
136 1609 339 1686 intelligibilis
352 1618 440 1685 atque
452 1610 697 1667 incommutabilis
711 1613 761 1668 Iex
775 1621 831 1685 est,
854 1611 890 1668 de
903 1613 954 1667 illa
968 1629 1069 1685 super-

24 1713 63 1750 na
76 1689 308 1770 quodammodo
321 1691 403 1749 curia
421 1689 547 1772 (geritur
565 1709 690 1770 nemque
709 1695 750 1752 ibi
770 1713 842 1753 eura
859 1695 895 1751 de
911 1697 1013 1772 nobis)
1033 1696 1070 1752 ad

24 1796 78 1834 nos
90 1778 264 1833 misriamata
276 1791 329 1851 per
341 1775 471 1854 Angelos
485 1786 587 1844 sancta
600 1779 650 1834 illa
664 1777 817 1855 Scriptura
830 1779 997 1852 deseendit,
1020 1781 1070 1836 ubi

24 1863 149 1940 legitur:
180 1856 369 1931 Suerlficcne
383 1861 443 1918 dlis
456 1861 675 1934 erudicabitur,
688 1866 750 1921 nisi
761 1861 886 1922 Domino
900 1865 965 1921 soli.
992 1862 1069 1920 Huic

25 1947 203 2020 scripturae,
223 1941 291 1998 huic
305 1945 376 2022 IegI,
389 1943 496 2001 talibus
509 1947 672 2022 praeceptis
684 1955 768 2004 tante
780 1957 850 2005 suut
861 1957 1000 2004 attestata
1013 1949 1068 2002 mi-

23 2032 139 2100 racula,
163 2038 200 2084 ut
212 2027 286 2084 satis
298 2037 452 2103 appareat,
477 2031 525 2084 eui
538 2047 593 2086 nos
607 2031 773 2086 sacriticcre
786 2033 881 2088 velint
892 2033 1070 2086 immortales

23 2133 54 2170 ac
65 2115 163 2184 beati,
180 2112 232 2186 qui
243 2109 299 2168 boe
312 2111 397 2168 nobis
411 2114 516 2168 volunt
528 2129 592 2168 esse
609 2113 686 2188 quod
699 2114 765 2172 sibl.
794 2165 796 2170 ,

407 2244 529 2304 CAP.
577 2244 691 2306 v111.

21 2344 60 2400 De
70 2332 237 2405 miraculis,
257 2355 325 2412 puae
337 2339 411 2394 Deua
420 2343 457 2396 cd
464 2341 775 2414 corroborocdcmfidem
781 2343 905 2412 piorum,
924 2343 1007 2398 etium
1018 2363 1069 2414 per

86 2414 265 2485 Angelorum
274 2410 452 2466 ministerium
459 2413 599 2482 promissis
609 2413 664 2466 suis
675 2413 801 2466 adbibere
812 2415 940 2484 dignatus
952 2425 999 2468 eet.
1056 2427 1059 2432 '

58 2507 141 2564 Nam
148 2505 243 2562 ulmis
250 2511 352 2562 vetera
359 2503 384 2558 si
390 2491 623 2572 commemorem,
633 2503 752 2578 lougius
763 2521 851 2576 quam
861 2513 907 2560 sat
917 2515 963 2560 est
971 2509 1068 2562 revol-

18 2611 89 2649 vere
99 2589 243 2659 videbor,
257 2605 331 2663 quae
342 2585 484 2660 miracula
495 2583 572 2642 faeta
585 2586 645 2640 siut
655 2587 828 2642 attestantia
841 2588 992 2660 promissis
1001 2587 1068 2660 Dei,

19 2676 128 2752 quibus
136 2682 211 2730 ante
219 2665 1067 2744 annorummilliapraedixitelbrahae,quodinsemineeius

19 2778 123 2816 omnes
132 2765 243 2836 gentes
251 2751 608 2818 bencdictiouemfuerant
616 2749 855 2820 habiturae.Quis
863 2755 1066 2812 enimnonmi-

17 2856 103 2900 retur
117 2843 216 2898 eidem
222 2837 356 2898 Abrahae
366 2838 460 2896 filium
468 2838 617 2913 peperisse
628 2835 784 2914 coniugem
793 2839 933 2909 sterilem,
948 2857 982 2898 eo
992 2848 1066 2896 tem-

17 2947 94 3001 pore
102 2925 279 2995 senectutis,
287 2941 343 2998 quo
350 2918 769 2998 parereueo[qucnecparerc‚
777 2921 915 3000 necesse]
923 2923 1067 2982 foecunda

16 3015 76 3068 iam
90 3019 212 3086 posset,
227 3017 313 3082 atque
326 3007 359 3062 in
373 3005 502 3062 eiusdem
515 3004 648 3064 Abrahae
662 3005 806 3064 sacrificio
820 3005 964 3066 flammam
977 3011 1066 3066 coeli·

18 3107 65 3152 tus
80 3096 197 3164 factam
209 3093 289 3148 inter
304 3089 412 3146 divisas
427 3091 561 3148 victimas
575 3090 758 3164 cucurrisse;
771 3090 922 3168 eidemque
934 3091 1065 3153 Abrahae

16 3179 210 3254 praedictum
227 3175 263 3232 ab
280 3174 401 3252 Angelis
421 3175 548 3232 eoeleste
570 3172 741 3231 incendium
758 3173 967 3250 Sodomorum,
994 3196 1065 3254 quos
1131 3227 1133 3232 .

18 3265 155 3342 Angelos
170 3259 339 3316 bominibus
354 3259 464 3314 similos
476 3255 604 3333 hospitio
623 3268 805 3332 susceperat,
832 3269 862 3316 et
883 3279 936 3334 per
958 3279 1007 3317 eos
1031 3261 1066 3316 de

17 3351 105 3421 prole
117 3354 251 3403 ventura
264 3341 323 3398 Dei
339 3343 482 3415 promissa
496 3350 645 3413 tenuerat3
671 3343 791 3416 ipsoque
814 3343 984 3400 irnurinente
1008 3346 1066 3398 iam

17 3429 183 3500 iacendio,
210 3428 316 3482 miram
329 3424 364 3480 de
378 3423 512 3482 Sodomis
525 3443 577 3501 per
592 3425 710 3480 eosdem
721 3424 850 3502 Angelos
863 3426 1067 3484 liberationem

16 3516 75 3572 Lot
89 3515 147 3571 filii
159 3511 263 3570 fratris
277 3509 354 3580 eius3
368 3509 452 3564 cuius
461 3525 540 3565 uxor
553 3511 586 3568 in
598 3509 647 3566 via
658 3518 739 3564 retro
752 3507 923 3582 respiciens,
936 3516 1022 3583 atque
1035 3508 1067 3562 iu

17 3603 115 3656 salem
124 3603 252 3671 repente
263 3609 417 3665 conversa,
429 3610 536 3671 magno
549 3591 700 3648 admonuit
713 3599 908 3664 sacramento,
921 3591 1067 3647 neminem

16 3687 45 3740 in
59 3686 115 3742 ria
129 3679 319 3737 liberationis
334 3695 403 3732 suae
419 3676 580 3752 praeterita
593 3675 759 3732 desiderare
778 3669 900 3731 deberel
924 3673 978 3731 Illa
994 3692 1065 3730 vero

19 3787 97 3843 quae
114 3775 147 3822 et
161 3771 276 3841 quanta
290 3770 372 3830 sunt,
399 3779 472 3836 quae
485 3761 543 3816 iam
556 3779 608 3834 pcr
620 3758 743 3836 Moysen
755 3759 861 3834 populo
876 3757 933 3816 Dei
946 3758 981 3814 de
994 3759 1065 3838 iugo

17 3849 182 3912 servitutis
197 3843 331 3904 eruendo
349 3846 381 3902 in
393 3845 526 3922 Aegypto
539 3844 711 3900 misabiliter
723 3851 807 3923 gesta
825 3845 910 3917 aunt,
927 3842 976 3900 ubi
989 3843 1066 3922 magi
