2586 4396
274 193 333 250 DE
359 193 575 252 CIVITATE
598 193 676 252 DEI
697 195 775 252 ΗΒ.
796 195 867 254 XV.
1028 201 1065 260 tt

38 349 107 407 idco
122 345 230 402 addere
243 353 359 401 centum
372 362 465 401 annos
478 345 597 416 breves,
615 354 648 402 ut
660 348 755 402 nostri
767 349 874 426 viginti
886 367 939 406 sex
952 351 1066 424 fierent,

39 449 164 490 neccsse
177 446 239 486 non
252 427 322 499 fuit3
348 437 486 503 necpost
502 437 603 486 natum
615 427 717 486 Enoch
734 449 784 488 eos
805 430 971 506 detrahere,
996 453 1066 511 quoa

37 535 99 574 non
110 512 265 570 addiderat
277 520 345 568 autc
358 521 465 569 namne.
492 510 542 570 Sic
555 512 662 570 factum
675 523 719 569 est
733 523 766 570 ut
776 513 824 570 bio
837 517 917 572 nulla
930 526 1008 573 esset
1019 521 1066 576 in-

36 611 83 658 ter
99 597 218 655 codices
231 603 371 670 utrosque
384 597 520 654 varietas.

107 679 166 739 Sed
178 696 284 738 rursus
294 687 401 750 movet,
417 681 513 736 curin
526 689 629 737 octava
640 682 841 757 generatione,
854 691 922 738 ente
934 701 1019 760 quam
1032 684 1067 740 de

38 762 232 824 Mathusalem
245 773 415 820 nasceretur
426 761 566 835 Lamech,
584 781 673 841 quum
685 762 759 839 apud
771 763 919 822 Hebraeos
933 768 1069 845 legantur

41 858 162 906 centum
174 847 326 925 octoginta
339 846 394 904 duo
408 849 488 917 anni,
508 848 616 930 viginti
628 849 723 906 minus
737 849 930 906 inveniuntur
942 852 974 907 in
987 851 1067 907 eodi-

42 935 124 1008 eibus
136 932 262 1002 nostris,
284 929 335 986 ubi
351 931 448 1005 potius
467 931 534 988 addi
552 941 669 988 centum
682 933 789 1004 solent3
815 941 923 1008 etpost
936 936 1068 1012 genitum

40 1014 168 1075 lramech
182 1014 377 1090 complendam
391 1016 585 1072 restituuntur
597 1014 634 1071 ad
647 1033 801 1088 summam,
827 1035 899 1092 quae
915 1019 948 1074 in
960 1017 1068 1074 codici-

39 1103 92 1159 bus
105 1101 239 1175 utrisque
251 1116 311 1156 non
324 1097 477 1172 discrepat.
512 1097 547 1156 Si
558 1099 636 1155 enim
649 1108 766 1155 centum
779 1102 964 1178 septuaginta
976 1119 1068 1158 annos

39 1194 159 1261 propter
170 1183 333 1259 pubertatis
346 1182 558 1253 maturitatem,
581 1181 679 1238 decem
690 1191 721 1238 et
733 1192 843 1257 septem
854 1185 969 1240 volebat
981 1186 1068 1242 intel-

40 1271 110 1346 ligi3
124 1269 201 1324 sicut
214 1264 288 1322 nibil
300 1264 418 1337 addere,
431 1267 473 1322 ita
485 1264 559 1322 nibil
567 1263 719 1322 detrahere
728 1267 786 1322 iam
795 1266 928 1324 debebat:
942 1269 1009 1342 quio
1022 1270 1068 1324 in·

41 1361 165 1408 venerat
178 1358 303 1407 aetatem
315 1349 449 1408 idoneam
463 1349 648 1428 generationi
660 1348 797 1420 liliorum,
809 1359 928 1422 propter
941 1369 1027 1425 quam
1038 1352 1069 1406 in

44 1437 110 1492 aliis
126 1443 237 1504 centum
252 1434 317 1490 illos
331 1451 435 1505 annos,
448 1433 498 1490 ubi
511 1451 574 1490 cam
587 1451 646 1488 non
660 1432 837 1504 inveniebat,
851 1433 981 1490 addebat.
1004 1431 1070 1490 Hoc

41 1528 140 1576 autem
155 1517 191 1574 de
202 1517 310 1595 viginti
324 1518 409 1573 annis
422 1518 525 1574 merito
537 1525 704 1590 putaremus
723 1533 791 1572 casu
807 1515 1007 1573 mendositatis
1021 1535 1070 1572 ae-

43 1602 141 1658 cidere
154 1601 299 1677 petuisse,
317 1602 377 1657 nisi
390 1595 455 1673 eos,
477 1601 554 1656 aierit
566 1601 647 1674 priua
660 1598 836 1672 detraxerat,
850 1602 1006 1658 restituere
1018 1619 1069 1674 po-

43 1697 109 1743 stea
122 1692 249 1756 curaret,
266 1692 299 1742 ut
311 1702 440 1742 summae
453 1685 625 1742 conveniret
636 1684 801 1762 integritas.
843 1684 889 1740 Αιι
902 1684 979 1740 sorte
991 1691 1071 1739 astu-
1117 1672 1124 1682 '

44 1772 102 1828 tius
115 1769 227 1828 factum
239 1765 465 1825 existimandum
479 1775 539 1839 est,
565 1777 599 1824 ut
617 1768 683 1838 illa,
709 1785 765 1843 qua
777 1776 894 1825 centum
906 1769 978 1824 anni
989 1768 1070 1842 prius

44 1859 141 1912 solent
151 1853 241 1910 adiici
255 1860 285 1908 et
295 1859 396 1926 postea
409 1849 531 1920 detrahi,
550 1853 747 1907 occultaretur
758 1852 917 1922 industria,
943 1869 1030 1926 quum
1043 1859 1072 1905 et

43 1942 103 1996 illie
116 1938 167 1996 ubi
181 1953 301 1994 necesse
313 1953 377 1994 non,
387 1934 497 2004 fluerat,
520 1952 580 1991 non
593 1933 707 2009 quidem
720 1932 755 1988 de
768 1942 885 1990 centum
898 1936 999 2006 annis,
1019 1951 1070 1990 rc-

43 2033 206 2082 rumtamen
220 2019 257 2076 de
269 2020 525 2095 quantulocunque
538 2035 658 2074 numero
671 2018 752 2091 prius
765 2017 906 2088 detracto,
927 2025 994 2090 post
1005 2015 1071 2072 red·

45 2108 116 2179 dito,
128 2107 189 2162 tale
202 2101 312 2179 aliquid
325 2097 426 2158 fierctl
458 2099 517 2158 Sed
530 2099 744 2175 quomodolibet
757 2098 835 2154 istud
847 2100 1018 2174 accipiatur,
1032 2100 1072 2153 si-

45 2211 85 2247 ve
98 2188 232 2246 credatur
244 2187 286 2244 ita
299 2203 364 2242 esse
377 2179 498 2255 lectum,
523 2185 585 2240 sive
598 2201 658 2240 non
677 2181 826 2254 credetur3
852 2183 914 2238 sive
926 2189 1072 2256 postremo

47 2276 106 2331 ita:
131 2275 191 2329 aive
208 2289 270 2328 non
287 2272 328 2326 ita
347 2269 398 2326 sit:
419 2266 580 2338 rectefieri
599 2267 679 2323 nullo
699 2265 785 2322 modo
809 2265 1016 2337 dubitaverim,
1041 2273 1073 2321 ut

47 2377 136 2434 quum
148 2356 297 2412 diversum
309 2353 417 2429 aliquid
430 2353 461 2408 in
474 2352 606 2428 utrisque
619 2347 767 2406 codicibus
779 2351 939 2422 invenitur,
959 2349 1073 2425 quando

45 2442 162 2518 quidem
175 2439 212 2496 ed
225 2437 312 2494 fidem
324 2455 423 2492 rerum
436 2445 583 2515 gestarem
596 2443 750 2508 utrumque
764 2452 828 2490 esse
841 2451 902 2490 non
915 2442 1011 2508 potest
1022 2451 1074 2489 ve-

46 2545 122 2596 rum,
136 2527 165 2581 ei
178 2525 297 2601 linguae
309 2521 406 2596 potius
417 2518 561 2588 credetur,
573 2515 651 2573 unde
664 2518 753 2572 estin
767 2518 853 2572 aliam
865 2533 918 2589 per
930 2517 1074 2589 interpre-

48 2620 95 2664 tes
107 2609 183 2666 lacta
195 2606 358 2664 menelotio.
372 2602 446 2660 Nam
460 2602 492 2658 in
506 2598 678 2676 quibusdem
691 2601 779 2655 etiam
793 2598 940 2655 codicibus
955 2597 1074 2654 Graecis

48 2693 156 2763 tribus,
168 2701 197 2748 et
209 2707 270 2746 uno
283 2687 404 2757 Latino,
424 2694 523 2741 etune
538 2683 624 2739 etiam
637 2680 713 2758 Syro
726 2684 805 2739 inter
818 2699 849 2738 se
862 2681 1073 2737 consentienti·

49 2777 123 2846 bus,
148 2777 281 2832 inventus
305 2780 349 2828 est
361 2767 550 2828 Mathusalem
570 2784 623 2822 sex
642 2767 727 2824 annis
746 2775 813 2823 ante
831 2764 971 2822 diluvium
984 2763 1074 2821 fuisse

32 2841 213 2918 ’defunctus

432 2936 454 2996 C
476 2937 500 2994 Α
521 2935 552 2992 Ρ.
586 2931 617 2991 X
631 2933 691 2991 IV.

46 3039 91 3092 De
98 3039 244 3109 parilitate
254 3053 396 3100 ancorum,
415 3035 461 3104 qui
469 3034 562 3088 iisdem
571 3031 665 3101 quibat
673 3049 743 3086 cuae
754 3032 850 3101 spatiis
861 3041 887 3084 et
900 3031 930 3084 ic
938 3029 1076 3100 prioribus

46 3135 49 3140 ·
409 3104 717 3158 soeculircocurreruct.

111 3199 200 3258 Nunc
213 3199 273 3254 iarn
290 3197 439 3254 videamus
453 3211 577 3268 quonam
589 3189 674 3248 modo
688 3191 838 3248 evidenter
849 3192 941 3265 possit
952 3190 1076 3260 ostendi,

48 3303 106 3342 non
121 3294 182 3340 tam
196 3283 311 3354 breves,
324 3289 357 3336 ut
368 3280 413 3336 illi
424 3277 522 3332 decem
535 3293 611 3332 unus
625 3283 702 3330 esset
713 3282 825 3344 noster,
839 3272 889 3328 sed
900 3282 998 3329 tantae
1008 3290 1076 3345 prc-

47 3369 176 3424 lixitatis
191 3383 284 3422 annos
298 3371 422 3440 quantae
436 3379 516 3417 nunc
528 3357 676 3428 habemus,
696 3351 782 3432 (quoa
795 3358 896 3430 utique
910 3356 1077 3412 circumitus

47 3452 170 3508 conficit
188 3450 291 3520 solis,l
314 3448 346 3502 in
359 3447 475 3502 illorum
485 3440 635 3498 hominum
647 3441 707 3496 vita
720 3439 918 3514 prolixissima
931 3447 1077 3510 computa-

45 3546 103 3592 tos.
128 3533 354 3594 sexcentesimo
368 3546 471 3602 nempe
484 3543 561 3582 anno
573 3525 652 3581 vitae
661 3521 735 3594 Noi,
749 3522 887 3595 scriptum
901 3530 955 3589 est,
969 3519 1079 3574 iactum

44 3638 114 3676 esse
127 3617 282 3674 diluvium.
314 3612 374 3672 Cur
387 3629 458 3692 ergo
470 3609 511 3666 ibi
524 3609 646 3686 legitur,
671 3603 713 3662 Et
726 3623 804 3683 aque
817 3601 922 3662 diluvii
925 3601 1021 3674 fecta
1035 3609 1079 3658 ert

44 3720 143 3780 cuper
161 3711 276 3758 terram
289 3696 496 3756 tercentesimo
514 3710 590 3749 acco
609 3693 640 3748 in
656 3691 721 3748 cite
740 3684 846 3764 [citae]
860 3681 934 3756 Noe’,
961 3684 1080 3742 recondi

40 3785 171 3854 meretis,
184 3785 310 3862 septime
321 3791 351 3838 et
359 3780 498 3838 viceritne
510 3777 632 3850 mensim
645 3775 670 3830 si
683 3789 776 3828 annus
788 3772 837 3826 ille
847 3771 995 3840 minimus,
1008 3785 1078 3845 qua-

41 3872 93 3924 les
115 3869 216 3926 decem
235 3867 346 3922 iaciunt
363 3881 451 3920 unum
470 3868 618 3931 nostrum,
643 3857 765 3934 triginta
783 3873 835 3911 sex
855 3853 915 3911 dies
938 3847 1078 3911 babebatl
