2590 4396
267 217 330 275 DE
353 215 575 276 CIVITATE
600 219 678 277 DEl
711 221 792 279 ΗΒ.
815 223 867 281 lV.
1038 235 1093 291 121

61 377 81 430 ai
97 373 224 430 felicitas
239 370 360 427 virtutis
376 378 421 424 est
432 371 607 444 praemium,
627 389 689 428 non
704 373 775 445 dea,
790 376 841 432 sed
854 377 912 438 Dei
923 383 1029 442 donum
1044 399 1088 444 m

60 457 86 513 Si
99 465 196 512 autem
215 454 272 509 dea
287 461 347 522 est,
375 470 427 508 cur
440 471 499 508 non
514 453 626 510 dicatur
639 464 669 510 et
680 457 819 513 virtutem
841 462 934 537 ipsam
947 469 1095 536 conlcrre;

59 536 291 615 qisandoquidcm
305 536 395 590 etiam
407 536 546 592 virtutem
558 540 698 614 consequi
709 540 834 599 felicitas
846 563 955 624 magua
968 547 1029 606 esti
1088 535 1090 542 ¹

417 684 540 743 CAP.
583 684 722 745 xxii.

58 787 91 838 lle
101 785 219 838 scientio
227 783 401 835 colendorum
416 782 522 834 deorum
529 799 637 903 ,unom
648 802 665 866 a
676 801 703 836 se
719 785 806 841 Varro
813 793 957 860 gloriatur
967 797 1092 850 collatam

471 867 525 904 esse
565 869 675 906 amasse.

108 960 188 1028 Quid
205 977 279 1036 crgo
293 967 353 1028 est,
368 959 445 1033 quod
457 977 509 1033 pro
519 961 636 1038 ingenti
648 961 790 1022 beneficio
801 965 893 1026 Varro
906 971 996 1026 iactat
1006 989 1091 1044 prae-

56 1055 123 1100 stare
136 1063 169 1100 se
184 1041 302 1099 civibus
316 1043 393 1112 suis,
421 1043 488 1116 quia
502 1061 563 1099 uon
577 1045 669 1100 solum
691 1061 896 1108 commemorat
909 1051 992 1123 deos,
1020 1071 1091 1128 quos

56 1130 103 1183 ooli
115 1133 255 1202 oporteat
268 1145 285 1181 a
298 1124 457 1195 Romanis,
481 1129 684 1183 verumetiam
707 1129 778 1186 dicit
802 1135 871 1208 quid
893 1134 930 1190 ad
951 1153 1091 1210 quemque

56 1205 219 1284 pertineat?
267 1207 441 1279 „Quomodo
456 1206 529 1264 nihil
543 1208 676 1283 prodest,
695 1213 810 1287 iuquit,
830 1214 957 1272 bominis
970 1219 1091 1272 alicuius

57 1293 175 1363 „medici
189 1309 304 1348 nomen
317 1290 498 1365 formamque
511 1310 615 1361 nosse,
640 1302 670 1348 et
694 1294 771 1368 quod
796 1298 835 1351 sit
855 1298 984 1352 medicus
1006 1301 1091 1374 igno-

56 1395 148 1446 „raret
175 1377 219 1430 ita
233 1375 308 1430 dicit
321 1371 397 1428 nihil
408 1373 547 1446 prodesse
561 1377 654 1446 seire,
682 1375 767 1432 deum
793 1397 857 1434 esse
880 1381 1092 1455 Aesculapium,

57 1461 97 1530 „ai
110 1459 229 1514 nescias
254 1475 322 1512 eum
347 1455 509 1513 valetudini
536 1458 687 1531 opitulari,
710 1467 796 1534 atque
810 1462 851 1518 ita
868 1463 987 1540 ignores
1001 1481 1053 1518 cur
1066 1465 1094 1519 ei

56 1542 175 1613 „debeas
206 1541 383 1615 supplicare.
427 1537 491 1596 Hoc
507 1541 595 1596 ctiam
607 1539 732 1597 affirmat
743 1545 800 1599 alia
814 1544 1020 1616 similitudine,
1048 1546 1091 1602 di·

9 1683 10 1686 ,
57 1643 155 1697 „cens,
185 1642 250 1680 non
276 1621 363 1678 modo
387 1621 462 1677 bone
488 1625 607 1695 vivere,
634 1625 799 1682 sedvivere
813 1629 932 1684 omnino
946 1631 1091 1688 neminem

57 1727 171 1782 „posse,
201 1707 228 1761 si
241 1707 363 1783 ignoret
376 1705 510 1779 quisnam
524 1707 563 1762 sit
575 1705 671 1777 faber,
697 1709 762 1783 quis
775 1710 884 1784 pistor,
911 1711 976 1786 quis
990 1711 1093 1782 tector,

56 1811 89 1861 „a
101 1810 157 1866 quo
170 1788 246 1866 quid
260 1787 390 1844 utensile
402 1796 502 1861 pctore
514 1789 623 1864 possit,
650 1808 735 1865 quem
748 1791 911 1850 adiutorem
933 1811 1093 1864 assumere,

55 1893 156 1948 „quem
171 1873 296 1942 ducem,
312 1887 399 1944 quem
412 1869 574 1928 doctorem:
601 1891 635 1928 eo
649 1873 734 1930 modo
747 1877 821 1931 nulli
835 1875 953 1934 dubium
967 1895 1031 1932 esse
1045 1895 1092 1931 as-

54 1975 190 2026 „screns,
219 1956 264 2010 ita
277 1971 343 2009 csse
356 1953 459 2008 utilem
472 1957 672 2032 cognitionem
684 1956 821 2030 deorum,
847 1961 873 2014 si
886 1961 994 2014 sciamr
1008 1977 1093 2033 quam

54 2042 194 2114 „quisque
210 2037 285 2093 deus
298 2037 360 2093 vim
384 2045 413 2091 et
427 2035 594 2094 facultatem
616 2048 668 2095 aut
688 2046 863 2115 potestatem
886 2042 1027 2114 cuiusque
1048 2040 1093 2094 rei
1142 2103 1145 2108 1

54 2121 185 2190 „habeat
232 2119 282 2176 Ex
296 2137 331 2174 co
343 2119 423 2173 enim
435 2121 610 2192 poterimus,
636 2123 747 2198 iuquit,
768 2125 844 2178 scire
857 2139 943 2198 quem
954 2123 1092 2197 cuiusque

54 2225 155 2274 „causa
184 2203 277 2258 deum
303 2200 447 2257 advocare
472 2211 557 2278 atque
583 2205 721 2261 iuvocare
745 2205 913 2262 debeamus:
941 2223 980 2260 nc
1002 2204 1092 2260 facia-

54 2307 142 2359 ‚,mus,
157 2296 194 2342 ut
207 2285 293 2341 mimi
307 2285 418 2354 solent,
445 2292 474 2340 ct
486 2295 617 2360 optemus
631 2287 768 2344 alibero
782 2307 900 2365 aquam,
923 2306 940 2344 a
953 2285 1091 2364 Lymphis

54 2371 207 2440 „vinum.“
247 2366 359 2444 Magna
373 2383 445 2422 saue
458 2370 581 2425 utilitas.
614 2371 686 2436 Quis
700 2389 760 2427 non
773 2368 843 2428 huic
856 2373 968 2450 gratias
981 2380 1093 2448 ageret,

54 2457 76 2508 si
97 2472 171 2510 vera
198 2459 399 2521 monstrarct3
426 2461 455 2507 et
469 2453 599 2508 siunum
611 2471 716 2509 verum
729 2453 842 2526 Deum,
869 2473 886 2509 a
910 2471 968 2528 quo
995 2462 1094 2508 essent

54 2539 145 2594 omnia
159 2537 261 2606 bona,
287 2532 455 2590 hominibus
469 2535 623 2591 colendum
636 2531 779 2591 (lacerati

410 2683 533 2742 cnP.
576 2681 741 2740 XXlll.

54 2781 99 2833 De
108 2781 266 2846 Felicitate,
288 2795 369 2849 quam
378 2779 496 2834 Rmoam'
508 2780 654 2831 maltorum
664 2785 836 2830 veneratores
846 2780 967 2841 deorum,
986 2777 1033 2829 diu
1044 2793 1094 2830 oon

131 2853 274 2904 coluerant
295 2850 394 2902 bonore
414 2850 517 2913 elicisse,
538 2865 658 2917 cumpro
668 2848 788 2901 omnibus
798 2850 856 2901 sola
869 2847 1016 2916 sufficeret.

115 2956 175 3014 Sed
201 2957 283 3014 unde
308 2973 388 3012 nunc
411 2957 525 3034 agitur,
552 2959 578 3012 si
591 2957 659 3013 libri
673 2966 703 3013 et
716 2974 800 3013 sacra
814 2973 915 3012 corum
927 2973 998 3012 vera
1013 2965 1093 3026 sunt,

55 3047 82 3095 ct
93 3041 236 3098 Felicitas
251 3040 306 3096 (lea
320 3048 382 3112 cst,
398 3058 450 3095 cur
462 3058 523 3096 non
533 3041 598 3114 ipsa
611 3059 670 3096 una
684 3059 758 3116 quae
773 3043 919 3098 coleretur
932 3041 1094 3095 constituta

54 3134 111 3194 est,
140 3141 219 3200 quae
234 3133 338 3198 posset
350 3125 492 3179 universa
506 3123 657 3194 conferre,
683 3133 712 3180 ct
726 3124 897 3198 compendio
911 3124 1009 3179 lacere
1027 3122 1093 3177 leli-

54 3203 131 3262 ceml
160 3209 237 3274 Quis
253 3208 333 3262 enim
347 3214 429 3280 optat
441 3207 551 3280 aliquid
564 3217 683 3280 propter
696 3208 775 3263 aliud
789 3225 875 3282 quam
889 3215 924 3262 ut
936 3205 1008 3260 felix
1022 3199 1093 3260 fiatt

54 3288 109 3345 Cur
124 3290 256 3365 denique
268 3298 328 3346 tam
343 3307 409 3344 sero
432 3287 499 3344 huic
513 3297 613 3344 tentae
627 3289 698 3346 deae
710 3299 777 3364 post
790 3298 835 3345 tot
847 3289 996 3346 Romanos
1011 3288 1092 3360 prin-

54 3373 288 3447 cipesLucullus
314 3373 418 3428 aedem
444 3369 617 3428 constituitl
645 3371 705 3428 Cur
727 3374 790 3446 ipsc
809 3370 952 3428 Romulus
978 3370 1093 3424 felicem

53 3459 171 3530 cupiens
184 3455 318 3514 condere
329 3456 496 3526 civitatem,
511 3473 572 3510 non
585 3453 653 3510 huic
667 3457 806 3529 templum
818 3455 1002 3528 potissimum
1015 3458 1094 3504 stru-

51 3537 110 3595 xiti
137 3541 206 3598 Nec
219 3547 342 3615 propter
356 3538 465 3612 aliquid
479 3537 535 3593 diis
550 3539 674 3594 cacteris
688 3538 877 3611 supplicavit,
892 3531 1008 3608 quando
1020 3528 1093 3584 nibil

50 3621 182 3695 deesset,
216 3625 244 3679 si
256 3621 330 3678 haec
344 3621 470 3676 adesset.
510 3619 585 3676 Nam
597 3630 627 3676 ct
639 3621 702 3694 ipse
717 3637 773 3675 nec
786 3621 867 3693 priua
881 3631 951 3681 rex,
975 3630 1047 3684 nec,
1062 3622 1095 3668 ut

48 3717 168 3778 putant,
196 3715 305 3782 postea
318 3704 392 3760 deus
409 3702 510 3774 fieret,
538 3704 565 3758 si
577 3702 653 3758 hanc
668 3701 750 3756 deam
763 3699 920 3775 propitiam
933 3713 992 3752 non
1006 3694 1093 3752 habe-

48 3799 97 3845 ret,
139 3790 182 3847 Vt
206 3789 280 3866 quid
307 3805 380 3864 ergo
408 3787 563 3842 constituit
575 3784 716 3842 Romanis
730 3782 816 3852 deos,
843 3781 960 3849 lanum,
985 3778 1094 3848 lovem,

46 3871 189 3948 llartesn,
218 3871 345 3942 Picum,
366 3868 514 3940 Faunum,
533 3867 721 3937 Tiberinum,
737 3863 912 3934 Herculem,
940 3870 969 3917 ct
983 3863 1009 3917 si
1023 3877 1096 3937 quos
