2576 4396
230 203 293 262 on
317 203 532 262 crvrrrru
561 203 640 262 oni
675 204 754 262 nin.
776 205 835 265 xi.
997 197 1065 272 asi

36 366 183 435 resurget:
212 355 241 411 id
255 365 317 425 cst,
331 356 562 429 quotiescunque
578 355 730 427 ceciderit,
757 375 816 413 non
829 360 944 432 peribit.
976 365 1058 430 Quod

37 462 88 500 non
102 441 135 496 de
148 439 365 514 iniquitatibus,
379 438 431 494 sed
441 438 478 494 de
488 439 725 495 tribulationibus
739 438 775 496 ad
788 439 981 500 humilitatem
994 465 1058 519 per-

37 523 198 581 ducentibus
212 523 341 598 intelligi
354 523 455 579 voluit.
477 521 533 591 Et,
546 518 663 599 Septies
678 524 708 579 in
721 523 769 580 die
780 523 906 582 laudabo
920 537 958 584 tc.
978 529 1059 594 Quod

36 608 95 664 alibi
114 607 171 662 alio
189 605 273 662 modo
293 603 404 662 dictum
425 613 483 661 est:
510 601 632 682 Semper
644 605 710 662 lasa
724 607 787 664 eius
800 609 831 662 in
845 627 895 666 ore
909 629 979 666 mco.
1022 610 1060 666 Et

35 692 115 746 nrulta
128 686 296 744 huiusmodi
309 688 342 744 in
358 687 466 746 divinis
480 689 706 746 auetoritatibus
719 692 925 764 reperiuntur,
951 695 983 748 in
996 695 1060 768 qui-

34 774 80 830 bus
93 772 276 845 septenarius
289 788 440 842 numerus,
454 781 489 828 ut
502 770 574 843 dixi,
587 789 641 846 pra
655 774 796 850 caiusque
809 776 854 830 rei
867 777 1059 832 universitate

34 857 96 930 poni
107 856 192 910 solet.
235 851 359 927 Propter
371 852 427 910 boc
442 853 544 910 eodem
558 873 645 930 saepe
657 875 781 914 nunrcro
793 858 978 936 significatur
992 858 1059 934 Spi-

34 942 99 994 ritus
112 946 250 1007 senemr,
265 935 301 991 de
314 954 371 1010 qua
386 935 530 994 Dominus
543 940 600 996 ait:
622 938 748 998 Dcccbs't
758 958 811 1000 cos
823 961 934 1000 omnem
946 945 1060 1002 cerita-

33 1032 90 1078 tem.
116 1020 162 1078 lbi
175 1019 291 1095 requies
304 1017 377 1090 Dei,
401 1038 458 1094 qua
470 1023 663 1100 requiescitur
676 1024 709 1080 in
723 1021 797 1082 Deo.
819 1024 853 1081 ln
866 1034 928 1082 toto
942 1027 1058 1102 quippe,

33 1105 126 1175 idest,
139 1105 172 1160 in
187 1105 275 1178 plena
286 1101 469 1176 perfectione
482 1106 615 1178 requies3
629 1107 661 1162 in
673 1115 756 1180 parte
770 1116 866 1164 autem
878 1107 968 1164 labor.
990 1107 1059 1165 ldeo

32 1190 206 1258 laboramus,
220 1183 356 1260 quamdiu
370 1203 408 1240 ex
420 1197 505 1261 parte
518 1190 644 1258 scimus,
658 1188 710 1243 sed
722 1208 789 1244 cum
801 1192 971 1263 pervenerit
982 1191 1060 1266 quod

32 1271 183 1344 perfectum
197 1277 257 1340 est,
282 1265 362 1343 quod
375 1287 412 1324 ex
425 1279 509 1344 parte
523 1280 569 1326 est
582 1271 781 1327 evacuabitur.
824 1270 903 1328 ilinc
923 1281 968 1326 est
985 1273 1059 1346 quod

35 1357 113 1412 etiam
126 1352 295 1428 Scripturas
308 1353 381 1408 istas
395 1371 463 1409 cum
482 1353 582 1410 labore
599 1349 749 1410 rimamur.
792 1344 897 1412 Sancti
914 1373 985 1411 vero
999 1355 1059 1410 An-

32 1439 99 1513 geli,
125 1435 163 1492 ad
176 1450 300 1510 quorum
312 1436 484 1492 societatem
499 1445 529 1491 et
542 1437 803 1514 congregationem
815 1439 848 1496 in
861 1435 915 1494 bac
927 1438 1061 1514 peregri-

33 1523 142 1576 natione
164 1519 396 1573 laboriosissima
418 1519 614 1593 suspiramus,
641 1522 719 1575 sicut
741 1519 851 1577 babent
871 1520 1061 1596 permanendi

32 1605 244 1669 aeternitatem,
271 1601 312 1656 ita
331 1600 530 1678 cognoscendi
548 1600 720 1658 facilitatem
733 1613 763 1659 et
775 1603 979 1679 requiescendi
994 1604 1060 1658 seli-

32 1688 149 1740 citatem.
177 1681 252 1740 Sine
265 1681 436 1740 difficultate
450 1685 557 1759 quippe
574 1702 629 1740 nos
642 1685 797 1758 adiurant;
823 1689 959 1762 quoniam
973 1687 1059 1762 spiri·

32 1769 128 1824 talibus
142 1765 271 1824 motibus
283 1765 369 1840 puris
384 1774 414 1822 at
425 1765 526 1824 liberis
537 1786 597 1824 non
607 1770 749 1826 laborant.

367 1883 435 1990 cn
457 1931 489 1987 P.
531 1931 716 1992 XXXll.

32 2027 67 2082 Dc
77 2029 201 2099 opinions
210 2043 303 2082 emm
316 2025 364 2096 qui
376 2029 536 2098 angelorum
545 2028 710 2148 “cepionem
719 2030 883 2083 antenorem
893 2033 1061 2094 salustasse,

447 2114 527 2166 quam
537 2114 600 2150 man
619 2115 637 2148 a.

83 2187 129 2244 Ne
149 2188 216 2262 quis
234 2195 335 2244 autem
356 2186 515 2244 contendat
534 2197 565 2243 et
582 2185 677 2258 dicat,
703 2203 764 2244 non
791 2195 909 2244 sanctos
933 2186 1061 2264 Angelos

30 2289 88 2325 esse
101 2269 303 2348 significatos,
329 2270 361 2326 in
375 2286 410 2326 eo
421 2269 498 2344 quod
513 2271 654 2345 scriptum
668 2279 726 2341 cst,
753 2267 825 2328 Fiat
839 2270 907 2340 lar,
930 2269 1061 2340 etfacta

29 2364 69 2408 est
81 2353 151 2426 ¹⁸⁰5?
178 2353 229 2408 aed
251 2351 411 2426 quamlibet
427 2354 521 2408 lucem
533 2362 605 2428 tuno
617 2354 745 2425 primurn
757 2353 865 2408 factam
879 2370 944 2408 esse
958 2371 1061 2425 corpo-

29 2453 120 2508 ream,
147 2445 198 2492 aut
210 2436 363 2510 opinetur,
381 2443 432 2490 aut
445 2434 561 2490 doceat:
588 2433 718 2510 Angelos
731 2443 829 2490 autem
841 2437 925 2506 prius
939 2451 1004 2490 esse
1017 2434 1061 2488 la-

31 2530 104 2590 etos,
118 2535 182 2576 non
196 2527 311 2576 tantum
323 2527 392 2574 aute
407 2515 632 2585 firmamentum,
646 2515 723 2590 quod
735 2517 813 2572 intcr
826 2533 917 2588 aquas
932 2522 962 2568 ct
974 2531 1063 2586 aquas

29 2601 149 2672 laetum,
162 2602 340 2676 appellatum
354 2607 400 2656 est
412 2600 540 2668 coelum,
561 2597 613 2654 sed
625 2606 695 2652 ante
709 2596 782 2652 illud
795 2595 872 2670 quod
886 2595 994 2650 dictum
1008 2604 1064 2665 est,

28 2680 61 2739 ln
68 2683 314 2762 princqos'osscs't
329 2680 415 2740 Deus
429 2679 539 2738 coelura
552 2689 583 2738 st
596 2689 728 2736 terram:
742 2687 831 2753 atque
844 2677 918 2734 illud
930 2675 1007 2751 qaod
1020 2676 1064 2732 di-

29 2776 104 2822 ctum
117 2777 163 2823 eat
175 2763 212 2824 ln
219 2767 389 2844 principio,
410 2781 471 2820 non
484 2765 527 2820 ita
539 2761 650 2820 dictum
663 2770 802 2836 tanquam
813 2762 940 2836 priorum
952 2757 1007 2814 hoc
1020 2758 1064 2814 fa-

29 2857 106 2904 ctum
120 2852 176 2920 sit,
191 2868 258 2906 cum
270 2861 339 2904 ante
351 2848 457 2904 fecerit
465 2846 612 2925 Angelos3
626 2843 678 2902 sed
690 2847 759 2920 quia
772 2845 871 2900 omnia
880 2845 911 2900 iu
922 2843 1065 2917 sapientia

29 2930 96 2987 feeit
108 2930 190 3006 quod
204 2940 249 2987 est
262 2928 392 2985 Verbum
406 2931 485 3001 eiua,
499 2940 530 2986 et
542 2932 637 3003 ipsum
650 2927 805 3003 Scriptura
816 2927 996 3002 principium
1008 2945 1063 2982 no-

28 3015 167 3086 minarit3
195 3013 349 3086 sicutipse
362 3013 393 3068 in
406 3011 572 3090 Evangelia
586 3011 702 3069 ludaeis
718 3011 924 3086 quaerentibus
938 3011 1004 3085 quis
1018 3028 1064 3065 es·

28 3105 82 3167 set,
94 3096 248 3171 respondit
261 3113 293 3150 se
308 3112 370 3149 esso
383 3095 572 3168 principium:
586 3113 647 3151 non
661 3114 677 3150 e
692 3095 840 3152 contrario
852 3093 980 3151 reseram
993 3111 1064 3150 cou-

29 3181 204 3249 tentionem,
217 3179 345 3234 maxime
359 3179 426 3251 quia
439 3175 495 3233 hcc
508 3197 554 3234 me
569 3179 694 3234 delectat
705 3179 872 3252 plurimum,
885 3176 964 3252 quod
978 3178 1065 3233 ctiam

28 3261 183 3318 insummo
198 3260 321 3317 exordio
335 3261 431 3316 sancti
443 3261 512 3315 libri
526 3260 676 3317 Geneseos
690 3259 824 3317 Trinitas
837 3259 1065 3317 commendatur.

28 3339 101 3396 Cum
114 3346 195 3400 enim
206 3346 248 3400 ita
262 3343 385 3412 dicitur,
411 3340 448 3399 In
461 3345 615 3420 principio
625 3344 711 3414 facit
730 3343 813 3400 Deus
833 3344 943 3400 coslum
962 3352 992 3398 st
1005 3351 1066 3396 ter-

25 3441 107 3496 ram,
119 3435 154 3482 ut
165 3425 254 3482 Pater
267 3425 374 3482 fecisse
386 3426 571 3501 intelligatur
585 3428 616 3482 in
629 3427 716 3496 Filio,
730 3428 808 3482 sieut
821 3421 1066 3482 attestaturPsal-

25 3523 109 3576 mus,
134 3509 184 3564 ubi
196 3509 323 3586 legitur,
352 3505 448 3575 Quam
461 3508 658 3583 magnificata
670 3520 740 3566 eunt
753 3527 846 3586 opera
860 3518 913 3563 tua
927 3502 1068 3561 Domine!
1144 3547 1146 3550 .

27 3591 129 3645 oannis
148 3593 179 3647 in
196 3591 350 3669 sapientia
361 3589 491 3661 fecisti:
518 3593 797 3648 convenientissime
809 3591 895 3665 paulo
907 3595 976 3661 post
988 3605 1066 3640 com-

25 3683 206 3730 memoratur
220 3676 309 3730 ctiam
322 3671 451 3746 Spiritus
466 3682 595 3729 sanctus.
639 3673 711 3730 Cum
736 3677 815 3729 enirn
841 3673 951 3726 dictum
979 3677 1067 3737 esset,

26 3754 145 3821 qualern
156 3766 264 3814 terram
277 3757 359 3812 Deus
379 3757 514 3830 primitus
533 3757 655 3827 fecerit,
682 3757 730 3811 vel
750 3772 835 3828 quarn
853 3755 958 3808 molem
976 3760 1067 3806 mate·

28 3829 145 3890 risumve
166 3839 283 3898 futurae
305 3839 532 3894 constructionis
556 3839 657 3895 mundi
681 3839 755 3892 coeli
779 3846 808 3892 et
829 3847 926 3890 terrac
949 3833 1067 3889 nomine
