2510 4404
201 205 263 262 362
431 196 533 256 DIVI
555 193 744 254 AVRELll
765 192 1025 260 AVGVSTlNl

205 356 282 435 gitat
294 370 368 428 quae
381 358 451 408 sunt
463 347 537 419 Dei,
551 346 696 422 quomodo
708 347 824 420 placeat
837 340 930 422 Deo‚)
957 348 1036 422 qnod
1047 351 1230 425 superaedifi

201 439 298 507 canit,
311 434 472 494 mercedem
485 433 631 508 accipiet:
656 430 687 486 id
703 439 764 500 est,
791 430 869 486 unde
883 431 1045 508 cogitavit,
1070 429 1131 487 hoc
1145 445 1230 488 suma

201 521 237 580 Si
249 522 333 578 cuiae
347 526 446 576 eutem
459 532 531 594 opus
545 516 678 584 arserit,
692 515 830 572 damnum
836 516 997 591 patietur:
1013 517 1162 589 quoniam
1174 515 1230 591 quod

202 605 363 674 dilexerat,
389 618 450 657 non
464 597 590 655 habebit.
634 594 704 673 Ipse
726 607 825 654 autem
848 597 950 654 salvas
973 600 1050 670 erit;
1080 601 1155 674 quia
1171 603 1230 656 11111

202 707 271 744 eum
284 685 434 742 tribulatio
448 682 483 739 ab
495 683 574 738 illius
588 679 771 738 fundamenti
784 679 943 736 stabilitate
957 681 1068 737 movit:
1093 685 1141 738 cic
1154 693 1231 739 tamn

202 772 289 848 quati
294 787 354 848 per
369 770 473 844 ignem.
518 763 603 831 Quod
617 766 695 820 enim
709 765 774 820 sine
788 764 929 819 illiciente
942 782 1045 820 amore
1060 783 1127 826 non
1141 764 1232 823 1111111

202 856 267 910 sine
281 860 386 909 urente
399 849 499 906 dolore
513 865 574 904 non
591 847 696 922 perdit.
740 845 834 918 Ecce,
860 856 1001 922 quantum
1023 847 1102 904 mihi
1127 849 1233 908 videtur.

203 940 340 994 inventus
355 941 400 990 est
413 933 510 1009 ignis,
534 931 585 1006 qui
598 932 712 988 nullum
725 948 826 988 eorum
842 929 978 1004 damnet,
992 930 1046 987 sed
1059 951 1156 990 unum
1169 933 1234 1002 dites

202 1021 325 1078 alterum
339 1013 524 1088 damnificet,
537 1012 636 1070 ambos
648 1014 762 1090 probet.

266 1099 301 1158 Si
314 1109 411 1158 autem
424 1101 525 1178 ignem
539 1099 622 1154 illurn
634 1099 693 1154 isto
706 1099 770 1154 loco
783 1099 961 1156 voluerimus
976 1099 1131 1173 accipere,
1146 1099 1180 1155 de
1192 1119 1233 1174 qno

202 1185 350 1244 Dominus
364 1183 442 1240 dicet
454 1183 595 1253 sinistris,
611 1179 767 1240 Discedite
780 1201 800 1240 a
813 1201 858 1240 me
871 1181 1027 1240 maledicti
1040 1184 1074 1238 in
1090 1185 1188 1260 igneae
1198 1204 1233 1240 oe·

202 1280 336 1328 ternam:
363 1276 396 1324 11
408 1268 441 1324 in
455 1267 497 1322 eis
511 1267 600 1322 etiam
614 1267 665 1322 isti
679 1284 744 1322 esse
758 1264 933 1337 credantur,
959 1266 1011 1340 qui
1025 1265 1189 1324 aedificant
1198 1286 1232 1322 su·

202 1372 255 1428 per
267 1350 489 1410 fundamentum
501 1350 599 1429 ligna,
612 1350 746 1420 foenum,
760 1351 914 1424 stipulam,
933 1367 1045 1424 eosque
1059 1369 1104 1406 ex
1117 1353 1168 1408 illo
1181 1355 1231 1430 igne

202 1447 271 1514 post
284 1446 398 1512 tempus
416 1453 469 1512 pro
486 1435 571 1492 malis
585 1435 700 1492 meritis
713 1434 894 1508 impertitum
905 1433 1012 1488 liberet
1026 1433 1103 1490 boni
1115 1438 1231 1492 merimn

203 1521 402 1578 fundamenti:
429 1517 499 1596 quid
512 1517 718 1576 arbitrabimur
729 1517 850 1574 dextros
864 1517 969 1593 quibus
985 1517 1128 1592 dicetur,
1151 1517 1232 1577 Venite

203 1605 350 1663 benedicti
368 1601 474 1660 Patris
493 1604 565 1673 mei,
583 1602 738 1681 possidete
749 1611 898 1679 paratam
917 1600 998 1658 cobis
1019 1621 1167 1678 regnum,
1190 1605 1232 1658 nisi

103 1728 106 1732 ·
204 1706 254 1744 eos
281 1688 332 1760 qui
349 1685 581 1742 aedificaverunt
594 1703 681 1760 super
693 1683 917 1742 fundamentum
930 1702 1053 1756 aurum,
1083 1697 1232 1765 argentum

203 1768 315 1844 lapides
328 1763 492 1844 pretiososl
519 1766 579 1824 Sed
591 1769 624 1824 in
638 1769 721 1824 illum
734 1770 849 1846 ignem,
867 1767 903 1824 de
916 1787 973 1844 quo
985 1767 1103 1827 dictum
1120 1781 1180 1842 est,
1202 1773 1232 1826 11(

204 1863 302 1912 tamen
316 1853 404 1929 quasi
412 1869 472 1928 per
486 1852 600 1928 ignem,
624 1853 650 1907 si
664 1849 719 1908 hoc
732 1852 817 1910 modo
831 1862 876 1909 est
889 1851 1126 1930 intelligendus,
1137 1857 1232 1929 utrique

203 1934 339 1992 mittendi
352 1944 436 2006 sunt,
464 1944 494 1991 et
507 1934 605 1992 dextri
619 1935 749 2008 seilicet,
778 1937 943 1994 etsinistri.
987 1935 1043 1992 lllo
1058 1941 1234 2015 quippeigne

204 2010 321 2084 utrique
334 2009 477 2084 probandi
494 2022 579 2085 sunt,
605 2013 640 2071 de
654 2033 710 2090 quo
724 2015 833 2073 dictum
852 2026 908 2074 est:
935 2017 1012 2076 Dies
1032 2023 1115 2078 enim
1128 2021 1234 2078 Domai

205 2091 381 2162 declarabit,
395 2097 532 2170 quoniam
547 2098 577 2152 ia
591 2097 660 2171 igne
672 2097 868 2174 revelabitur,
881 2110 911 2158 et
923 2103 1161 2182 uniuscuiusque
1176 2120 1231 2183 opst

204 2171 290 2248 quale
309 2175 364 2242 sit,
392 2175 472 2249 ignis
490 2175 642 2254 probabit.
687 2176 721 2234 si
741 2198 811 2258 ergo
831 2190 988 2259 utrumque
1006 2185 1151 2259 probabit
1162 2191 1234 2267 ignis,

202 2265 236 2310 ut
249 2256 275 2310 si
289 2257 373 2312 cuius
387 2271 458 2329 opus
476 2262 689 2334 permanserit,
712 2261 743 2317 id
758 2273 818 2336 est,
844 2282 903 2322 non
916 2266 1009 2324 luerit
1023 2270 1101 2347 igne
1116 2292 1234 2329 consun-

201 2346 280 2407 tum,
294 2337 372 2412 quod
385 2341 655 2416 superaedificavit,
667 2345 833 2404 mercedem
846 2350 986 2425 accipiat3
1008 2354 1036 2408 si
1054 2357 1141 2412 cuius
1155 2367 1234 2412 antea

202 2437 274 2492 opus
288 2423 410 2494 arserit,
425 2421 563 2482 damnum
574 2429 722 2501 patiatur:
749 2430 882 2506 profecto
896 2444 1016 2490 nonest
1030 2439 1099 2511 ipse
1114 2449 1233 2495 aeternus

200 2503 251 2558 ille
269 2504 359 2584 ignis.
403 2503 437 2562 ln
457 2509 538 2565 illum
557 2511 637 2588 enim
656 2513 711 2568 soli
730 2514 844 2572 sinistri
863 2518 1027 2576 novissima
1051 2530 1084 2576 et
1108 2533 1233 2596 perpetue

200 2586 389 2646 damnatione
404 2591 576 2664 mittentur,
603 2593 661 2651 iste
681 2605 779 2654 autem
799 2595 920 2662 dextros
936 2602 1053 2676 probat.
1101 2605 1162 2663 Sed
1174 2607 1232 2661 alios

200 2688 301 2729 eorum
314 2673 357 2729 sic
369 2673 483 2748 probat,
496 2683 531 2732 ut
543 2675 708 2734 aedificium
719 2679 798 2758 quod
810 2701 899 2758 super
906 2681 1059 2745 Christum
1071 2687 1231 2748 fundamen

199 2763 263 2810 tum
276 2756 312 2812 ab
325 2757 368 2812 eis
382 2759 533 2816 invenerit
547 2779 612 2818 esse
632 2772 849 2839 constructum,
875 2785 936 2826 non
950 2781 1059 2828 exurat
1071 2783 1163 2849 atque
1176 2792 1231 2828 con

199 2847 310 2895 sumet:
338 2841 412 2897 alios
426 2851 523 2898 autem
537 2845 640 2917 aliter,
654 2845 685 2902 id
699 2855 761 2919 est,
776 2858 811 2906 11
823 2849 900 2926 quod
911 2855 1230 2928 superaedificaverunt

197 2919 318 2992 ardent,
333 2921 527 2999 damnumque
541 2927 610 2984 inde
621 2930 788 3005 patiantur;
802 2935 876 2992 salvi
888 2933 962 2994 fiant
974 2947 1095 3011 autem,
1110 2943 1230 3016 quonia·

198 2999 349 3059 Christum
363 3007 394 3062 in
408 3005 600 3066 tirndanrento
615 3011 760 3072 stabiliter
772 3017 899 3091 positum
913 3023 1113 3092 praecellenti
1126 3027 1230 3080 enies

196 3092 365 3142 tenuerunt.
410 3087 445 3146 si
459 3099 556 3147 autem
570 3094 645 3150 salvi
664 3095 752 3170 fient,
778 3099 908 3172 profecto
923 3113 952 3160 et
964 3104 1002 3162 ad
1015 3105 1171 3166 dexteram
1182 3117 1228 3162 sa-

197 3167 286 3239 bunt,
314 3179 344 3226 et
367 3190 433 3228 cum
456 3176 582 3231 caeteris
607 3176 742 3254 audient,
772 3180 874 3243 Venite
894 3185 1045 3246 benedicti
1057 3188 1228 3256 Patr-issia,

191 3253 344 3328 possidete
359 3266 507 3334 paratura
528 3259 609 3317 vobis
632 3281 773 3341 regnam:
800 3285 861 3323 non
880 3267 917 3324 ad
932 3272 1104 3345 sinistram,
1133 3276 1181 3332 ubi
1196 3273 1226 3328 illi

195 3346 297 3408 erunt,
311 3341 361 3414 qui
376 3341 449 3396 salvi
464 3360 523 3399 non
538 3354 635 3418 erunt,
651 3355 681 3402 et
693 3346 758 3404 ideo
772 3348 902 3424 audient,
916 3351 1076 3414 Discedite
1090 3377 1112 3414 a
1125 3377 1168 3416 ne
1180 3375 1223 3412 ne

195 3420 301 3478 ledioti
312 3424 343 3482 in
358 3425 456 3500 ignem
471 3436 633 3486 aeternam.
677 3429 771 3489 Nemo
790 3435 895 3511 quippe
908 3436 944 3494 sb
958 3439 1008 3494 illo
1023 3441 1097 3517 igne
1117 3441 1224 3498 advebi-

195 3513 260 3574 tur,
288 3508 357 3582 quia
370 3508 401 3562 in
416 3509 590 3584 supplicium
604 3521 755 3570 aeternum
770 3513 856 3574 ibunt
868 3521 914 3576 illi
927 3539 1046 3592 omnes,
1070 3525 1122 3580 ubi
1135 3524 1222 3580 vernis

196 3603 297 3642 eorum
311 3607 372 3646 non
385 3593 537 3664 morietur,
552 3603 583 3649 et
595 3596 674 3674 ignis
686 3616 745 3654 non
761 3602 982 3680 exstinguetur,
996 3623 1054 3680 quo
1065 3609 1221 3666 1111111111

194 3675 244 3721 tur
259 3667 306 3724 die
320 3689 355 3726 eo
369 3682 454 3728 nocte
467 3676 499 3731 in
514 3679 632 3734 saecula
645 3683 838 3740 saeculorum.

249 3747 321 3806 Post
333 3754 420 3810 istius
435 3774 507 3814 sanc
521 3763 653 3836 corporis
667 3773 807 3836 mortem,
834 3767 929 3827 donec
942 3770 979 3828 ad
993 3773 1077 3829 illum
1089 3777 1221 3838 veniatur,

196 3830 247 3902 qui
264 3841 330 3904 post
347 3842 596 3898 resurrectionem
615 3863 770 3921 corporum
788 3849 906 3910 futurus
925 3864 972 3911 est
990 3855 1185 3916 damnationis
1200 3867 1221 3908 a
