2530 4392
227 223 284 282 DE
310 223 527 283 ClVlTATE
552 225 629 284 DEI
650 227 730 286 hill.
757 227 853 288 xxi.
981 236 1038 292 341

48 387 77 433 st
89 379 167 434 anbni
179 378 268 448 dolor,
281 378 333 434 sed
346 380 513 453 corporalis,
531 388 611 436 tactu
626 382 743 454 noxius,
758 392 790 438 ut
803 402 836 440 eo
849 389 963 460 possint
976 407 1041 446 cor·

48 480 99 518 ora
112 463 241 537 cruciari3
265 461 405 537 quomodo
418 463 450 518 in
463 481 498 518 eo
512 464 568 518 erit
581 465 673 532 etiam,
685 483 779 540 poena
792 469 947 544 spirituum
960 473 1042 541 mali-

48 541 162 614 :noruml
180 543 257 602 Idem
269 547 372 621 quippe
386 547 464 624 ignis
479 548 545 618 erit,
559 548 699 621 supplicio
713 552 824 606 scilicet
836 550 985 610 hominum
998 566 1041 612 at-

48 629 147 686 ributus
158 638 184 685 et
196 629 384 702 daemonum,
404 629 520 686 dicente
539 629 668 687 Christo:
696 629 850 692 Discedite
863 655 883 693 a
896 656 939 694 nte
952 638 1041 695 mole·

47 713 101 770 lictt'
118 713 249 790 inignem
269 722 436 783 oeternum,
463 716 514 792 qui
527 724 661 793 paratus
682 726 727 774 eet
746 717 859 776 diabolo
877 730 907 776 et
927 721 1042 797 angelis
1136 775 1138 780 .

48 799 97 853 ius.
126 795 185 852 Nisi
201 797 270 871 quia
290 806 359 852 ιιιιιι
376 796 515 872 quaedam
532 813 586 853 sua
604 798 692 855 etiam
709 799 894 858 daemonibus
910 822 1041 879 corpora,

47 882 102 936 icut
112 877 197 936 doctis
212 878 375 937 bominibus
388 882 484 938 visum
497 890 556 952 est,
576 899 613 937 cx
626 883 683 960 ¹isto
697 887 764 952 atre
778 903 876 940 crasso
890 896 975 962 atque
987 886 1042 943 hu-

46 963 113 1034 ndo,
135 965 211 1020 cuius
230 965 370 1039 impulsus
387 973 475 1022 vento
492 963 581 1022 flante
603 967 737 1022 sentitur.
773 967 857 1034 Quod
876 988 968 1047 genus
982 972 1041 1026 ele·

46 1049 111 1103 renti
123 1049 146 1104 si
158 1047 229 1104 nihil
238 1049 308 1125 igne
317 1050 429 1124 perpeti
441 1057 549 1124 posset,
563 1067 623 1106 non
637 1060 736 1106 ureret
748 1050 922 1109 fervefactus
936 1055 968 1109 in
981 1054 1042 1111 bal·

48 1133 95 1186 eis.
116 1130 151 1187 Vt
162 1133 238 1187 enim
251 1141 336 1203 urat,
354 1133 436 1208 prior
453 1135 559 1204 uritur,
582 1131 707 1208 iecitque
721 1153 784 1190 cum
796 1137 916 1208 patitur.
944 1134 978 1194 si
991 1156 1042 1193 au-

46 1235 82 1270 em
96 1216 237 1290 quisquam
251 1217 331 1272 nulla
342 1213 448 1272 bebere
459 1235 580 1291 corpora
590 1215 742 1274 daemones
752 1228 911 1292 asseverat,
925 1231 1044 1277 nonest

45 1297 1042 1376 ebacreautlaborandumoperosainquisitione,autcontentiosadis-

45 1384 166 1439 utatione
176 1381 352 1440 certandum.
367 1381 425 1440 Cur
436 1385 514 1440 enim
527 1401 587 1440 non
598 1383 736 1457 dicamus,
751 1387 881 1462 quamvis
892 1388 986 1459 miris,
998 1397 1043 1444 ta·

45 1466 1043 1545 tenverismodisctiamspiritusincorporeospossepoenacorporalis

44 1553 95 1626 gnis
105 1549 203 1628 affligi,
217 1551 243 1606 si
253 1551 372 1625 spiritus
381 1549 541 1622 bominum,
555 1551 643 1608 etiam
654 1553 710 1628 ipsi
722 1553 853 1627 profecto
865 1555 1043 1630 incorporei,

44 1645 138 1690 tnunc
150 1643 307 1708 potuerunt
320 1635 432 1692 includi
446 1635 643 1710 corporalibus
657 1636 812 1709 membris,
835 1646 864 1693 ct
877 1647 948 1694 tunc
961 1647 1043 1713 pote·

44 1727 87 1774 mt
100 1735 249 1794 corporum
263 1736 383 1774 suorum
392 1720 519 1776 vinculis
532 1719 728 1776 insolubiliter
740 1717 874 1799 alligaril
896 1720 1048 1780 Adhaere.

44 1811 88 1858 ιιι
101 1820 187 1880 ergo,
211 1803 238 1857 si
251 1803 293 1858 eis
307 1803 389 1859 nulla
400 1813 469 1860 sunt
484 1821 621 1877 corpora,
640 1803 760 1879 spiritus
776 1804 961 1877 daemonum,
985 1807 1043 1862 imo

43 1887 132 1942 viritas
146 1884 317 1958 daemones,
340 1888 409 1943 licet
422 1888 601 1960 incorporeis
615 1887 732 1965 ignibus
747 1889 910 1946 cruciandi:
933 1908 994 1946 uon
1007 1899 1041 1946 ut

43 1988 99 2024 nes
112 1971 182 2044 ipsi,
209 1971 311 2046 quibus
326 1969 533 2042 adhaerebunt,
548 1989 648 2026 eorum
661 1973 797 2028 iunctura
810 1973 1000 2046 inspirentur,
1013 1982 1043 2028 ιι

43 2055 149 2110 rimalia
162 2053 248 2122 fiant,
268 2071 343 2128 quae
357 2063 493 2110 constent
506 2054 611 2127 spiritu
624 2063 653 2108 et
668 2069 802 2128 corpore3
829 2053 894 2124 sed,
920 2065 955 2110 ut
967 2054 1041 2125 dixi,

43 2138 94 2192 iris
109 2147 138 2194 et
150 2135 342 2194 ineffabilibus
355 2135 449 2192 modis
464 2135 658 2206 adhaerendo,
683 2137 859 2211 accipientes
873 2153 910 2192 ex
923 2137 1041 2215 ignibus

42 2239 146 2292 tenum,
171 2239 232 2277 non
250 2219 351 2276 dantes
370 2221 487 2298 ignibus
505 2220 604 2275 vitam.
640 2219 714 2285 Quia
727 2229 757 2274 et
769 2221 825 2276 iste
838 2221 913 2276 alius
926 2219 1041 2291 modus,

42 2323 67 2360 io
83 2304 252 2380 corporibus
266 2302 425 2360 adhaerent
440 2304 577 2378 spiritus,
600 2311 629 2358 ct
646 2303 783 2359 animalia
802 2303 892 2375 fiunt,
920 2306 1040 2360 omnino

42 2391 101 2444 irus
116 2398 177 2460 est,
203 2407 258 2444 nec
272 2385 477 2462 comprehendi
491 2387 526 2443 ab
539 2385 656 2443 homine
668 2395 775 2462 potest,
804 2397 834 2444 et
846 2385 900 2444 boc
913 2389 974 2462 ipse
987 2386 1040 2444 ho-

42 2482 123 2528 sest.

69 2555 210 2613 Dicerem
223 2555 338 2629 quidem
357 2558 399 2610 sic
419 2571 536 2611 arsuros
556 2554 620 2609 sine
634 2556 692 2611 ullo
705 2572 757 2610 suo
773 2572 894 2628 corpore
908 2556 1040 2629 spiritus,

42 2649 83 2696 eut
96 2637 218 2696 ardebat
231 2638 305 2713 apud
317 2637 426 2694 inferos
440 2638 491 2692 ille
505 2635 601 2707 dives,
627 2636 741 2713 quando
761 2637 888 2710 dicebat,
918 2636 1040 2696 crucior

48 2723 108 2780 boc
115 2723 259 2797 flammo:
285 2723 345 2780 nisi
358 2721 569 2780 convenienter
581 2720 751 2796 responderi
766 2739 932 2792 cernerem,
953 2723 1040 2778 talem

42 2825 96 2862 sse
110 2807 193 2860 illam
206 2802 360 2878 flammam,
373 2806 471 2882 quales
485 2805 563 2861 oculi
577 2822 647 2880 quos
661 2806 783 2876 levavit,
798 2804 981 2862 ethecarum
994 2807 1039 2862 si-

42 2915 60 2960 ,
85 2889 184 2964 qualis
202 2889 305 2966 lingua
324 2892 371 2946 cui
389 2888 537 2946 homorem
557 2890 695 2967 exiguum
715 2888 891 2946 desideravit
912 2888 1039 2959 infundi,

42 2973 96 3028 slis
111 2972 224 3050 digitus
240 2972 357 3047 Lazari,
372 2973 407 3032 de
422 2993 478 3049 quo
491 2972 521 3029 id
535 2971 590 3028 sibi
603 2973 668 3028 lieri
679 2975 851 3048 postulavit:
877 2973 926 3029 ubi
939 2983 1038 3030 tamen

42 3065 87 3112 snt
106 3049 175 3112 sine
194 3057 363 3132 corporibus
382 3059 505 3114 animae.
541 3055 591 3114 Sic
617 3075 688 3135 ergo
715 3058 905 3132 incorporalis
934 3067 964 3113 et
988 3058 1038 3114 illa

42 3158 120 3196 mma
134 3158 193 3216 qua
206 3143 327 3212 exarsit,
342 3151 371 3197 et
383 3143 435 3197 illa
445 3141 561 3218 guttula
574 3158 661 3214 quam
673 3142 820 3215 poposcit;
841 3143 938 3216 qualia
951 3143 1037 3196 etiam

42 3233 70 3279 nt
82 3226 152 3280 visa
166 3224 372 3281 dormientium
386 3225 493 3280 sivein
507 3224 612 3277 ecstasi
627 3226 810 3278 cernentium
828 3241 876 3278 res
900 3225 1037 3297 incorpo-

44 3325 92 3379 es,
118 3307 263 3364 babentes
282 3316 379 3362 tamen
396 3302 615 3361 similitudinem
633 3323 795 3378 corporum.
829 3303 904 3360 Nam
927 3315 957 3359 et
976 3306 1037 3379 ipse

42 3411 84 3448 mo
101 3410 172 3448 cum
186 3391 301 3465 spiritu,
314 3407 374 3445 non
385 3405 515 3461 corpore,
528 3388 567 3444 sit
579 3387 611 3442 in
624 3386 729 3442 talibus
741 3388 826 3456 visis,
840 3387 882 3443 ita
896 3405 927 3442 se
940 3396 1038 3443 tamen

42 3495 70 3531 rc
86 3476 219 3530 similem
232 3491 284 3530 suo
298 3473 412 3547 corpori
427 3471 516 3542 videt,
536 3481 569 3526 ut
582 3469 748 3526 discernere
763 3470 882 3525 cornino
896 3488 956 3525 non
969 3488 1037 3544 pos-

76 3559 119 3616 At
135 3577 208 3615 vero
221 3556 357 3635 gebenna
368 3557 429 3625 illo,
443 3554 518 3632 quod
532 3555 618 3610 ctiam
631 3563 768 3631 stagnum
782 3553 861 3632 ignis
875 3562 904 3608 et
917 3551 1036 3628 sulphu-

50 3643 173 3698 dictum
187 3652 242 3712 est,
256 3657 411 3716 corporeus
425 3640 503 3717 ignis
515 3639 581 3710 erit,
596 3647 627 3693 et
635 3637 776 3694 cruciabit
788 3653 908 3712 corpora
918 3636 1036 3694 damne-

42 3746 107 3796 um,
123 3735 182 3782 aut
195 3734 225 3780 ιι
237 3723 402 3795 bominum,
426 3732 455 3779 et
468 3723 654 3792 daemonum,
675 3719 765 3778 solida
777 3718 936 3793 bominum,
958 3722 1038 3778 atria

42 3824 195 3878 :monum3
220 3818 270 3864 aut
282 3817 394 3864 tantum
406 3805 555 3864 bominum
570 3823 690 3881 corpora
705 3823 768 3861 eum
781 3804 945 3880 spiritibus,
968 3804 1037 3861 dce-

42 3912 97 3952 nes
136 3906 238 3949 autem
271 3893 392 3967 spiritus
425 3893 489 3950 sinc
515 3888 683 3966 corporibus
717 3888 867 3946 haerentes
899 3889 1037 3946 sumendo
