2586 4396
218 212 275 267 176
442 201 539 263 DIVI
557 199 749 261 Avarum
771 197 1020 260 AVGVSTINI

213 359 325 434 posuit,
352 358 478 413 sicutiin
492 364 593 432 quarto
608 351 682 408 libro
708 354 943 421 commemoravi,
970 368 1006 406 cx
1032 360 1157 408 naturae
1186 352 1263 408 for-

214 443 293 508 mula
306 439 337 496 se
350 441 524 514 scripturum
542 437 649 504 fuisse,
676 436 702 506 ai
720 453 824 493 novam
842 436 904 508 ipse
923 432 1061 490 conderet
1079 435 1261 500 civitatem

215 525 283 598 quia
309 541 378 580 vero
402 524 460 577 iam
486 529 615 577 veterem
633 519 802 590 invenerat,
827 517 1162 591 nonsepotuissenisi
1189 521 1264 574 cius

215 603 555 678 consuetudincmsequi.
804 643 806 646 v
914 591 984 676 (tel.
1001 595 1201 677 CAP.IV.)·

641 750 745 808 ιιι).
789 749 823 804 v.
867 789 870 800 ι
953 701 967 720 ’
1013 733 1016 740 “
1091 705 1094 711 ’

218 848 258 900 De
271 849 355 900 tribas
367 847 510 916 generibus
524 847 676 916 theologiae
690 845 832 898 secundare
847 841 1008 905 Varronem,
1026 841 1127 894 scilieet
1137 859 1194 894 uno
1202 844 1263 914 fa-

178 915 186 922 ’
451 915 549 978 doloso,
561 917 645 971 alters¹
655 912 782 975 natarali,
794 911 926 977 tertioque
936 909 1014 962 cicili.
1026 977 1029 982 Ι

277 1017 393 1075 Deinde
406 1019 477 1076 illud
496 1021 581 1094 quale
596 1029 656 1090 est,
683 1017 760 1094 quod
786 1019 844 1074 tria
862 1033 971 1094 genera
997 1012 1162 1090 theologiae
1181 1015 1265 1072 dicit

217 1119 295 1173 esse,
314 1102 344 1158 id
361 1111 419 1176 est,
438 1105 562 1158 rationis
576 1121 651 1179 quac
665 1101 700 1157 de
714 1101 770 1157 diis
784 1102 965 1174 explicatur,
991 1115 1147 1172 eorumque
1160 1117 1263 1156 unum

215 1185 364 1262 mythicon
379 1186 532 1259 appellari,
551 1185 672 1240 alterum
689 1181 843 1260 physicon,
862 1182 978 1237 tertium
999 1176 1103 1236 civilei
1145 1179 1262 1238 Latine

217 1270 243 1324 si
255 1285 326 1324 usus
341 1267 521 1338 admitteret,
540 1284 634 1344 genus
649 1267 723 1340 quod
735 1268 860 1340 primum
871 1265 983 1338 posuit,
1001 1263 1134 1319 fabulare
1152 1267 1261 1339 appel-

216 1353 357 1422 laremus3
384 1350 434 1406 sed
443 1350 608 1406 fabulosum
621 1348 762 1406 dicamus:
788 1366 806 1403 a
818 1347 924 1403 fabulis
942 1345 1190 1421 enim-mythicon
1211 1347 1261 1402 di-

217 1443 294 1490 ctum
316 1442 374 1504 est3
398 1435 537 1508 quoniam
559 1431 648 1504 μῦθος
661 1432 772 1488 Graece
798 1429 897 1486 fabula
924 1427 1038 1485 dicitur.
1082 1428 1259 1485 Secundum

217 1524 312 1571 autem
324 1513 647 1586 censentientem,
665 1517 722 1570 iam
737 1524 766 1570 et
780 1509 959 1570 consuetudo
973 1511 1131 1567 locutionis
1146 1512 1261 1568 adrisit-

216 1599 261 1652 tit.
304 1593 438 1652 Tertium
451 1598 538 1652 etiam
551 1598 612 1670 ipse
626 1595 729 1653 Latine
749 1597 926 1666 enuntiavit,
954 1593 1029 1669 quod
1047 1595 1134 1651 civile
1150 1598 1259 1668 appel-

216 1682 301 1735 latur.
345 1675 458 1734 Deinde
476 1680 531 1735 ait:
575 1677 747 1755 „Mythicon
765 1679 925 1753 appellant,
944 1695 1000 1752 quo
1018 1679 1144 1734 maxime
1162 1687 1258 1733 utun·

217 1771 287 1832 „tur
315 1769 432 1835 poetae;
456 1759 614 1836 physicon,
645 1780 701 1836 quo
726 1760 903 1836 philosophi3
930 1761 1031 1833 civile,
1058 1777 1115 1834 quo
1142 1762 1258 1834 populi.

216 1842 382 1917 „Primum,
401 1845 513 1918 inquit,
532 1843 608 1919 quod
629 1843 704 1914 dixi,
729 1847 760 1901 in
779 1863 812 1900 eo
832 1853 902 1901 sunt
925 1845 1016 1900 multa
1033 1852 1133 1899 contra
1152 1841 1258 1918 digni-

217 1935 328 1998 „tatem
349 1936 378 1982 et
395 1935 529 1983 naturam
546 1927 752 1984 immortalium
770 1927 846 1983 ficta.
889 1924 924 1980 In
947 1924 1000 1980 hoc
1027 1927 1111 1982 enim
1131 1933 1192 1996 cst,
1220 1935 1259 1982 ut

216 2008 306 2080 „deus
320 2010 395 2066 alius
410 2027 447 2064 ex
462 2011 571 2083 capite,
592 2011 666 2066 alius
681 2028 718 2066 ex
730 2010 839 2066 femore
852 2009 906 2078 sit,
925 2010 1000 2065 alius
1015 2025 1052 2063 ex
1071 2008 1163 2086 guttis
1182 2025 1256 2064 san-

176 2127 180 2134 ·
216 2093 338 2170 „guinis
357 2101 457 2149 natus:
484 2093 517 2148 in
534 2090 603 2162 hoc,
630 2102 664 2148 ut
682 2092 723 2148 dii
741 2092 833 2148 iurati
850 2094 924 2165 sint,
950 2099 985 2147 ut
1009 2089 1256 2163 adulteraverint,

216 2184 270 2244 „ut
282 2177 439 2232 servierint
447 2172 571 2232 homini:
597 2173 720 2250 denique
734 2177 765 2230 ia
777 2173 832 2230 hoc
849 2177 946 2230 onmia
964 2172 1020 2229 diis
1038 2171 1255 2246 attribuuntur,

215 2274 310 2328 „quae
325 2275 384 2311 non
398 2257 526 2311 modain
547 2255 707 2326 hominem,
735 2257 786 2312 sed
804 2259 893 2314 etiam
911 2275 984 2332 quae
1004 2258 1035 2311 in
1049 2258 1256 2313 contemtioni-

216 2354 317 2406 „mum
333 2335 479 2393 hominem
498 2337 601 2393 cadere
618 2340 773 2413 possunt.“
816 2337 874 2396 Hic
891 2349 970 2396 certe
987 2339 1038 2395 ubi
1061 2341 1171 2412 potuit,
1198 2341 1256 2396 ubi

214 2436 303 2476 ausus
325 2428 383 2491 est,
403 2419 453 2476 ubi
472 2421 647 2494 impunitum
664 2423 794 2495 putavit,
822 2431 929 2497 quanta
943 2420 1177 2477 mendacissimis
1204 2422 1255 2478 fa·

215 2500 291 2558 bulis
306 2511 427 2560 naturae
446 2503 564 2559 deorum
581 2502 666 2561 fieret
682 2505 807 2576 iniuria,
827 2507 891 2560 sinc
909 2505 1036 2580 caligine
1050 2505 1138 2560 ullius
1157 2504 1255 2560 ambi-

214 2586 336 2661 guitatis
354 2587 507 2660 expressit.
549 2584 736 2660 Loqucbatur
754 2589 845 2656 enim,
863 2605 924 2643 non
943 2586 978 2641 de
997 2588 1123 2643 naturali
1135 2583 1255 2644 theolo-

214 2668 279 2742 gia‚
306 2669 414 2724 nonde
428 2669 523 2739 civili,
551 2668 808 2744 seddefabulosa‚
836 2687 922 2745 quam
940 2669 1032 2726 libere
1050 2688 1067 2726 a
1088 2686 1119 2725 se
1132 2674 1256 2745 putavit

213 2767 277 2806 esse
292 2750 468 2824 culpandam.
855 2781 857 2788 ν

275 2830 432 2888 Videamus
447 2832 516 2906 quid
529 2832 565 2886 de
577 2833 671 2890 altera
682 2833 769 2892 dicat.
812 2834 1000 2909 „Secundum
1015 2853 1107 2912 genus
1122 2843 1180 2906 est,
1200 2837 1254 2892 in-

215 2913 313 2986 „quit‚
341 2913 418 2986 quod
433 2913 643 2987 demonstravi,
671 2917 706 2973 de
723 2936 778 2992 quo
792 2921 900 2974 multos
914 2918 1002 2974 libros
1020 2915 1181 2991 philosophi
1199 2937 1252 2975 re-

213 2995 399 3070 „liqueruntt
426 2995 575 3071 inquibus
589 3006 649 3070 est,
663 2999 702 3056 dii
720 3003 769 3075 qui
782 3003 857 3072 sint,
870 3000 929 3071 ubi,
943 2999 1021 3074 quod
1032 3017 1136 3076 genus,
1149 3003 1252 3074 quale,

214 3093 254 3147 „a
280 3093 404 3150 quonam
429 3087 571 3153 tempore,
593 3099 631 3137 an
655 3099 672 3138 a
699 3085 875 3156 sempiterno
904 3082 1027 3151 fuerint,
1055 3101 1092 3138 an
1117 3099 1154 3136 ex
1176 3083 1253 3157 igne

216 3159 312 3230 ,‚sint,
339 3169 371 3214 ut
397 3161 490 3216 credit
506 3161 689 3238 Heraclitum
717 3181 755 3222 an
780 3183 816 3221 ex
834 3167 978 3236 numeris,
1003 3173 1035 3219 ut
1050 3162 1252 3240 Pythagoran

214 3257 273 3310 „an
289 3259 327 3296 ex
340 3245 455 3313 atomis,
469 3254 503 3302 ut
515 3247 557 3300 ait
570 3244 723 3320 Epicurus.
739 3246 790 3304 Sic
803 3248 871 3318 alia,
885 3255 964 3321 quae·
973 3247 1090 3305 facilius
1103 3249 1181 3302 intra
1193 3264 1252 3319 pa-

213 3326 323 3392 „rietes
343 3325 375 3380 in
401 3324 514 3397 schola,
541 3344 628 3402 quam
653 3338 737 3384 extra
755 3331 786 3384 in
804 3329 867 3385 loro
886 3328 963 3385 ferre
981 3339 1103 3403 possunt
1126 3335 1250 3384 aures.“

211 3402 293 3461 Nihil
303 3407 335 3461 in
348 3404 403 3463 hoc
416 3426 524 3485 genere
535 3409 676 3482 culpavit,
703 3410 781 3484 quod
794 3408 937 3486 physicon
949 3420 1072 3482 vocant,
1094 3419 1123 3465 et
1136 3407 1172 3465 ad
1180 3409 1251 3484 phi-

210 3485 343 3562 losophos
362 3492 505 3564 pertinet:
531 3499 646 3546 tantum
672 3491 748 3566 quod
765 3511 864 3548 eorum
883 3495 961 3548 inter
982 3511 1013 3548 se
1032 3495 1250 3550 controversias

210 3573 461 3642 commemoravit,
487 3589 538 3644 per
556 3573 724 3645 quaefacta
744 3585 790 3630 est
806 3573 1007 3630 dissidentium
1024 3573 1179 3631 multitudo
1198 3593 1250 3632 se-

210 3658 329 3706 ctarum.
373 3651 508 3709 Removit
519 3664 617 3708 tamen
629 3653 685 3710 hoc
694 3674 788 3732 genus
803 3674 820 3709 a
839 3655 918 3727 foro,
947 3658 1050 3727 idest,
1077 3657 1251 3730 apopulis:

211 3729 319 3787 scholis
335 3751 404 3790 vero
418 3745 448 3790 et
459 3733 616 3808 parietibus
631 3739 744 3794 clausit.
788 3737 867 3794 lllud
882 3747 976 3796 autem
989 3741 1116 3812 primum
1128 3739 1251 3796 menda-

210 3812 358 3870 cissimum
374 3825 460 3890 atque
473 3820 670 3890 turpissimum
684 3840 701 3876 a
714 3823 882 3879 civitatibus
899 3841 959 3880 non
983 3823 1115 3877 removit.
1159 3819 1185 3874 0
1199 3839 1250 3878 re·
1281 3843 1282 3848 ¹
