2602 4416
192 231 229 283 l⁰
385 229 389 240 '
426 222 528 282 DlVl
555 221 746 284 svarais
772 221 1026 282 AVGVSTlNl

187 381 369 444 cernuntur;
395 391 451 432 nec
471 377 546 434 nsala
567 374 692 445 turpiter
712 374 880 443 evitentur,
908 375 1014 448 quibus
1033 385 1062 432 et
1076 376 1145 434 boni
1160 379 1231 452 plc-

188 475 312 531 rumque
332 455 511 516 afficiuntur.

251 539 382 598 interest
402 551 501 599 autem
517 538 688 613 plurimum,
709 540 804 616 qualis
819 541 858 595 sit
872 557 959 611 usus,
986 543 1035 597 vel
1055 560 1156 600 earum
1177 563 1231 600 re-

187 644 254 682 rum
286 644 363 702 quae
392 639 566 698 prosperae,
598 624 647 678 vel
671 640 771 679 earnm
805 640 880 698 quac
900 621 1042 682 dicuntur
1067 625 1225 684 adversae.

187 709 265 768 Nam
290 710 384 768 bonus
409 705 618 780 temporalibus
646 724 700 762 neo
725 705 809 762 bonis
834 707 1010 780 extollitur,
1047 727 1104 766 nec
1135 713 1228 768 molis

188 794 354 870 frangitur:
382 791 475 845 malus
489 798 587 845 autem
600 788 666 845 ideo
680 787 884 846 huiuscemodi
897 790 1072 848 infelicitate
1086 795 1228 867 punitur,

189 879 257 952 quia
270 875 412 929 felicitate
426 874 634 946 corrumpitur.
670 871 810 929 Ostendit
820 881 918 929 tamen
933 871 1016 930 Deus
1028 892 1117 950 saepe
1130 878 1225 935 etiarn

187 962 218 1014 in
233 957 278 1012 his
302 954 515 1012 distribuendis
536 955 703 1012 evidentius
728 958 931 1030 operationem
950 975 1043 1016 suam.
1091 958 1169 1016 Nam
1196 963 1226 1017 si

186 1059 266 1098 nunc
285 1057 374 1096 omne
389 1046 544 1112 peceatum
564 1039 721 1096 manifesta
739 1041 884 1114 plecteret
907 1057 1020 1116 poena,
1046 1041 1121 1099 nihil
1148 1046 1224 1100 ulti-

184 1143 232 1181 nro
259 1120 372 1178 iudicio
397 1123 546 1178 reservari
562 1130 732 1197 putaretur:
756 1141 862 1182 rursus
884 1126 911 1182 si
933 1126 1047 1183 nullum
1064 1135 1224 1202 peecatum

184 1225 264 1264 nuno
276 1207 397 1280 puniret
409 1213 510 1278 aperto
524 1205 690 1279 Divinitas,
717 1209 800 1265 nulla
823 1225 890 1265 esse
909 1208 1097 1283 providentia
1118 1208 1224 1267 divina

185 1289 364 1348 crederetur.
408 1287 552 1346 Similiter
570 1291 603 1348 in
631 1291 720 1348 rebus
745 1291 900 1364 secundis,
932 1293 959 1348 si
984 1311 1046 1350 non
1068 1311 1118 1350 eas
1137 1293 1224 1352 Deus

185 1373 359 1451 quibusdam
372 1373 543 1448 petentibus
557 1373 779 1432 evidentissima
790 1377 930 1456 largitate
944 1375 1134 1450 concederet,
1158 1395 1222 1434 non

184 1456 221 1514 ad
235 1477 302 1514 eum
316 1459 372 1512 ista
385 1458 535 1531 pertinere
559 1457 740 1516 diceremus:
765 1461 894 1536 itemque
907 1459 935 1516 si
951 1460 1087 1517 omnibus
1102 1477 1153 1517 eas
1166 1477 1222 1536 pe-

183 1542 314 1598 tentibus
328 1539 427 1611 daret,
450 1541 574 1596 nonnisi
593 1550 715 1615 propter
733 1543 804 1597 talia
822 1543 953 1616 praemia
973 1542 1163 1601 serviendum
1176 1545 1224 1601 illi

184 1643 250 1682 esse
264 1625 491 1696 arbitrerenrur3
510 1643 566 1680 nec
579 1625 645 1698 pios
659 1642 715 1680 nos
731 1624 844 1680 faceret
856 1625 924 1680 talis
941 1627 1082 1695 servitus,
1101 1625 1153 1680 sed
1164 1643 1223 1698 po-

184 1711 245 1766 tius
261 1707 383 1784 cupidos
399 1717 429 1764 et
442 1703 472 1786 bt
485 1724 600 1765 avaros.
643 1705 726 1763 llaec
737 1725 828 1783 quum
842 1707 884 1762 ita
897 1708 969 1780 sint,
983 1708 1153 1783 quicunque
1165 1708 1222 1764 bo-

184 1793 265 1850 niet
287 1793 357 1848 nsali
381 1793 493 1866 pariter
511 1789 613 1846 afflicti
638 1799 725 1863 sunt,
752 1808 813 1846 non
834 1789 901 1846 ideo
922 1791 980 1864 ipsi
1004 1789 1138 1847 distincti
1158 1811 1221 1850 non

184 1885 271 1948 sunt,
297 1877 367 1951 quia
387 1874 561 1932 distinctum
588 1891 648 1930 non
674 1883 721 1930 est
745 1873 824 1950 quod
842 1874 962 1950 utrique
986 1877 1120 1949 perpessi
1138 1886 1220 1932 sunt.

182 1958 283 2017 blonet
309 1960 388 2017 eninr
419 1956 629 2014 dissimilitudo
655 1974 812 2033 passorum
844 1958 932 2014 etiam
957 1958 990 2014 in
1022 1958 1217 2016 similitudine

181 2044 375 2117 passionum3
408 2051 438 2098 et
464 2042 536 2097 licet
561 2040 615 2097 sub
645 2040 748 2098 eodem
773 2049 945 2114 tormento,
974 2060 1037 2098 non
1064 2051 1112 2099 est
1139 2042 1219 2099 idem

182 2128 278 2183 virtus
307 2135 337 2181 et
354 2126 467 2182 vitium.
511 2122 587 2180 Nam
612 2126 691 2182 sieut
712 2124 765 2181 sub
788 2143 849 2180 uuo
875 2125 946 2202 igne
972 2143 1079 2184 summ
1103 2127 1218 2197 rutilat,

181 2211 265 2283 palea
291 2209 400 2280 fumat,
427 2217 457 2264 et
475 2207 528 2264 sub
555 2205 656 2264 eadem
683 2208 791 2264 tribula
813 2209 942 2282 stipulae
965 2212 1217 2280 comminuuntur,

182 2293 330 2348 frumenta
346 2301 529 2370 purgantur;
556 2309 612 2350 nee
634 2290 701 2350 ideo
730 2310 796 2348 curn
823 2293 888 2348 oleo
917 2310 1037 2350 amurca
1060 2290 1218 2350 confundi-

181 2384 251 2447 tur,
284 2375 354 2450 quia
381 2373 484 2430 eodem
512 2375 588 2448 preli
619 2373 751 2448 pondere
781 2377 972 2449 exprimitur:
1004 2378 1047 2433 ita
1077 2395 1137 2434 una
1168 2393 1217 2430 ea-

181 2457 305 2534 demque
323 2459 369 2514 vis
385 2460 504 2514 irruens
526 2457 620 2514 bonos
644 2459 764 2534 probet,
791 2458 946 2533 purificat,
973 2461 1099 2536 eliquat3
1125 2459 1218 2514 malos

181 2539 318 2612 damnat,
349 2549 471 2612 vastat,
511 2542 698 2599 exterminat.
755 2541 839 2600 Vnde
870 2543 902 2598 in
931 2540 1032 2598 cadem
1058 2541 1218 2598 afflictione

180 2626 250 2679 mali
281 2623 380 2680 Deum
414 2623 601 2680 detestentur
637 2634 726 2703 atque
761 2624 983 2699 blasphement3
1016 2624 1087 2678 boni
1119 2633 1217 2678 autern

179 2715 342 2780 precantur
356 2715 385 2763 et
396 2707 527 2765 laudant.
566 2706 697 2766 Tantum
713 2711 849 2778 interest,
876 2724 937 2762 non
948 2706 1056 2781 qualia,
1078 2703 1130 2761 sed
1144 2721 1216 2780 qua-

179 2792 215 2845 lis
231 2793 356 2864 quisque
376 2792 518 2863 patiatur.
550 2789 630 2866 ‚Nem
650 2795 716 2867 pari
738 2799 820 2848 motu
848 2790 1031 2864 exagitatum
1050 2797 1080 2843 et
1100 2787 1217 2850 exhalat

178 2871 362 2930 horribiliter
376 2891 524 2948 coenum,
542 2883 571 2932 et
585 2878 719 2934 suaviter
739 2873 854 2948 fragrat
873 2876 1068 2945 unguentum.

582 2973 698 3033 CAP.
747 2966 813 3025 lx.

178 3053 221 3109 De
236 3055 325 3110 causis
338 3043 559 3126 correptionem,
583 3062 699 3170 propgler
711 3063 779 3166 guas
795 3055 823 3096 et
839 3044 901 3098 boni
918 3053 945 3096 et
959 3045 1025 3098 nrals'
1040 3048 1153 3116 pariter
1161 3047 1216 3121 flo-

615 3137 654 3188 ge
674 3133 709 3168 cn
724 3131 766 3165 ar.

242 3199 320 3266 Quid
339 3200 433 3278 igitur
453 3201 484 3254 in
504 3199 555 3251 illa
574 3207 675 3246 rerum
692 3187 832 3243 vastitate
853 3185 1016 3245 Christiani
1034 3191 1116 3264 passi
1134 3201 1213 3264 sunt,

177 3283 256 3358 quosl
266 3301 327 3340 non
345 3285 387 3338 eis
399 3283 493 3356 magis
510 3274 638 3331 fideliter
650 3271 709 3324 ista
722 3267 981 3328 considerantibus
996 3271 1033 3329 ad
1050 3273 1213 3348 profectum

175 3363 308 3423 valenti
335 3365 449 3431 Primo,
477 3355 556 3431 quod
568 3355 633 3424 ipsa
645 3360 785 3426 peccata,
813 3353 921 3428 quibus
936 3353 1020 3412 Deus
1042 3357 1212 3435 indignatus

176 3450 310 3524 implevit
329 3447 419 3502 tantis
440 3435 655 3495 calamitatibus
675 3434 835 3507 mundum,
861 3435 1015 3495 humiliter
1036 3441 1212 3516 cogitantes,

175 3531 309 3606 quamvis
327 3529 417 3598 longe
435 3521 535 3577 absint
557 3537 574 3575 a
595 3517 790 3590 facinorosis,
818 3517 977 3598 flagitiosis
1000 3531 1088 3596 atque
1105 3523 1211 3594 impiis,

151 3601 273 3668 ‘tamen
284 3624 344 3664 non
358 3621 453 3678 usque
471 3602 544 3660 adeo
561 3619 593 3660 se
609 3619 627 3656 a
646 3600 764 3658 delictis
784 3601 930 3676 deputant
949 3606 1080 3673 alienos,
1106 3612 1141 3661 ut
1159 3623 1212 3662 neo

172 3688 345 3763 temporalia
362 3705 416 3761 pro
438 3688 481 3763 eis
508 3688 583 3742 male
608 3686 723 3760 perpeti
743 3703 775 3740 se
800 3685 934 3742 iudicent
958 3684 1108 3763 indignos.
1151 3687 1211 3743 Ex-

172 3779 256 3843 cepto
271 3771 349 3825 eninr
370 3770 449 3846 quod
463 3771 689 3846 unusquisque,
723 3769 884 3844 quamlibet
897 3767 1085 3826 laudabiliter
1098 3771 1211 3842 virens,

170 3851 249 3910 cedit
262 3855 293 3910 in
314 3854 489 3930 quibusdam
509 3855 621 3912 carnali
643 3852 928 3925 concupiscentiae,
962 3854 1018 3911 etei
1039 3871 1100 3910 non
1114 3851 1151 3909 sd
1168 3851 1210 3909 fs·
