2510 4404
193 169 259 230 DE
283 169 506 230 clvlu'nTE
531 170 609 232 DEI
630 171 712 232 ΗΒ.
735 171 849 237 XXll.
974 176 1035 232 4⁰3

28 319 100 374 iliud
114 319 175 376 illud
188 340 247 380 non
261 317 345 379 decet
356 343 496 402 regnum,
516 326 547 382 in
560 343 617 400 quo
630 326 853 381 resurreetionir
867 335 896 382 et
908 328 1031 398 promie-

28 403 112 460 nionir
124 403 170 460 filii
182 409 316 482 aequales
330 418 416 494 erunt
428 409 549 486 Angelis
562 407 631 480 Dei,
650 410 676 468 ri
689 427 749 469 non
763 427 897 484 corpore,
911 428 970 470 nou
983 428 1031 470 oe·

28 497 90 556 nte,
104 497 172 543 certe
186 489 333 547 felicitate.
856 510 858 516 ’

383 625 507 686 ΟΑΡ.
549 623 661 682 XXI.

33 718 78 770 De
88 718 198 770 nocitote
209 722 327 788 corporis
337 722 480 790 spiritalis,
489 723 518 776 in
528 740 608 794 poam
620 724 779 780 Sanctorum
790 739 854 773 coro
864 719 1022 772 mutabitur.

78 826 250 886 Restituotur
268 848 340 908 ergo
359 840 388 886 et
406 831 541 908 quicquid
563 831 598 891 de
618 831 786 905 corporibus
799 830 890 901 vivii,
913 830 959 891 rel
973 839 1038 909 port

26 920 134 970 nortun
147 909 179 966 de
192 912 379 972 cadaveribur
393 915 494 987 periit,
519 925 549 972 et
569 917 655 976 thoul
674 933 739 974 enm
753 932 787 975 eo
800 916 878 990 quod
895 919 927 976 in
942 921 1036 992 repul·

26 997 73 1052 ris
87 997 230 1060 remansit,
253 998 285 1054 in
299 998 438 1072 spiritalia
453 1001 584 1072 eorporis
600 1002 760 1058 novitatem
773 1017 811 1058 ex
824 1002 958 1064 animalis
972 1021 1038 1060 eor-

26 1080 93 1136 ·orir
107 1088 245 1139 vetustate
256 1090 401 1140 mutatum
413 1093 562 1160 resurget,
586 1085 805 1157 incorruptione
818 1092 904 1158 atque
917 1087 1036 1144 immor-

25 1165 125 1220 nlitate
138 1164 280 1224 restitum.
301 1163 360 1222 Sed
373 1166 428 1225 etei
441 1168 488 1226 vel
501 1185 571 1226 eoru
584 1169 680 1241 aliquo
694 1168 779 1244 gravi
791 1169 839 1228 vel
854 1168 1038 1230 inimicorum

25 1247 187 1308 mmeritate
201 1256 295 1310 totum
309 1249 427 1322 ponitur
441 1259 612 1308 conteretur
622 1252 653 1308 iu
666 1253 827 1325 pulverent,
841 1260 927 1326 etque
941 1253 973 1308 in
986 1271 1037 1310 au-

25 1350 58 1388 as
73 1332 119 1386 vel
132 1330 161 1386 in
175 1348 263 1408 aquae
278 1330 439 1405 dispersum
451 1344 591 1409 quantum
604 1333 668 1390 fieri
680 1343 793 1409 potent,
817 1352 959 1409 nunquam
975 1355 1038 1396 eene

25 1418 124 1470 inetur
143 1416 276 1485 omnino,
306 1417 492 1474 nullomodo
518 1417 650 1478 eubtrohi
674 1419 784 1494 poterit
810 1419 1039 1491 omnipotentiae

24 1498 166 1568 neoterio,
185 1497 235 1556 red
248 1501 369 1574 capillus
383 1501 414 1558 in
429 1519 462 1559 eo
476 1503 578 1576 capitia
592 1521 653 1560 non
665 1502 782 1577 peribit.
815 1501 882 1562 Erit
895 1521 966 1580 ergo
981 1505 1044 1577 opu*

24 1583 80 1638 itui
95 1579 204 1639 subdita
219 1600 285 1640 earo
300 1584 450 1657 spiritalie‚
464 1584 515 1643 red
528 1594 626 1644 tamen
641 1605 720 1657 caro,
734 1603 794 1644 non
808 1587 942 1660 spiritur:
963 1587 1041 1648 elcut

24 1665 92 1722 arni
109 1663 237 1722 subditur
257 1665 316 1726 fuit
332 1668 452 1741 apiritue
469 1669 531 1742 ipae
550 1672 691 1741 earnalia,
720 1668 771 1726 ted
792 1677 892 1744 tamen
910 1671 1040 1743 spiritua,

29 1769 71 1806 on
86 1761 161 1808 earo.
190 1745 279 1811 coine
298 1753 343 1810 rei
356 1748 493 1810 habemur
508 1755 739 1826 experimentum
751 1753 783 1810 in
798 1761 915 1812 neutrae
927 1771 1040 1828 poenae

23 1833 201 1890 eforniitate:
216 1833 283 1892 Non
297 1835 376 1894 enim
390 1835 548 1894 seeundum
559 1855 687 1907 carnem,
703 1835 866 1910 reducique
879 1837 1039 1894 eorundum

23 1919 141 1992 piritum
156 1919 287 1974 carnales
301 1927 396 1988 erant,
410 1919 514 1992 quibua
529 1921 570 1976 cit
581 1920 754 1994 Apostolus:
781 1915 845 1974 Non
857 1921 947 1994 potui
959 1920 1039 1976 colia

23 2002 87 2078 oqui
99 2003 183 2076 quoni
194 2000 392 2076 opiritolibuo,
406 2001 459 2059 seo
470 2003 559 2076 queri
571 2001 751 2060 cornelione.
773 1998 814 2054 Et
824 1998 909 2056 homo
924 2001 1034 2072 spirita·

22 2104 41 2140 ,s
58 2085 100 2140 sie
113 2085 144 2140 in
157 2082 210 2140 heo
223 2084 284 2138 vita
298 2082 422 2151 dieitur,
446 2093 479 2140 ut
491 2093 590 2140 tamen
608 2101 728 2157 corpore
742 2079 837 2138 adhue
850 2083 976 2138 carnali·
990 2085 1040 2154 rit,

22 2180 33 2224 t
46 2167 146 2224 videat
159 2169 245 2225 aliam
257 2167 352 2244 legent
369 2166 402 2222 in
417 2165 553 2224 membris
574 2167 635 2224 euir
655 2173 868 2242 repugnantem
885 2165 945 2242 legi
958 2184 1039 2222 meu·

23 2273 39 2310 s
55 2269 141 2308 suae:
168 2251 225 2306 erit
237 2259 334 2308 antem
347 2250 435 2310 etiem
449 2268 568 2324 corpore
580 2251 736 2324 spiritalia,
756 2267 845 2323 quum
859 2247 960 2306 eedem
973 2268 1040 2306 caro

22 2357 45 2394 e
59 2335 273 2403 resurrexerit,
294 2343 327 2394 ut
339 2332 390 2388 fiat
409 2331 486 2407 quod
507 2335 648 2408 seriptum
667 2342 725 2390 eet:
750 2331 922 2390 seminetur
935 2350 1041 2410 corpur

22 2417 145 2488 nineole,
159 2427 299 2493 reourget
312 2433 417 2493 corpur
431 2417 578 2493 spiritale.
612 2417 692 2483 Quae
711 2417 750 2472 eit
768 2424 881 2485 autem,
906 2426 935 2472 et
952 2435 1036 2490 quam

22 2520 112 2579 ,agna
125 2501 265 2576 spiritalis
281 2501 413 2574 eorporis
427 2501 534 2578 gratia,
558 2501 694 2576 quoniam
707 2498 836 2556 nondum
848 2500 973 2556 venitin
988 2517 1040 2554 ex·

22 2589 218 2653 erimentum,
241 2601 347 2642 vereor
360 2601 398 2640 nc
415 2584 603 2642 temerarium
616 2585 655 2640 ait
669 2601 755 2639 omne
768 2580 847 2656 quod
860 2581 896 2639 de
909 2584 959 2638 ille
972 2601 1040 2657 pro.

22 2680 98 2726 :rtur
113 2668 270 2741 eloquium.
306 2665 512 2726 Verumtamen
527 2668 596 2741 quia
611 2667 673 2740 spei
687 2675 806 2728 noemae
819 2664 957 2742 gaudium
971 2685 1040 2741 pro-

22 2772 65 2808 :er
74 2750 135 2808 Dei
148 2747 264 2806 laudem
275 2768 336 2808 nou
349 2759 394 2806 eet
407 2748 573 2822 tacendum,
588 2750 662 2806 etde
675 2751 787 2808 intimis
801 2747 931 2827 ardentia
945 2751 1038 2806 naneti

22 2834 111 2890 noris
122 2831 257 2888 modullis
268 2833 439 2905 dictumest,
454 2831 588 2905 Domine,
599 2834 693 2893 dilexi
702 2836 833 2892 decorem
845 2834 946 2890 domuc
954 2845 1039 2890 tuce:

22 2916 139 2974 edonis
160 2918 222 2975 eius
237 2918 354 2992 quaein
374 2915 427 2977 hoo
443 2919 698 2978 aerumnoeiaeima
715 2920 777 2976 vita
795 2917 880 2974 bonis
899 2919 1041 2992 malisque

22 3004 140 3080 rgitur,
157 3002 219 3077 ipen
231 3001 401 3073 adiuvante,
415 3002 615 3074 eoniieienur,
628 3013 661 3061 ut
672 3021 836 3077 possumne,
851 3012 992 3077 querutum
1002 3004 1042 3057 rit

22 3085 80 3156 ud,
96 3086 179 3160 quod
193 3086 322 3146 nondum
335 3087 463 3160 experti,
487 3087 589 3162 utique
603 3085 692 3164 digne
706 3087 805 3160 eloqui
824 3104 884 3141 non
898 3087 1039 3142 nalem-ue.

22 3172 114 3226 mitto
131 3171 212 3226 euim
225 3171 342 3244 quondo
355 3169 427 3226 fecit
438 3167 587 3226 hominem
599 3179 723 3238 rentum3
744 3169 845 3224 omitto
858 3168 948 3228 vitani
961 3169 1041 3222 illam

22 3272 128 3310 rorum
150 3253 309 3328 coniugum
327 3253 358 3310 in
377 3249 505 3324 paradisi
525 3249 723 3306 foecunditate
747 3249 878 3318 felicem,
905 3250 1042 3321 quoniam

22 3357 53 3392 m
68 3336 175 3394 brevio
191 3333 262 3405 fuit,
286 3343 319 3390 ut
331 3333 367 3392 ad
381 3333 564 3390 innocentium
577 3350 695 3389 sensum
709 3351 763 3390 neo
778 3333 842 3403 ipra
860 3333 1041 3403 pervenerit:

37 3418 98 3476 hae
115 3435 207 3496 quam
220 3420 368 3486 novimus,
390 3418 491 3491 inqua
510 3414 603 3472 adhue
617 3433 730 3486 eumue,
755 3417 836 3472 cuiue
851 3415 1042 3488 tentationes,

22 3521 53 3556 ιο
73 3519 170 3575 quam
184 3509 274 3560 totam
288 3503 495 3571 tentationem,
520 3498 656 3574 quamdiu
670 3500 702 3556 in
716 3515 874 3568 eorumne,
888 3507 1041 3572 quantuni-

22 3595 65 3640 tet
81 3583 289 3657 proficiamne,
303 3586 415 3660 perpeti
425 3603 485 3641 non
499 3583 669 3651 desinimus,
684 3602 757 3658 quae
771 3584 831 3638 nint
843 3579 951 3639 indicia
964 3583 1042 3638 eirca

22 3687 92 3726 urus
112 3665 276 3728 humerum
287 3669 424 3728 bonitatis
437 3667 504 3739 Dei,
517 3669 580 3744 quie
594 3669 702 3741 poterit
712 3662 876 3742 explicarel

588 3903 592 3910 ⁸
670 3919 753 3978 002
