2586 4396
237 190 295 244 lld
451 183 548 240 Dll⁷l
573 179 760 240 AVRELH
784 177 1038 238 AVGVSTlNl

233 356 303 396 num
318 333 531 415 agnoscebant,
556 333 604 391 cni
615 351 674 408 per
692 332 869 411 singularem
881 347 1032 388 numerum
1048 331 1249 408 loquebantur,

234 423 320 478 etiam
333 437 397 476 aum
410 436 460 475 eos
477 416 608 476 homines
627 435 692 472 csse
710 417 934 474 arbitrarentur:
959 417 1151 491 nequeenim
1169 419 1251 474 alian

235 503 270 560 ob
290 519 406 558 causam
423 504 466 560 sic
484 519 534 577 eos
552 508 755 575 susceperunt,
779 508 812 555 ut
824 509 961 576 tanquam
973 499 1144 556 mortalibus
1157 511 1187 557 et
1200 500 1251 558 hu·

233 603 319 642 mana
340 584 499 642 reiectione
521 582 719 662 indigentibus
740 583 954 640 ministrarant:
981 581 1032 638 sed
1049 584 1253 658 eratprolccto

233 667 357 745 aliquid,
371 686 427 744 quo
440 670 481 725 ita
495 667 691 738 excellebant,
715 667 786 723 licet
797 675 935 742 tanquam
947 664 1096 739 homines,
1123 677 1158 724 ut
1169 669 1201 724 in
1215 671 1254 724 eis

235 771 299 810 esse
312 750 485 824 Dominum,
500 752 576 807 sicut
590 768 652 806 esse
665 751 773 806 assolet
786 751 817 806 in
830 747 998 824 Prophetis,
1022 748 1053 806 hi
1065 749 1116 824 qui
1128 748 1253 826 hospita·

233 838 352 893 litatem,
368 835 426 891 illis
452 833 641 906 exhibebant,
668 831 800 890 dubitare
814 851 872 888 non
888 841 1022 907 possent:
1035 832 1038 840 '
1049 843 1138 908 atque
1152 833 1218 890 idco
1232 844 1254 889 et

234 921 313 992 ipsos
326 917 481 994 aliquando
493 918 661 992 pluraliter,
674 925 704 972 et
715 918 747 972 in
760 918 802 972 eis
815 914 972 973 Dominum
984 915 1140 993 aliquando
1155 919 1253 995 singu-

234 1002 336 1057 lariter
349 1001 539 1076 appellabant.
581 1000 710 1080 Angelos
724 1009 822 1056 autem
835 999 944 1072 fuisse,
958 998 1112 1075 Scriptura
1124 1009 1256 1070 testatur,

236 1103 295 1140 non
308 1086 403 1142 solum
415 1085 447 1141 in
459 1082 513 1140 hoc
527 1081 649 1140 Genesis
663 1082 753 1155 libro,
772 1083 821 1140 ubi
833 1080 905 1139 haec
917 1093 999 1162 gesta
1013 1081 1185 1154 narrantur,
1204 1102 1255 1139 ve-

236 1186 299 1223 rum
313 1169 399 1223 etiam
412 1169 443 1224 in
457 1168 579 1242 epistola
593 1167 628 1224 ad
641 1165 805 1238 Hebraeos,
831 1167 881 1222 ubi
895 1185 983 1242 quum
999 1164 1180 1240 hospitalitas
1192 1168 1256 1222 lau·

235 1249 371 1323 daretur,
397 1248 455 1309 Per
468 1250 561 1323 banc,
582 1250 696 1326 inquit,
723 1251 812 1308 etiam
825 1249 941 1327 puidam
955 1251 1118 1307 nescientes
1131 1247 1256 1328 bospitio

234 1333 552 1413 receperuntAngeloa.
578 1332 635 1390 Per
640 1336 706 1391 illos
713 1335 805 1412 igitar
811 1343 871 1389 tres
879 1335 976 1405 viros,
990 1351 1056 1389 cunr
1069 1350 1174 1388 rursus
1186 1332 1257 1388 lilius

236 1415 317 1474 lsaac
328 1416 363 1473 de
369 1415 459 1475 Sarra
471 1419 688 1496 promitteretur
695 1415 836 1488 Abrahae,
851 1416 990 1473 divinitus
1004 1415 1103 1472 datum
1116 1424 1165 1471 est
1178 1418 1256 1473 etiam

235 1503 293 1558 tale
306 1504 492 1574 responsum,
505 1509 537 1558 ut
550 1501 706 1573 diceretur,
718 1499 868 1560 Abrabam
881 1501 940 1558 erit
952 1502 981 1556 in
994 1509 1110 1577 gentem
1123 1517 1256 1576 magnast

236 1593 266 1641 ct
277 1583 418 1654 multam,
433 1593 462 1641 et
474 1583 680 1643 benedicentur
693 1586 723 1641 in
736 1603 769 1642 co
783 1599 879 1640 omnes
891 1593 994 1660 gentes
1006 1592 1117 1640 terrae.
1164 1581 1205 1640 Et
1217 1581 1256 1637 hie

236 1664 292 1722 duo
304 1667 356 1722 illa
368 1665 538 1723 brevissime
550 1668 773 1742 plenissimeque
783 1667 926 1739 promissa
938 1675 1017 1738 aunt,
1031 1663 1205 1744 genslsrail
1217 1685 1255 1722 se·

237 1748 362 1806 cundum
374 1766 506 1820 carnem,
521 1758 549 1806 et
562 1768 662 1806 omnes
675 1759 777 1828 gentes
791 1748 948 1806 secundum
958 1749 1052 1805 fidem.

603 1914 723 1972 CAP.
766 1912 897 1970 XXX.

238 2009 278 2064 De
288 2011 360 2064 Loth
370 2029 387 2063 a
399 2011 517 2063 Sodomis
526 2011 653 2072 liberato,
668 2019 749 2080 atque
759 2010 855 2064 &dean
865 2012 972 2064 coelesti
985 2011 991 2024 '
1012 2027 1044 2062 ne
1054 2015 1219 2074 cancamum
1234 2021 1255 2064 et

221 2151 229 2164 Ι
295 2082 326 2133 de
340 2079 503 2145 Abimelecb,
524 2081 600 2134 caius
615 2079 828 2150 concupiscentia
847 2081 972 2134 castitati
1007 2097 1088 2134 arrae
1109 2099 1206 2135 nocere

670 2169 722 2204 non
728 2149 829 2220 potuit.

292 2256 363 2313 Post
382 2255 458 2314 hanc
478 2258 699 2332 promissionem
717 2258 838 2314 liberato
852 2258 887 2314 de
900 2257 1032 2314 Sodomis
1045 2257 1140 2329 Loth,
1168 2269 1198 2314 et
1212 2277 1254 2314 re·

235 2343 336 2397 niente
349 2341 438 2418 igneo
456 2341 547 2396 imbre
560 2339 595 2396 de
609 2343 707 2411 coelo,
734 2349 797 2398 tota
809 2342 859 2398 illa
872 2343 955 2420 regio
968 2341 1072 2414 impiae
1086 2343 1216 2399 civitatis
1228 2343 1255 2395 in

236 2426 364 2481 cinerem
375 2442 461 2480 rersa
475 2433 535 2494 est,
560 2424 610 2481 ubi
622 2432 724 2499 stupra
735 2425 766 2480 in
780 2427 921 2481 masculos
934 2426 966 2480 in
979 2433 1093 2480 tantam
1106 2433 1255 2482 consueta-

237 2507 335 2564 dinem
361 2510 586 2580 convalaerant,
613 2517 751 2584 quantam
767 2509 848 2586 leges
866 2510 961 2564 solent
978 2509 1102 2564 aliorum
1119 2508 1257 2566 factarum

144 2631 147 2640 ι
235 2591 375 2664 praebere
388 2593 545 2649 licentiam.
578 2590 686 2648 Verum
704 2601 734 2648 et
746 2589 801 2648 hoc
815 2609 917 2648 eorum
930 2589 1101 2666 supplicium
1115 2593 1256 2666 specimen

235 2674 327 2732 futuri
339 2675 442 2731 iudicii
454 2674 547 2732 divini
559 2675 625 2732 fuit.
655 2675 730 2731 Nam
742 2692 799 2750 quo
812 2676 940 2749 pertinet
952 2673 1029 2749 quod
1041 2673 1185 2748 prohibiti
1198 2685 1259 2730 snat

235 2759 284 2832 qui
298 2758 495 2815 liberabantur
509 2758 543 2814 ab
556 2759 676 2837 Angelis
690 2768 769 2815 retro
790 2759 949 2832 respicere,
975 2759 1034 2814 nisi
1052 2759 1123 2832 quia
1140 2777 1202 2816 non
1221 2767 1259 2813 est

236 2843 333 2896 aniano
351 2839 532 2896 redeundum
546 2840 582 2896 ad
594 2850 724 2897 veterem
737 2843 842 2912 vitam,
867 2848 923 2917 qua
933 2859 986 2916 per
997 2842 1125 2918 gratiam
1138 2859 1260 2920 regene-

235 2931 317 2978 ratus
331 2924 465 2994 exuitur,
479 2924 505 2977 si
518 2925 652 2980 ultimum
667 2924 790 2980 evadere
804 2923 941 2981 iudicium
954 2921 1138 3002 cogitamus?
1168 2924 1260 2980 Deni-

236 3021 291 3079 que
302 3021 378 3059 uxor
394 3003 499 3074 Loth„
514 3006 564 3061 ubi
580 3008 724 3080 respexit,
749 3010 903 3079 remansit3
930 3008 1002 3063 etin
1016 3009 1108 3062 salem
1121 3023 1260 3064 conversa

235 3085 400 3143 hominibus
418 3087 549 3144 fidelibus
570 3089 711 3164 quoddam
728 3091 873 3166 praestitit
885 3090 1119 3160 condimentum,
1148 3109 1206 3167 quo
1219 3107 1260 3145 ss·

235 3169 317 3244 piant
329 3170 449 3246 aliquid,
463 3170 540 3228 unde
554 3173 624 3236 illud
638 3184 774 3230 caveatur
787 3175 959 3248 exemplum.
981 3171 1052 3228 lude
1062 3173 1260 3232 rursushbrs·

235 3252 302 3310 ham
324 3253 394 3310 lacit
417 3257 449 3311 in
474 3255 592 3312 Geraris
615 3257 688 3332 apud
709 3275 809 3335 regem
833 3259 960 3313 civitatis
981 3257 1060 3312 illius
1084 3253 1261 3320 Abilemech,

235 3338 313 3413 quod
327 3338 497 3416 inAegypto
511 3339 546 3396 de
559 3343 683 3418 coniuge
696 3340 815 3410 fecerat,
829 3341 913 3414 eique
926 3341 1034 3396 intacta
1048 3339 1188 3397 similiter
1199 3338 1262 3395 red·

235 3421 295 3478 dita
307 3433 360 3477 est.
404 3421 459 3478 Vbi
473 3441 542 3479 sane
556 3423 699 3480 Abraham
712 3423 880 3501 obiurgauti
892 3425 956 3500 regi
969 3439 1022 3480 cur
1034 3423 1182 3479 tacuisset
1192 3439 1262 3478 uxo

232 3523 310 3573 rem,
339 3523 524 3582 sororemque
542 3507 679 3576 dixisset,
706 3509 839 3581 aperiens
854 3506 922 3581 quid
934 3505 1077 3574 timuerit,
1107 3507 1201 3562 etiam
1214 3504 1260 3561 hos

234 3586 355 3644 addidit:
383 3587 500 3646 Etenim
512 3609 580 3646 cere
596 3607 681 3646 seror
693 3609 758 3647 mea
770 3601 815 3648 est
829 3591 864 3647 de
876 3600 987 3668 patre,
1010 3587 1063 3644 sed
1078 3605 1139 3644 non
1154 3591 1192 3647 de
1205 3605 1259 3645 sse·

236 3679 300 3724 tre:
326 3671 442 3744 quiade
459 3681 541 3746 patre
560 3691 614 3728 auo
634 3690 717 3728 soror
736 3683 798 3729 erat
810 3671 955 3743 Abrahae,
982 3670 1017 3727 de
1030 3687 1088 3746 quo
1101 3673 1261 3747 propinqus

236 3750 381 3808 eluserat.
406 3752 518 3810 Tantae
531 3766 627 3812 autem
639 3754 861 3829 pulchritudinis
873 3755 943 3828 fuit,
957 3765 990 3812 ut
1003 3756 1089 3811 etiam
1102 3755 1136 3809 in
1152 3756 1205 3810 illa
1216 3769 1254 3808 ss·

236 3839 295 3885 tate
310 3845 406 3901 posset
418 3836 554 3893 damari.
