2576 4396
222 179 283 236 316
450 169 545 232 ΜΠ
565 169 750 230 AVRELll
771 168 1025 229 AVGVSTlNl

222 331 297 389 mior
311 337 341 384 ct
354 327 418 388 sine
431 325 489 381 fine
502 342 655 394 mansura,
682 325 758 380 sieut
775 325 831 379 iste
852 321 1024 396 confitetur,
1050 325 1153 398 procul
1167 325 1253 384 dubio

225 415 321 487 coepit
333 429 371 467 ex
384 419 524 483 tempore,
544 417 683 464 ettamen
696 426 808 482 semper
822 408 886 476 erit,
902 425 967 462 cum
979 417 1066 464 antea
1079 426 1140 464 non
1153 408 1254 467 fuerit.

224 497 277 553 llla
289 497 381 574 igitur
394 494 489 549 omnis
502 493 717 570 argumentatio
731 490 871 547 dissoluta
884 499 943 561 est,
970 509 1028 567 qua
1045 487 1165 567 putatur
1183 493 1255 552 nihil

225 598 291 636 esse
302 597 389 655 posse
402 578 467 633 sine
479 575 538 632 fine
552 576 701 651 temporis,
719 574 778 632 nisi
789 573 865 650 quod
879 573 996 630 initium
1008 593 1069 632 non
1081 573 1170 634 hebet
1181 586 1255 634 tenr-

225 664 313 740 poris.
356 662 480 719 Inventa
494 668 540 716 est
553 660 631 715 enim
649 659 762 716 animae
776 656 938 728 beatitudo,
963 676 1036 735 quae
1056 677 1121 715 cum
1139 662 1256 736 initium

224 747 363 822 temporis
376 744 522 814 habuerit,
535 742 624 799 finem
637 743 776 816 temporis
790 760 849 798 non
861 739 987 798 habebit.
1017 743 1199 819 Quapropter
1212 745 1255 801 di-

224 832 311 887 vinae
324 829 493 885 auctoritati
505 825 630 884 humana
645 825 729 884 cedat
745 825 914 896 infirmitas,
940 827 1039 902 eisque
1050 826 1144 883 beatis
1158 838 1188 884 et
1201 830 1254 884 im·

224 913 396 974 mortalibus
410 911 445 968 de
458 930 529 968 vcra
542 911 688 990 religione
701 908 870 980 credamus,
897 911 947 985 qui
965 910 1021 966 sibi
1038 907 1177 968 honorem
1197 932 1255 968 non

225 1004 381 1072 expetunt,
400 1014 485 1072 quern
498 993 562 1052 Deo
582 1012 652 1067 sno,
671 995 722 1070 qui
736 995 823 1052 etiam
836 1002 936 1050 noster
951 1002 1010 1065 est,
1034 993 1133 1052 deberi
1145 998 1256 1068 sciunt3

225 1099 281 1137 nec
294 1079 407 1151 iubent,
423 1089 457 1136 ut
471 1076 646 1136 sacrificium
659 1077 810 1149 faciamus,
825 1077 883 1134 nisi
896 1077 924 1132 ei
937 1077 1153 1151 tantununodo,
1172 1081 1255 1136 euius

226 1173 256 1220 et
268 1181 322 1220 nos
337 1163 490 1235 cumillis,
510 1159 548 1218 'ut
560 1181 647 1239 saepo
660 1163 723 1219 dixi
741 1170 770 1218 et
782 1177 868 1234 saepe
887 1159 1042 1218 dicendum
1061 1171 1120 1236 est,
1143 1163 1256 1219 sacrifi-

226 1249 302 1304 cium
316 1266 380 1304 esse
394 1246 541 1318 debemus,
554 1265 607 1321 per
620 1265 686 1303 cum
699 1244 879 1303 sacerdotem
892 1241 1042 1317 offerendi,
1057 1247 1147 1321 quiin
1161 1245 1256 1303 bomi-

226 1350 263 1390 ne
274 1350 358 1407 quem
369 1331 508 1406 suscepit,
524 1328 683 1386 secundum
693 1349 780 1406 quern
792 1337 822 1386 et
835 1327 970 1386 sacerdos
981 1347 1045 1384 esse
1054 1331 1155 1403 voluit,
1169 1332 1256 1388 etiam

225 1433 317 1492 usque
331 1415 367 1473 ad
379 1423 502 1472 mortem
517 1412 694 1471 sacrificium
706 1432 759 1488 pro
772 1411 857 1470 nobis
871 1411 1008 1492 dignatus
1023 1425 1068 1470 est
1080 1413 1153 1471 fieri.

569 1513 636 1574 CA
658 1514 691 1572 P.
732 1509 917 1572 XXXll.

225 1593 269 1648 De
279 1594 425 1649 universali
435 1599 478 1647 oio
488 1593 595 1648 animae
606 1595 773 1659 liberandae,
786 1609 866 1663 poam
876 1593 1046 1665 Porphyrius
1056 1596 1124 1647 mole
1133 1609 1256 1664 quaeret·

320 1666 352 1717 do
362 1682 414 1718 non
425 1665 541 1733 reperit,
557 1675 585 1718 et
595 1681 674 1734 paam
684 1666 740 1718 sola
747 1663 845 1734 gratio
860 1661 1017 1718 Christiana
1027 1665 1166 1718 reserarit.

289 1753 371 1811 Haeo
388 1763 433 1811 est
452 1756 575 1834 religio,
602 1775 675 1832 quae
695 1755 891 1811 universalem
912 1755 1044 1810 continet
1055 1756 1133 1814 viam
1146 1756 1255 1812 animae

226 1837 408 1911 liberandae3
430 1840 567 1914 quoniam
586 1841 666 1896 nulla
689 1837 748 1894 nisi
765 1835 819 1894 hac
841 1836 961 1894 liberari
982 1847 1087 1914 potest.
1120 1837 1202 1896 Haec
1217 1849 1255 1895 est

227 1923 305 1979 eninr
318 1922 442 1998 quodam
455 1922 541 1980 modo
555 1924 665 2001 regalis
676 1922 737 1993 via,
751 1939 825 1998 quae
838 1939 898 1977 una
911 1920 991 1978 ducit
1001 1921 1038 1978 od
1050 1942 1187 2000 regnum,
1201 1943 1256 1980 non

226 2007 378 2082 temporali
392 2007 512 2084 fastigio
525 2007 740 2078 nutabundum,
766 2004 818 2062 sed
830 2007 1013 2062 aeternitatis
1027 2005 1164 2063 firmitate
1177 2025 1256 2063 secu·
1275 2069 1276 2074 ἵ

225 2109 299 2147 rum.
338 2089 411 2148 Cum
424 2099 521 2147 autem
534 2089 607 2147 dicit
618 2087 798 2166 Porphyrius
811 2091 844 2146 in
856 2092 950 2164 primo
963 2091 1046 2147 iuxta
1059 2090 1149 2147 tinem
1163 2089 1198 2146 de
1212 2109 1255 2147 re·
1275 2087 1276 2096 ’

226 2193 331 2253 gressu
346 2175 461 2230 annuae
474 2174 561 2246 libro,
575 2173 708 2231 nondum
719 2182 868 2250 receptam
880 2193 970 2230 unam
982 2173 1127 2250 quandam
1142 2184 1256 2246 sectam,

226 2276 300 2333 quae
313 2258 509 2312 universalem
523 2259 674 2314 contineat
686 2258 763 2314 viam
777 2259 897 2314 animae
904 2257 1086 2329 liberandae,
1105 2260 1154 2315 vel
1166 2277 1183 2315 a
1196 2257 1255 2334 phi·
1275 2295 1276 2332 ι

225 2338 362 2413 losophia·
369 2341 523 2396 verissima
536 2341 642 2416 aliqua,
655 2341 704 2398 vel
717 2342 752 2398 ab
764 2339 902 2398 lndorum
912 2342 1038 2399 moribus
1050 2361 1083 2399 ac
1096 2342 1256 2418 disciplina,
1275 2333 1276 2400 l

225 2432 276 2480 aut
288 2423 457 2479 inductione
471 2421 697 2497 Chaldaeorum,
722 2433 773 2482 aut
785 2426 842 2482 alia
856 2427 984 2500 qualibet
996 2428 1054 2498 via,
1074 2425 1257 2502 nondumque
1275 2425 1276 2464 l

224 2509 256 2564 in
276 2525 357 2563 suam
375 2509 511 2564 notitiam
529 2509 651 2566 eandem
667 2510 746 2568 viam
762 2507 910 2568 historiali
922 2511 1090 2589 cognitione
1102 2513 1256 2586 perlatam,

224 2593 324 2667 procul
337 2590 425 2648 dubio
437 2591 597 2650 confitetur
610 2613 675 2650 esse
687 2595 830 2670 aliquam,
855 2595 909 2652 sed
922 2593 1050 2651 nondum
1062 2595 1094 2652 in
1113 2613 1197 2652 suam
1211 2614 1256 2652 vc·

225 2677 305 2732 nisse
318 2678 463 2732 notitiam.
507 2676 551 2734 lta
569 2679 597 2733 ei
616 2697 676 2735 non
697 2678 857 2735 sufficiebat
875 2678 1011 2754 quicquid
1025 2678 1060 2734 de
1077 2679 1175 2736 aninra
1187 2679 1256 2734 libe-

224 2759 316 2816 randa
330 2758 542 2816 studiosissime
555 2761 711 2826 didicerat,
729 2761 857 2838 sibique,
877 2764 924 2818 vel
936 2763 1034 2837 potius
1047 2763 1112 2818 aliis
1126 2781 1215 2820 nosse
1227 2781 1258 2818 ao

224 2852 326 2899 tenere
351 2842 512 2900 videbatur.
535 2841 688 2900 sentiebat
715 2847 793 2902 enim
816 2845 908 2902 adhuc
931 2845 987 2901 sibi
1009 2845 1110 2904 deesse
1134 2847 1258 2922 aliquam

224 2925 504 3000 praestantissimam
517 2929 732 3000 auctoritatem,
759 2948 844 3006 quam
857 2929 893 2986 de
906 2948 939 2986 re
953 2937 1034 2986 tanta
1047 2932 1129 3005 sequi
1143 2941 1257 3006 oporte·

224 3017 279 3065 ret.
319 3007 392 3065 Cum
405 3018 502 3066 autem
516 3009 597 3084 dicit,
624 3014 671 3070 vel
683 3032 701 3070 a
713 3011 895 3088 philosophia
906 3015 1059 3072 verissima
1073 3015 1170 3091 aliqua
1182 3033 1256 3072 uon-

224 3092 292 3148 dum
303 3092 335 3148 in
346 3110 427 3148 suam
437 3095 571 3150 notitiam
583 3099 754 3172 pervenisse
766 3108 886 3170 sectam,
901 3116 974 3174 quae
983 3099 1178 3154 universalem
1189 3117 1256 3155 cou-

224 3177 319 3231 tineat
331 3177 409 3232 viam
422 3180 536 3234 animae
549 3181 734 3254 liberandae,
759 3183 842 3254 satis,
857 3191 995 3257 quantum
1008 3181 1146 3256 arbitror,
1161 3191 1257 3238 osten-

224 3259 282 3330 dit,
307 3261 354 3316 vel
368 3279 432 3316 eam
443 3260 664 3340 philosophiam,
690 3268 722 3323 in
737 3285 793 3342 qua
806 3267 869 3342 ipse
881 3263 1096 3341 philosophatus
1111 3275 1171 3338 est,
1197 3285 1256 3322 non

225 3361 288 3400 esse
302 3346 495 3420 verissimam,
508 3350 556 3405 vel
570 3369 604 3406 ea
618 3369 678 3407 non
694 3352 841 3408 contineri
854 3352 943 3406 talem
955 3351 1040 3407 viam.
1059 3349 1100 3406 Et
1113 3349 1255 3426 quomodo

223 3429 281 3484 ianr
292 3437 389 3504 potest
402 3449 467 3487 esse
479 3433 649 3504 verissima,
674 3453 732 3510 qua
745 3453 806 3490 non
821 3436 991 3490 continetur
1002 3431 1073 3490 hacc
1085 3431 1154 3491 visi
1185 3433 1257 3490 Nam

223 3530 298 3587 quae
311 3515 369 3569 alia
383 3515 430 3571 via
443 3526 489 3572 est
498 3519 673 3575 universalis
685 3520 800 3574 animae
810 3517 989 3590 liberandae,
1003 3519 1128 3592 nisique
1140 3519 1256 3574 univer·
1275 3573 1276 3602 1

225 3614 274 3650 sae
288 3599 403 3653 animae
416 3599 593 3673 liberantur,
620 3619 654 3657 ac
667 3621 719 3675 per
732 3601 787 3658 hoc
800 3603 865 3658 sine
883 3603 935 3659 illa
948 3602 1029 3658 nulla
1042 3602 1141 3658 anima
1154 3603 1257 3658 libera·
1275 3605 1276 3610 ’

35 3693 38 3702 ·
130 3715 134 3724 -
223 3676 291 3734 turi
318 3679 392 3736 Cum
405 3691 502 3738 autem
515 3683 596 3741 addit
609 3692 639 3739 et
652 3683 733 3757 dicit,
755 3688 803 3744 vel
816 3687 851 3742 ab
863 3683 1001 3742 Indorum
1012 3685 1142 3742 moribus
1158 3696 1188 3742 et
1200 3685 1276 3741 dis-1

224 3763 346 3835 oiplina,
371 3765 420 3819 vel
432 3765 467 3820 ab
481 3766 652 3822 inductione
666 3767 892 3840 Chaldaeorum,
917 3771 965 3828 vel
983 3771 1043 3825 alia
1055 3770 1187 3844 qualibet
1200 3771 1257 3839 via,

224 3843 460 3904 nranifcstissima
474 3869 545 3905 voce
559 3859 698 3926 testatur,
725 3872 818 3932 neque
831 3853 889 3910 illio
904 3873 977 3932 quae
991 3853 1026 3910 ab
1040 3851 1137 3927 Indis,
1165 3871 1257 3930 neque
1275 3923 1276 3930 ἵ
