2586 4396
167 150 173 158 ι
240 197 296 256 tls
463 191 558 250 Dlvl
580 188 763 248 AVRELll
784 187 1038 248 Ab'Gl'STlNl

236 349 290 407 sed
301 347 367 421 filii
377 345 587 426 promissionis
605 343 787 422 deputantur
804 343 835 398 in
853 342 970 400 semine.
1013 342 1053 398 Ac
1071 361 1122 418 per
1140 342 1196 401 hoc
1208 344 1255 400 filii

235 432 451 509 promissionis,
477 438 510 485 ut
521 429 582 485 sint
593 444 692 482 semen
704 425 851 497 Abrahae,
877 427 909 481 in
923 423 1006 482 lsaae
1019 437 1179 498 vomnmr,
1207 427 1256 484 hoe

238 524 298 587 est,
311 516 343 571 in
357 513 503 570 Christum
516 519 638 569 vocante
652 511 748 589 gratia
761 517 994 588 congreganturr
1012 507 1098 566 Hane
1111 529 1179 589 ergo
1190 531 1243 586 pro

236 600 405 656 missionem
428 604 510 672 pater
523 593 602 668 prius
613 593 738 650 fideliter
764 603 884 664 tenens,
911 593 978 668 quia
989 612 1041 669 per
1053 591 1132 652 hunc
1144 604 1259 670 oporte·

237 683 287 740 bat
308 681 436 758 impleri,
462 697 548 755 quem
562 677 642 734 Deus
663 678 779 734 iubebat
798 676 905 749 occidi,
932 695 991 733 non
1011 676 1168 736 haesitavit
1186 679 1260 754 quud

239 767 294 822 sibi
305 763 388 822 reddi
400 771 514 839 poterat
527 763 706 819 immolatus.
731 762 778 836 qui
791 760 854 816 dari
866 761 961 836 potuit
972 779 1032 818 non
1045 772 1189 837 speratum.
1213 762 1258 820 Sic

238 851 420 906 intellectum
442 855 487 902 est
509 856 538 902 et
559 847 591 902 in
614 847 736 920 epistula
752 845 789 901 ad
801 843 965 916 Hebraeos,
991 847 1076 902 etsie
1090 847 1257 922 expositum

238 931 327 1003 Fide,
341 932 450 1006 inquit,
467 930 639 1006 praecessit
649 924 813 999 Abrabam,
828 930 858 986 in
874 925 962 986 lsaac
975 939 1108 987 tentatus
1113 949 1124 1004 ,·
1155 941 1187 987 et
1200 933 1255 988 uni

238 1034 302 1073 cum
315 1013 434 1085 obtulit,
461 1013 512 1092 qui
525 1013 739 1092 promissiones
760 1013 907 1090 suscepit,
932 1013 973 1070 od
989 1031 1070 1089 quem
1084 1015 1191 1072 dictum
1206 1024 1260 1083 est,

238 1095 543 1156 Iulsoaocooaditur
562 1096 618 1155 tibi
638 1111 750 1153 semen:
776 1097 914 1173 cogitans
934 1097 1004 1174 quia
1026 1105 1056 1154 ct
1080 1115 1113 1154 er
1135 1099 1260 1154 mortuis

239 1183 372 1240 essitare
390 1189 495 1260 potest
508 1177 600 1238 Deus.
642 1175 768 1236 Proinde
794 1177 918 1236 eddidit:
944 1177 1002 1237 Pro
1020 1178 1075 1238 boc
1092 1181 1181 1237 etiam
1200 1199 1261 1238 eun

239 1275 269 1324 et
282 1269 312 1323 in
328 1265 548 1322 similitudinem
562 1264 696 1322 adducit.
740 1261 829 1321 Cuius
842 1262 1081 1334 similitudinem,
1106 1265 1168 1320 nisi
1185 1265 1261 1320 illius

239 1348 274 1407 de
287 1367 344 1425 quo
358 1347 428 1405 dicit
440 1347 516 1404 idcm
528 1347 699 1424 Apostolus:
728 1345 788 1417 Qui
803 1348 931 1426 proprio
943 1343 1020 1406 Filio
1042 1367 1099 1404 uon
1114 1361 1261 1426 pepercit,

239 1435 357 1513 sedpro
370 1432 452 1490 uobis
465 1431 594 1489 omuibus
608 1431 738 1490 tradidit
751 1429 852 1488 illumi
884 1429 1041 1507 Propterea
1054 1440 1084 1488 et
1098 1430 1203 1503 lsuae,
1228 1433 1260 1486 si-

239 1527 289 1574 cut
302 1511 445 1573 Dominus
459 1534 573 1572 erucem
585 1535 686 1587 suam,
711 1516 754 1572 ita
772 1515 828 1572 sibi
845 1516 927 1593 ligna
945 1515 981 1571 ad
1000 1517 1138 1572 victimae
1161 1517 1260 1584 locum,

240 1599 343 1675 quibus
357 1599 452 1655 lucrat
465 1599 673 1674 imponendus,
687 1599 750 1673 ipse
761 1601 896 1674 portavit.
939 1597 1088 1656 Postremo
1102 1600 1175 1674 quia
1189 1597 1261 1656 lsaae

241 1682 335 1739 occidi
347 1700 408 1738 non
422 1681 588 1757 oportebat,
615 1691 715 1757 postea
729 1701 814 1758 quam
828 1692 871 1739 est
882 1692 964 1759 pater
978 1702 1042 1740 eum
1054 1682 1147 1738 ferire
1171 1681 1260 1758 prohi-

239 1767 329 1836 bitus,
342 1767 407 1842 quis
422 1774 484 1821 erat
497 1767 546 1821 ille
559 1767 653 1836 aries,
667 1784 723 1842 quo
736 1768 883 1824 immolato
897 1769 1044 1842 impletum
1056 1775 1102 1822 est
1115 1767 1260 1846 significa·

240 1851 302 1905 tivo
314 1851 458 1927 sanguine
473 1845 668 1905 sacrificiumi
698 1847 808 1926 Nempe
822 1850 935 1926 quando
949 1870 1013 1907 eum
1026 1849 1100 1906 vidit
1112 1849 1260 1918 Abraham,

242 1933 378 1990 cornibus
392 1933 423 1990 in
437 1933 542 1988 frutice
555 1933 717 1990 tenebatur.
761 1934 833 2001 Quis
848 1953 919 2013 ergo
932 1937 982 1991 illo
996 1933 1200 2012 figurabatur,
1214 1933 1262 1990 nisi

243 2015 340 2087 lrsus,
361 2026 429 2072 ante
442 2035 528 2092 quam
541 2017 741 2074 immolaretur
753 2019 844 2092 spinis
857 2017 979 2074 Iudaicis
993 2015 1175 2075 coronaturi

306 2099 364 2158 Sed
378 2101 477 2156 divina
489 2119 541 2176 per
553 2101 697 2180 Angelum
708 2101 798 2158 verba
809 2105 904 2177 potius
919 2101 1077 2158 audiamus.
1100 2103 1153 2158 Ait
1166 2103 1262 2178 quippe

160 2210 164 2222 ,
241 2183 408 2261 Scriptura,
426 2183 468 2242 Et
480 2186 615 2244 ostendit
626 2181 777 2244 Abrabam
790 2206 905 2244 manum
919 2205 1001 2244 suam
1010 2203 1126 2244 sumere
1135 2185 1262 2243 mobar-

240 2289 321 2340 ram,
343 2279 377 2324 ut
390 2267 643 2342 occideretfilium
656 2287 748 2327 suum.
787 2269 829 2327 Et
841 2273 956 2329 occavit
969 2270 1048 2328 illum
1060 2268 1197 2347 Angelus
1209 2268 1262 2326 Do·

240 2355 313 2410 mini
327 2353 361 2410 de
374 2352 467 2422 coelo,
481 2363 510 2410 et
521 2353 613 2423 dicit,
625 2349 784 2410 Abrabam.
818 2349 874 2413 Ille
886 2365 983 2412 autem
996 2354 1090 2422 disis,
1116 2353 1196 2411 Ecce
1207 2370 1262 2428 ego.

240 2437 282 2494 Et
296 2436 390 2506 diuis,
403 2433 447 2493 Ne
463 2437 582 2493 iniicias
592 2451 708 2494 manum
717 2447 799 2494 tuam
810 2453 900 2518 super
906 2456 1047 2516 puerum,
1061 2436 1264 2514 nepuefccias

241 2521 288 2578 illi
302 2521 471 2598 quicquam:
497 2539 573 2577 nuuc
586 2519 661 2578 euim
674 2521 750 2578 sciui
761 2523 831 2599 quia
844 2524 928 2580 times
943 2519 1038 2579 Deum
1051 2531 1085 2576 tu
1100 2515 1224 2598 [tuum],
1238 2527 1265 2575 ct

240 2623 297 2662 non
304 2604 473 2682 pepercisti
477 2603 546 2676 filio
561 2614 610 2661 tuo
625 2604 730 2662 dilecto
741 2615 868 2684 propter
880 2625 932 2664 me.
958 2603 1040 2662 Nunc
1053 2606 1148 2676 scivi,
1163 2604 1266 2660 dietum

241 2698 302 2758 est,
330 2686 437 2759 idest,
464 2706 541 2744 nunc
561 2689 632 2744 sciri
650 2688 721 2744 feci:
749 2692 933 2765 nequeenim
948 2686 1267 2746 hocnondumsciebat

241 2769 331 2827 Deus.
367 2769 481 2826 Deinde
495 2771 587 2826 ariete
600 2773 650 2828 illo
663 2773 811 2830 immolato
823 2791 876 2847 pro
890 2771 970 2828 leaeo
982 2771 1042 2828 lilio
1056 2790 1130 2844 suc,
1142 2773 1267 2838 vocarit,

241 2865 275 2910 ut
287 2855 416 2932 legitur,
439 2851 590 2910 Abrabam
603 2871 704 2911 nomen
717 2855 775 2914 loci
787 2855 884 2928 illius,
910 2855 1053 2914 Dominus
1065 2856 1165 2914 vidit:
1182 2866 1218 2912 ut
1229 2855 1268 2912 di·

241 2947 312 2993 caut
334 2934 432 3003 hodie,
458 2933 494 2993 In
517 2947 613 2994 monte
633 2935 776 2996 Dominus
799 2943 952 3019 apparuit.
993 2938 1078 2998 Sicut
1092 2938 1202 2996 dictum
1215 2947 1269 3006 est,

241 3017 324 3074 Naue
337 3020 428 3088 sciui,
450 3038 502 3094 pro
516 3039 550 3074 eo
564 3020 641 3094 quod
654 3030 717 3094 est,
736 3041 815 3080 nune
827 3024 982 3081 seirileoi:
1009 3025 1051 3080 ita
1065 3021 1114 3080 hic
1129 3021 1270 3080 Dominus

240 3102 331 3172 vidit,
356 3119 410 3174 pro
423 3121 457 3158 eo
472 3102 549 3178 quod
563 3113 625 3176 est,
640 3103 784 3163 Dominus
798 3109 950 3183 apparuit,
975 3105 1030 3164 hoc
1043 3116 1107 3179 est,
1133 3104 1231 3164 videri
1243 3123 1270 3160 se

240 3184 318 3242 fecit.
361 3183 403 3244 Et
420 3189 537 3245 uocauit
550 3185 679 3265 Angelus
693 3188 814 3248 Domini
825 3190 974 3250 Abrabam
991 3191 1117 3249 secundo
1133 3192 1173 3248 dc
1184 3188 1269 3255 coelo,

240 3270 356 3329 diceus:
382 3269 440 3329 Per
453 3273 651 3351 memetipsum
665 3275 779 3344 iuravi,
794 3276 868 3332 dicit
880 3275 1039 3343 Dominus,
1051 3285 1187 3352 propter
1201 3271 1271 3350 quod

232 3355 346 3427 fecisti
356 3355 474 3414 corbum
486 3354 554 3426 boc,
580 3367 611 3414 et
623 3377 679 3414 non
692 3360 862 3436 pepercisti
869 3356 939 3430 filio
958 3369 1007 3416 tuo
1020 3357 1130 3414 dilecto
1144 3367 1271 3437 propter

239 3458 300 3510 ms,
314 3441 375 3497 nisi
386 3439 557 3498 benedicens
570 3439 738 3497 benedicam
752 3451 795 3512 te,
815 3451 846 3498 et
857 3441 1057 3519 multiplicans
1068 3440 1271 3520 multiplicatio

240 3540 336 3582 semen
351 3533 448 3595 tuum,
474 3526 554 3582 sicut
566 3523 671 3580 stellas
691 3524 779 3596 coeli,
804 3535 835 3583 et
848 3535 988 3603 tanquam
1000 3543 1124 3581 arenam
1141 3544 1220 3602 quae
1234 3533 1272 3582 eu

240 3609 328 3664 iuxta
342 3607 450 3665 lobium
462 3610 564 3664 maris.
596 3605 640 3662 Et
650 3604 839 3670 haereditate
845 3608 1013 3687 possidebit
1024 3625 1122 3665 semen
1138 3618 1225 3666 tuam
1237 3609 1273 3663 ei-

240 3690 351 3746 vitates
375 3691 636 3764 adversariorum
661 3700 691 3748 et
711 3689 918 3752 benedicentur
936 3694 966 3750 in
985 3693 1094 3749 semine
1111 3701 1166 3748 tao
1181 3706 1272 3750 omnes

240 3782 345 3846 gentes
365 3783 482 3848 terram
509 3775 579 3850 quia
604 3773 754 3832 obaudisti
772 3795 868 3834 vocem
886 3795 986 3833 meam.
1029 3773 1208 3832 Haemode
1234 3781 1272 3830 est

243 3854 294 3910 illa
305 3852 341 3910 de
349 3856 504 3912 vocatione
517 3858 649 3934 gentium
660 3857 691 3914 in
705 3861 814 3916 semine
827 3858 970 3931 Abrahae,
983 3867 1049 3934 post
1061 3856 1271 3920 holocaustum.
