2586 4396
220 158 259 212 86
433 148 543 218 olvl
565 145 751 206 AVRELII
771 143 1022 208 tvovs'ttn't

220 317 269 364 tur
287 313 391 362 contre
405 298 576 368 Dominum,
598 299 648 356 sed
666 309 736 358 ente
747 297 919 358 Dominum:
940 294 1076 357 inertior
1091 297 1206 372 quippe
1229 310 1260 355 et

221 399 290 446 ante
306 397 334 442 et
346 394 450 442 contre
463 381 618 459 significat.
649 381 713 438 Hoc
727 384 804 442 enirn
816 381 936 438 verbum
949 381 1037 436 estin
1050 379 1188 438 Psalmo:
1214 382 1260 439 Et

214 473 363 550 ploremus
376 477 445 525 ente
458 463 623 536 Dominum,
636 465 771 542 qnifecit
783 483 843 522 nos.
856 463 896 522 Et
906 462 960 522 boc
970 464 1089 520 verbum
1100 473 1144 520 est
1158 466 1260 521 etiarn

219 557 250 612 in
264 553 337 610 libro
351 550 411 622 lob,
425 549 474 606 ubi
486 549 625 622 scriptum
638 559 697 606 est:
723 545 758 604 In
770 547 910 618 furorem
924 549 1052 626 erupisti
1064 557 1168 604 contra
1183 547 1261 604 Do-

219 639 334 697 minum.
348 633 398 692 Sic
412 651 481 710 ergo
495 632 702 709 intelligendus
715 641 759 690 est
772 633 855 710 giges
869 633 919 688 ille
931 641 1054 688 senator
1066 641 1173 691 contre
1186 631 1260 688 Do-

137 726 141 736 ‘
220 723 336 778 minem.
358 717 433 786 Quid
445 726 541 772 autern
554 716 735 793 significetur
747 714 801 774 boe
815 717 943 788 nomine,
968 713 1043 790 quod
1055 724 1101 770 est
1111 727 1259 782 venator,

221 805 280 860 nisi
293 803 459 859 animalium
471 801 685 878 terrigenarum
699 798 846 874 deceptor,
873 817 1041 874 oppressor,
1065 795 1258 856 exstinctor?

221 887 361 964 Erigebat
374 903 444 962 ergo
459 903 524 940 cum
542 885 603 940 suis
617 885 730 958 populis
750 893 860 940 turrem
871 890 982 940 ‘contre
995 881 1170 954 Dominum,
1197 901 1258 957 qun

223 979 267 1026 cst
280 971 367 1044 impia
380 967 545 1046 significate
559 967 700 1042 superbie.
732 966 837 1024 Merito
850 976 948 1024 sutem
960 968 1052 1022 molus
1065 969 1189 1040 punitur
1207 967 1256 1022 ai-

222 1048 331 1123 lensis,
358 1055 445 1115 etiem
463 1053 511 1112 eui
534 1069 594 1108 non
621 1049 751 1111 succedit
772 1048 898 1110 effectus.
934 1050 1034 1108 Genus
1058 1067 1126 1106 vero
1151 1051 1258 1124 ipsum

222 1155 331 1214 poenae
356 1138 441 1212 quale
468 1131 540 1193 fuiti
567 1136 710 1203 Quoniam
729 1135 886 1194 dominatio
908 1135 1076 1209 imperantis
1094 1132 1124 1188 in
1141 1135 1259 1211 lingua

223 1231 279 1293 est,
302 1221 343 1281 ibi
360 1221 496 1279 damnate
508 1229 553 1276 est
566 1219 713 1296 superbis,
736 1229 769 1276 ut
782 1238 841 1276 non
854 1221 1068 1296 intelligeretur
1079 1217 1182 1273 lubens
1196 1216 1259 1272 ho-

223 1307 312 1377 mini,
335 1307 385 1382 qui
403 1305 497 1367 noluit
514 1305 680 1382 intelligere
698 1313 731 1358 ut
749 1303 878 1360 obediret
896 1301 961 1359 Deo
981 1301 1101 1358 iubenti.
1127 1299 1181 1357 Sic
1201 1303 1260 1356 ille

224 1391 403 1465 conspiratio
416 1388 557 1448 dissolute
570 1397 624 1458 est,
641 1406 729 1462 quum
742 1388 863 1462 quisque
876 1387 910 1442 sb
924 1405 957 1442 eo
972 1403 1056 1463 quem
1067 1403 1126 1442 non
1139 1387 1258 1441 intelli-

222 1475 321 1552 gebat,
335 1465 513 1541 abscederet,
527 1489 580 1530 nec
594 1489 625 1526 se
639 1472 696 1526 nisi
710 1472 748 1542 ei,
763 1490 829 1526 cum
840 1489 903 1550 quo,
914 1471 994 1546 loqui
1006 1478 1130 1544 poteret,
1145 1487 1257 1548 aggre-

223 1566 318 1634 garet:
333 1557 361 1612 et'
373 1575 424 1630 per
437 1557 553 1632 linguas
567 1553 676 1611 divisse
689 1564 759 1610 sunt
771 1562 890 1632 gentes,
910 1553 1115 1628 dispersaeque
1127 1571 1183 1628 per
1196 1564 1255 1608 ter·

224 1658 284 1710 ros,
298 1641 373 1694 sicut
384 1637 448 1697 Deo
464 1639 588 1712 placuit,
613 1639 664 1712 qui
677 1636 732 1694 hoc
745 1637 838 1694 modis
853 1637 974 1694 occultis
987 1635 1129 1711 nobisque
1143 1639 1254 1696 incons-

222 1720 461 1798 prehensibilibus
473 1721 551 1780 fecit.

639 1820 758 1878 CAP.
802 1821 836 1878 V.

257 1901 300 1954 De
311 1901 475 1953 descensione
487 1899 596 1954 Domini
610 1901 646 1952 ad
654 1903 869 1973 consendendnm
881 1902 1002 1972 litigium
1017 1899 1219 1971 aedificantium

683 1981 793 2026 turrem.
972 1983 974 1988 ’
1116 2021 1118 2026 .

285 2059 370 2128 Quot
382 2063 459 2118 enirn
472 2062 610 2134 scripturn
624 2070 683 2132 est,
696 2061 738 2118 Et
751 2063 901 2120 descendit
912 2062 1055 2120 Dominus
1067 2063 1169 2120 cidere
1182 2065 1254 2120 civi-

224 2157 315 2204 tatem
335 2155 365 2202 et
382 2156 509 2214 terrem,
528 2163 614 2221 quem
626 2145 862 2216 aedificaverunt
868 2146 934 2224 fitis·
945 2145 1106 2220 bominem
1129 2144 1185 2202 hoc
1199 2157 1253 2218 est,

223 2248 283 2286 non
295 2229 349 2283 filii
362 2227 430 2299 Dei,
445 2227 496 2283 sed
509 2229 558 2283 ills
570 2231 693 2284 societas
707 2228 866 2286 seeundum
878 2229 1023 2286 hominem
1036 2233 1152 2302 vivens,
1166 2248 1252 2306 quens

222 2323 368 2369 terrenam
381 2311 501 2366 dicimus
516 2309 684 2368 Civitatem:
711 2331 771 2367 non
785 2315 849 2368 loco
862 2325 994 2372 movetur
1007 2313 1097 2385 Deus,
1112 2315 1165 2390 qui
1178 2333 1250 2370 sern-

222 2414 274 2471 per
286 2394 393 2470 ubique
407 2403 452 2450 est
464 2404 558 2466 totus3
576 2395 626 2455 sed
639 2395 814 2452 descendere
827 2396 943 2471 dicitur,
957 2417 1043 2474 quum
1057 2397 1170 2474 aliquid
1181 2397 1254 2455 fucit

223 2481 254 2536 in
267 2489 362 2550 terre,
386 2470 463 2554 quod
476 2489 592 2552 praeter
606 2479 745 2535 usitatum
762 2489 883 2538 naturae
896 2501 1010 2538 cursum
1022 2482 1194 2538 mirabiliter
1206 2481 1251 2538 ia-

225 2573 303 2620 ctum
324 2565 518 2638 praesentiens
541 2563 664 2639 quodem
685 2563 771 2620 modo
792 2566 855 2621 eius
875 2566 1022 2623 ostendet:
1048 2583 1104 2624 nec
1126 2566 1252 2624 videndo

223 2647 309 2704 discit
335 2647 372 2704 sd
396 2656 523 2722 ternpus,
553 2649 603 2722 qui
623 2665 771 2724 nunquam
787 2658 883 2724 potest
900 2651 1009 2725 aliquid
1025 2652 1177 2731 ignorare;
1202 2651 1252 2706 sed

204 2731 259 2787 -ad
284 2741 397 2805 tempus
422 2731 523 2788 videre
541 2739 571 2786 et
594 2749 772 2810 cognoscere
791 2732 915 2805 dicitur,
929 2733 1014 2810 'quod
1034 2733 1126 2791 rideri
1145 2743 1176 2790 et
1201 2753 1251 2790 co-

222 2815 327 2892 gnosci
352 2813 430 2869 iecit.
478 2813 544 2869 Non
564 2815 693 2892 sicergo
717 2815 867 2873 videbatur
888 2819 938 2874 ille
963 2819 1084 2888 civitas,
1111 2819 1252 2894 quomodo

221 2916 285 2953 cens
297 2895 378 2952 Deus
397 2896 492 2952 videri
513 2896 598 2967 fecit,
624 2893 738 2972 quando
753 2899 809 2955 sibi
823 2911 961 2976 quantum
974 2902 1137 2981 displiceret
1146 2910 1249 2958 osten-

221 2980 272 3034 dit.
316 2980 453 3045 Quemois
466 2981 559 3052 possit
576 2980 703 3058 intelllgi
720 2981 799 3038 Deus
814 2984 850 3040 nd
866 2987 946 3042 illnrn
964 2987 1113 3045 civitatens
1123 2983 1250 3042 descen·
1278 3049 1279 3054 ἵ

220 3063 308 3134 disse,
323 3063 391 3136 quio
403 3061 616 3120 descenderunt
629 3064 736 3142 Angeli
749 3068 810 3123 eius
824 3070 855 3125 in
869 3070 971 3145 quibus
984 3068 1110 3140 hebitst3
1126 3077 1158 3124 ut
1171 3071 1248 3144 quod

220 3145 388 3202 adiunctum
401 3155 461 3219 est,
483 3147 524 3205 Et
536 3149 615 3205 dicit
628 3147 771 3207 Dominus
787 3149 885 3224 Dens,
910 3153 986 3210 Ecce
999 3171 1092 3236 genes
1106 3171 1207 3224 snum,
1220 3166 1247 3211 et

219 3230 327 3287 lobium
340 3249 426 3286 enom
440 3234 573 3302 oninium,
588 3241 617 3287 st
630 3243 761 3306 caeters3
777 3253 810 3290 ec
823 3235 926 3294 deinde
939 3236 1078 3306 additum,
1096 3233 1207 3308 Venite,
1222 3251 1249 3296 et

219 3315 425 3372 descendentes
439 3315 655 3386 confundemur
668 3317 709 3374 ibi
720 3317 850 3395 linguam
862 3339 977 3396 eorem3
988 3321 1190 3394 recapitulatio
1202 3324 1250 3392 sit,

218 3397 420 3454 demonstrans
443 3399 679 3473 quemadmodum
702 3401 811 3458 factum
834 3405 888 3475 sit,
913 3405 989 3480 quod
1012 3403 1121 3460 di'ctuus
1144 3403 1250 3469 fueret,
1278 3425 1279 3480 j

220 3481 381 3540 Descendit
395 3480 548 3540 Dominus.
583 3481 617 3540 Si
629 3485 708 3539 enim
727 3486 786 3541 ism
798 3484 1001 3558 descenderet,
1024 3486 1093 3566 quid
1108 3487 1165 3544 sibi
1177 3491 1249 3558 vult,
1278 3491 1279 3498 ³

225 3564 335 3636 Venite,
349 3576 378 3622 et
391 3565 597 3624 descendentes
611 3567 824 3640 confundentes
836 3570 877 3627 itt
890 3571 1021 3650 lingnam
1032 3589 1148 3644 eorum,
1162 3567 1250 3652 (quod

220 3649 393 3726 intelligitur
403 3648 524 3726 Angelis
539 3643 678 3729 dietum‚)
706 3653 765 3708 nisi
777 3671 828 3730 per
841 3653 968 3734 Angelos
983 3653 1187 3728 descendebat,
1201 3659 1249 3734 qui

220 3731 251 3784 in
265 3730 383 3807 Angelis
397 3731 730 3806 descendentibusleroti
763 3735 802 3792 Et
820 3737 894 3794 benc
913 3741 1045 3809 nonsit,
1074 3736 1195 3812 Venite,
1221 3753 1249 3796 et

221 3810 427 3872 descendentes
436 3816 622 3876 confundite:
637 3816 699 3892 sed,
713 3819 926 3893 confundentes
942 3823 982 3880 ibi
994 3822 1124 3898 linguens
1133 3840 1247 3897 eorm
