2576 4396
277 195 339 288 DE
361 192 583 251 ClVlTriTE
607 192 686 250 DEl
715 195 794 252 ΗΒ.
819 195 878 252 Xl.
1021 195 1082 251 343

54 451 91 507 De
108 449 246 511 'l'rs'as'tms
262 443 367 506 divino,
387 457 455 510 quoe
465 456 516 508 per
532 438 622 490 omnia
638 455 720 507 opera
735 456 784 492 sua
798 441 1008 514 significationis
1020 461 1086 499 suas

450 507 552 578 sparsit
561 507 671 560 indicia.

111 607 276 673 Credimus,
291 610 321 657 et
334 610 479 670 tenemus,
494 605 524 653 et
536 596 662 653 fideliter
674 598 894 674 praedicamus,
909 601 988 678 quod
999 601 1088 660 Pater

52 693 185 775 genuerit
203 683 347 754 Verbum,
370 681 426 739 hoc
446 691 506 752 est,
526 679 721 755 Sapientiam,
745 701 798 758 per
818 701 904 758 qnam
922 685 1001 742 laets
1020 695 1090 742 sunt

54 777 157 846 amaia,
183 769 373 848 unigenitum
385 766 505 835 Filium,
529 783 606 821 unus
620 779 721 836 uuum,
734 775 873 823 aeternus
888 777 1089 840 coaeteruum,

52 878 158 918 summe
171 858 268 914 bonus
285 852 449 926 aequaliter
460 850 585 920 bonum3
599 858 629 905 et
640 847 717 924 quoii
726 847 854 923 Spiritus
868 861 988 910 sanctus
1002 853 1088 909 simul

54 955 80 1001 et
91 943 187 1000 Patris
201 937 306 994 ctFilii
318 937 357 992 sit
367 933 507 1010 Spiritus,
522 929 625 1008 etipse
639 933 899 991 consubstantialis
913 943 943 992 et
956 943 1089 992 coaeter-

54 1046 105 1084 nus
116 1023 274 1082 ambobus:
288 1029 375 1094 atque
387 1016 443 1074 hoc
455 1026 549 1073 totum
563 1014 731 1072 etTrinitas
746 1018 785 1072 sit
796 1028 914 1093 propter
926 1020 1091 1094 proprieta-

53 1123 108 1168 tem
120 1123 331 1184 personarum,
351 1110 382 1158 ιι
393 1119 470 1158 uuus
484 1099 566 1157 Deus
580 1107 699 1174 propter
712 1100 937 1173 inseparabilem
950 1102 1090 1159 divinita-

53 1205 124 1264 tem,
151 1192 229 1247 sicut
241 1205 318 1244 unus
332 1186 518 1259 omnipotens
532 1192 652 1259 propter
665 1179 891 1256 inseparabilem
904 1185 1090 1260 omnipoten-

52 1280 134 1334 tiam:
159 1275 203 1330 ita
213 1282 314 1329 umen
328 1279 363 1326 ut
377 1270 465 1326 ctiam
478 1285 545 1324 cum
558 1263 594 1322 tle
608 1266 735 1342 singulis
748 1266 915 1339 quaeritur,
932 1267 1092 1339 unusquis-

53 1379 105 1436 que
118 1375 223 1415 eorum
236 1364 266 1411 et
278 1354 361 1412 Dens
376 1362 406 1409 et
419 1353 606 1425 omnipotens
622 1365 687 1403 esse
700 1346 927 1422 respondeatur3
942 1367 1008 1404 eum
1020 1365 1091 1404 vero

54 1445 86 1500 de
100 1440 234 1499 omuibus
247 1439 347 1509 simul,
360 1453 422 1494 uon
435 1443 496 1490 tras
510 1433 551 1488 dii
563 1434 612 1490 rel
625 1441 687 1488 tres
701 1431 932 1506 omnipotentes,
951 1429 1003 1487 sesl
1017 1447 1094 1486 uuus

54 1527 132 1585 Deus
152 1524 356 1598 omnipotens3
381 1527 467 1576 tanta
485 1518 527 1574 ibi
545 1517 640 1572 estin
657 1514 752 1572 tribus
765 1514 969 1588 inseparabilis
984 1513 1093 1582 unitas,

53 1630 124 1686 quae
137 1610 182 1665 sia
195 1626 230 1664 so
241 1606 338 1664 voluit
349 1601 522 1680 praedicari.
554 1598 660 1656 Vtrum
677 1608 775 1656 autam
786 1599 858 1656 boni
870 1596 968 1654 Patris
982 1605 1011 1652 et
1023 1596 1093 1653 boni

51 1696 118 1752 Filii
129 1691 263 1768 Spiritus
278 1697 411 1757 sanetas,
434 1687 504 1762 quia
516 1684 678 1741 eommunis
692 1682 831 1739 ambobus
846 1691 902 1753 est,
915 1687 996 1736 recte
1009 1679 1094 1736 boni.

53 1790 95 1835 tas
109 1777 170 1833 dici
190 1775 286 1850 possit
302 1772 469 1841 amborum,
494 1785 555 1825 non
579 1765 675 1822 audeo
695 1766 882 1824 temerariam
901 1764 1096 1839 praecipitare

53 1861 245 1930 sententiam
259 1864 462 1914 verumtamen
474 1851 626 1910 amborum
638 1867 706 1906 cum
716 1848 814 1905 disere
825 1849 1012 1906 sanctitatem
1021 1846 1095 1902 faci-

52 1949 105 2002 lius
124 1961 214 2001 ansus
233 1940 332 2011 fuero,
360 1953 420 1996 nou
445 1936 595 1993 amborum
614 1934 698 2009 quasi
718 1934 903 2007 qualitatem,
928 1931 980 1987 sed
999 1931 1096 2004 ipsum

53 2046 169 2105 quoquo
183 2024 391 2093 substantiam,
410 2029 440 2077 et
452 2020 571 2077 tertiam
582 2019 615 2074 in
628 2015 777 2074 Trinitate
790 2031 956 2090 personam.
984 2012 1029 2068 Asi
1041 2011 1096 2067 hoo

53 2115 130 2168 enim
142 2129 192 2168 sne
205 2106 385 2184 probabilius
399 2103 496 2174 ducit,
523 2099 601 2178 quoti
616 2117 683 2156 oum
700 2100 740 2154 sit
758 2106 788 2153 et
800 2097 890 2152 Pater
903 2095 1041 2170 spiritus,
1069 2101 1097 2148 et

52 2197 143 2253 Filius
155 2194 291 2268 spiritam,
305 2187 430 2246 ctPater
443 2194 564 2243 sanctus
578 2181 708 2240 etFilius
722 2188 853 2250 sanetus,
867 2178 985 2252 proprie
999 2186 1097 2232 tamen

52 2283 113 2356 ipse
126 2285 254 2336 vocatur
267 2273 398 2348 Spiritus
412 2279 552 2341 nactus,
578 2277 719 2340 tanquam
737 2264 879 2320 sanctitas
898 2259 1098 2318 subsstantiali

54 2375 82 2420 et
95 2358 362 2420 consubstantialis
377 2356 538 2413 amborum
571 2347 632 2406 ssu
645 2350 672 2404 si
684 2345 759 2404 nibil
773 2345 851 2404 aliud
867 2355 913 2402 est
925 2345 1040 2401 bonitas
1055 2341 1098 2397 sli-

53 2450 122 2505 rina
136 2461 228 2520 quam
240 2442 393 2510 sanctitas,
406 2437 540 2512 prolecto
554 2442 584 2488 et
596 2433 647 2486 illa
661 2430 817 2506 diligentia
829 2429 954 2484 rationis
969 2433 1025 2494 est,
1039 2443 1099 2481 non

53 2527 283 2606 praesumtionis
297 2521 433 2591 audacia,
456 2526 491 2574 ut
509 2518 542 2570 in
559 2512 697 2586 operibus
710 2511 769 2566 Dei
789 2517 903 2565 secreto
918 2507 1042 2582 quodam
1055 2508 1100 2560 lo-

54 2611 163 2691 quendi
176 2607 275 2678 modo,
289 2623 345 2682 quo
358 2612 460 2662 nostra
474 2604 648 2655 exerceatur
662 2593 800 2661 intentio,
813 2591 914 2646 eadem
927 2589 1012 2645 nobis
1027 2588 1100 2642 insi·

53 2707 145 2755 nuato
156 2689 346 2769 intelligatur
356 2685 500 2752 Trinitas,
514 2689 748 2751 unamquamque
762 2681 928 2730 creaturam
941 2671 1007 2746 quis
1021 2669 1100 2724 feee-

53 2783 104 2852 rit,
117 2796 174 2854 per
190 2773 260 2850 qum
273 2773 387 2841 lecerit,
401 2774 523 2842 propter
536 2759 606 2836 quid
618 2757 732 2815 fecerit.
769 2756 857 2813 l’ater
870 2755 975 2830 quippe
989 2751 1101 2808 intclli-

53 2867 134 2943 gitur
144 2859 250 2928 Verbi,
264 2855 412 2930 quislixit‚
426 2847 508 2908 Fiat.
522 2842 606 2913 Quod
619 2851 717 2900 autem
729 2842 781 2898 illo
794 2839 911 2896 (licente
924 2835 1031 2892 lactum
1047 2843 1102 2905 est,

55 2947 157 3023 procul
177 2941 267 2998 dnbio
287 2955 339 3013 per
351 2935 479 2992 Verbum
496 2931 607 2988 factum
625 2935 678 2983 ιιι.
705 2923 740 2981 ln
758 2943 793 2982 co
805 2939 878 2980 vero
891 2917 968 2997 quoti
981 2917 1103 2990 elicitur,

59 3029 142 3088 Vidit
155 3025 243 3086 Deus
257 3023 328 3100 quia
342 3021 445 3078 bosam
458 3027 518 3092 cst‚·
545 3013 620 3072 satis
631 3008 829 3088 significatur,
844 3005 940 3064 Deum
953 3003 1036 3060 nulla
1049 3020 1104 3059 ne-

56 3114 215 3180 cessitate,
239 3107 320 3163 nulla
333 3119 404 3160 suae
418 3101 591 3178 cuiusquam
603 3094 740 3157 utilitatis
756 3091 939 3172 indigentia,
965 3085 1018 3143 sed
1041 3085 1105 3144 sols

55 3197 194 3264 bonitate
205 3190 312 3247 fecisse
326 3184 405 3263 quod
416 3183 525 3241 factum
537 3189 598 3251 est,
611 3177 642 3234 ia
655 3187 716 3249 est,
737 3177 807 3252 quia
819 3176 929 3232 bonum
943 3179 1003 3226 est:
1029 3165 1105 3243 quod

56 3281 123 3338 ileo
136 3284 245 3354 postea
258 3287 347 3348 quam
359 3269 469 3326 lactum
482 3275 529 3322 est
541 3263 661 3333 dicitur,
674 3269 709 3318 ut
719 3277 768 3316 res
782 3275 856 3333 qaae
869 3257 948 3312 facta
962 3262 1019 3323 est,
1033 3268 1105 3306 oon·

57 3379 169 3443 gruero
184 3357 311 3416 bonitati
323 3361 444 3429 propter
458 3346 635 3426 quemfacta
648 3352 703 3414 cst,
718 3341 873 3398 indicetur.
898 3339 979 3404 Quae
990 3334 1106 3390 bonitas

58 3449 84 3504 si
97 3444 234 3522 Spiritus
248 3447 369 3496 sanctus
381 3443 463 3492 recte
476 3431 664 3508 intelligitur,
678 3426 819 3482 universa
832 3421 918 3479 nobis
927 3417 1061 3474 Trinitas
1075 3413 1106 3466 in

59 3529 122 3586 suis
140 3525 282 3604 operibus
299 3519 460 3578 intimatur.
497 3514 570 3572 laslc
593 3521 639 3568 est
658 3508 793 3567 Civitatis
817 3512 952 3570 sanotae,
977 3511 1053 3571 quae
1075 3494 1108 3548 irr

58 3614 172 3670 sanatis
178 3607 305 3686 Angelis
319 3619 434 3661 sursum
447 3608 503 3670 est,
514 3607 548 3654 et
560 3597 658 3673 origo,
672 3599 702 3650 ot
715 3587 895 3657 informatio,
907 3590 938 3639 et
949 3575 1107 3636 beatitudo.

27 3727 32 3736 ·
57 3695 135 3752 Nam
148 3696 177 3752 si
190 3697 354 3769 quaeratur
366 3685 444 3743 unde
457 3685 510 3750 sit,
534 3676 615 3738 Deus
629 3695 693 3733 esra
707 3670 854 3731 condidit:
880 3667 907 3724 si
919 3662 997 3720 unde
1011 3661 1051 3717 sit
1062 3677 1106 3718 ιι,

60 3781 158 3854 piens,
172 3795 191 3834 s
203 3774 272 3834 Doo
288 3771 485 3828 illuminatur:
510 3765 537 3819 si
548 3759 627 3819 uude
641 3761 680 3816 sit
693 3755 777 3828 felix,
790 3755 855 3812 Deo
868 3749 991 3807 imitus:
1012 3743 1108 3802 subsi-

62 3871 145 3919 stem
158 3857 362 3926 modificatur,
383 3848 583 3922 contemplans
597 3845 780 3910 illustratur,
798 3835 953 3894 inhaerens
967 3824 1095 3886 iucunda
