2586 4396
245 187 312 248 DE
335 185 553 246 ClVlTATE
577 187 656 248 DEI
682 189 763 248 ΗΒ.
785 191 847 258 Vl.¹
1019 201 1074 258 1⁷2

39 347 156 425 ligiosas
171 360 263 400 aures
280 342 456 418 populares,
481 353 570 419 etque
591 344 624 400 in
634 342 680 401 his
697 345 788 402 etiam
801 343 962 404 Ronmnns!
992 350 1078 418 Quod

39 432 69 486 de
81 430 138 485 diis
154 428 374 484 immortalibus
386 425 550 502 philosophi
564 426 730 502 disputent,
759 429 838 487 ferre
852 450 913 490 non
937 443 1078 506 possunt:

37 513 111 590 quod
123 531 202 569 vero
215 521 324 588 poetae
338 520 465 584 canunt,
488 521 519 568 et
531 510 692 569 histriones
706 525 817 591 agunt,
831 517 901 590 quia
915 525 1019 572 contre
1033 517 1078 572 di-

36 600 182 676 gnitatem
195 605 385 654 conaturam
401 596 610 652 immortalium
623 595 693 653 ficte
706 607 793 669 sunt,
819 601 889 674 quia
910 618 970 655 non
992 599 1078 656 modo

36 680 249 753 inhominem,
275 678 327 736 sed
351 680 440 736 etiem
465 681 497 736 in
524 682 790 738 contentissimum
812 680 960 739 hominem
975 682 1079 740 cadere

35 774 181 842 possunt,
209 782 273 821 non
288 763 511 836 solumfcrunt,
536 763 588 820 sed
602 765 690 820 etiam
702 766 829 823 libenter
843 767 974 823 audiunt.
1019 766 1078 823 Ne-

36 869 89 924 que
103 848 137 904 id
147 858 288 920 tentum,
314 847 366 904 sed
379 847 435 903 diis
449 865 566 925 quoqne
578 849 650 924 ipsis
664 848 737 906 haec
749 851 883 925 placere,
898 859 929 907 ct
940 867 995 924 per
1006 850 1079 907 hacc

36 953 84 989 eos
95 932 264 1008 placendos
277 949 343 989 csse
353 933 526 990 decernunt.

93 1017 222 1074 Dixerit
235 1018 362 1093 aliquis,
379 1015 463 1074 Haec
477 1017 535 1075 duo
549 1035 661 1096 genera
672 1017 825 1095 mythicon
838 1027 869 1075 et
879 1017 1035 1096 physicon,
1050 1020 1080 1076 id

36 1112 90 1173 cst,
117 1101 291 1158 fabulosum
304 1112 393 1178 etque
407 1104 559 1174 naturale,
586 1102 789 1160 discernamus
803 1103 838 1159 ah
852 1102 909 1159 hoc
922 1106 1019 1176 civili,
1043 1103 1079 1159 de

35 1204 88 1260 quo
115 1204 200 1243 nunc
228 1187 346 1264 agitem
374 1185 453 1242 unde
468 1187 519 1242 illa
533 1187 639 1261 etipse
658 1185 814 1243 discrevit:
842 1188 959 1263 iamque
984 1189 1080 1261 ipsum

36 1271 120 1326 civile
133 1268 308 1341 videamus,
330 1271 457 1346 qualiter
470 1272 608 1344 explicet.
652 1268 744 1326 Video
759 1269 894 1345 quidem,
909 1283 964 1326 cur
977 1269 1081 1326 debeat

36 1352 164 1410 dicerni
174 1353 361 1412 fabulosum:
387 1356 456 1431 quie
469 1354 593 1425 falsum,
620 1354 690 1428 quie
703 1363 806 1429 turpe,
832 1355 902 1430 quia
925 1353 1082 1430 indignum

39 1447 92 1491 est.
132 1435 280 1496 Naturale
293 1447 394 1496 eutem
408 1457 425 1496 a
437 1440 520 1496 cirili
531 1439 608 1495 velle
621 1437 809 1509 discerncre,
836 1435 907 1514 quid
920 1447 967 1493 est
989 1436 1081 1507 aliud,

38 1538 126 1595 quarn
140 1523 230 1580 etiam
242 1523 340 1598 ipsum
354 1523 441 1580 civile
454 1523 543 1580 fateri
556 1541 622 1578 esse
634 1516 827 1580 mendosum?
867 1519 902 1580 si
915 1522 996 1578 enim
1008 1520 1082 1577 illud

37 1606 172 1662 neturclc
185 1614 249 1678 est,
262 1605 334 1680 quid
345 1604 433 1663 habet
445 1605 697 1682 reprehensionis,
711 1615 744 1662 ut
757 1601 952 1664 excludaturl
979 1603 1014 1662 si
1028 1623 1081 1661 ιιι-

37 1699 94 1745 tem
118 1688 177 1746 hoc
205 1688 287 1765 quod
313 1691 402 1747 civile
428 1689 553 1763 dicitur,
578 1693 714 1747 naturale
737 1699 879 1763 nonest,
905 1688 975 1766 quid
993 1685 1082 1744 hehet

38 1776 149 1846 meriti,
171 1783 207 1831 nt
221 1768 414 1830 admitteturl
439 1773 522 1831 Haec
537 1794 642 1850 nempe
652 1777 704 1832 illa
717 1793 807 1832 cnusn
820 1783 882 1847 est,
896 1791 986 1850 quere
998 1774 1081 1849 prius

39 1860 190 1933 scripserit
203 1857 241 1914 dc
253 1857 343 1915 rebus
354 1856 509 1932 humenis,
530 1861 679 1935 posterius
690 1859 726 1916 de
742 1859 868 1932 divinis3
895 1859 1036 1934 quonism
1049 1858 1082 1914 in

39 1941 141 2000 divinis
157 1943 248 2000 rebus
262 1951 491 2016 nonnaturam,
510 1943 562 2000 sed
574 1941 725 2001 hominum
737 1945 877 2000 institute
890 1951 1012 1999 secutus
1026 1951 1080 1997 cst.

39 2025 209 2084 intueamur
222 2045 295 2084 sene
309 2037 341 2084 et
354 2028 472 2084 civilem
484 2026 673 2106 theologiam.
720 2025 878 2100 „Tertium
904 2043 999 2104 genus
1025 2034 1082 2095 cst,

39 2112 171 2186 „inquit,
199 2111 281 2186 quod
293 2113 327 2168 in
339 2110 463 2168 urbibus
478 2113 574 2184 cives,
591 2114 719 2169 maxime
732 2111 919 2182 secerdotes,
933 2125 1023 2165 nosse
1036 2116 1082 2163 at-

39 2213 112 2270 „qne
126 2194 342 2252 administrare
356 2195 472 2252 dehent.
515 2194 550 2252 ln
564 2214 623 2270 quo
646 2205 706 2268 est,
729 2196 808 2270 quos'
817 2195 887 2251 deos
900 2193 1017 2269 publice
1031 2209 1081 2248 co-

41 2281 133 2352 „lere‚
155 2297 236 2355 quae
249 2297 338 2336 secra
351 2289 382 2335 et
395 2279 540 2336 sacrificia
552 2279 651 2336 fecere
665 2297 811 2355 quemque
821 2295 875 2354 per
888 2279 937 2334 sit.
980 2275 1083 2334 Adhuc
1104 2271 1108 2282 '

40 2363 136 2437 „quod
149 2364 291 2438 sequitur
304 2361 500 2419 attendemus.
532 2363 646 2434 Prima,
664 2363 778 2438 inquit,
792 2363 942 2440 theologia
954 2363 1083 2417 maxime

41 2445 284 2517 „accommodate
297 2455 344 2502 est
356 2445 393 2503 ed
406 2444 571 2518 theatrum,
599 2447 730 2504 secunda
753 2447 790 2502 ad
809 2445 967 2517 mundum,
994 2445 1084 2500 tertis

40 2530 244 2600 ,nturbcmf‘
290 2531 363 2598 Quis
377 2549 438 2588 non
451 2530 567 2602 vident,
595 2532 644 2588 cui
666 2532 792 2604 palmam
817 2523 950 2584 dederit?
974 2525 1082 2600 Vtique

40 2615 198 2688 secundae,
228 2632 317 2690 quem
331 2631 420 2688 supre
433 2615 511 2671 dixit
524 2631 590 2669 esse
607 2611 856 2688 philosophorum.
899 2607 986 2665 Hanc
1004 2610 1083 2664 enim

40 2699 186 2770 pertinere
197 2707 331 2754 testetur
345 2698 382 2754 ad
397 2697 556 2768 mundum,
584 2715 641 2772 quo
654 2697 707 2752 isti
720 2693 794 2752 nihil
808 2712 873 2750 esso
887 2692 1082 2749 excellentius

41 2781 201 2852 opinantur
224 2783 258 2838 in
285 2782 381 2838 rehus.
425 2781 508 2839 Duas
522 2793 594 2840 vtro
617 2781 683 2837 illes
705 2777 890 2858 theologias,
916 2777 1039 2854 primum
1053 2785 1084 2832 et

40 2865 173 2938 tertium,
190 2864 303 2924 theatri
316 2867 432 2922 scilicet
443 2875 532 2942 etque
546 2866 646 2937 urhis,
660 2865 814 2936 distinxit,
829 2882 867 2920 en
882 2857 1003 2928 iunxit?
1030 2859 1083 2916 Vi-

40 2946 139 3006 demus
154 2952 235 3008 enim
248 2968 311 3007 non
325 2951 468 3008 continuo
479 2949 559 3026 quod
572 2959 618 3008 est
630 2949 729 3023 urhis,
743 2950 894 3024 pertinere
904 2965 993 3022 posse
1007 2943 1084 3002 etad

37 3033 194 3109 mundnm3
225 3037 360 3111 quemvis
374 3035 455 3091 urhis
471 3053 536 3091 esse
549 3034 701 3092 rideamus
714 3036 747 3090 in
760 3031 886 3091 mundo:
913 3031 979 3088 lieri
1004 3031 1083 3087 enim

37 3129 151 3191 potest,
176 3129 212 3176 ut
226 3120 258 3176 in
272 3119 346 3177 urhe
359 3117 526 3175 secundum
540 3119 629 3176 falsos
655 3119 825 3194 opiniones,
854 3136 888 3173 ec
903 3118 1039 3173 colentur
1053 3121 1084 3168 et

39 3219 73 3256 cs
93 3200 277 3272 credantur,
303 3221 430 3278 quorum
443 3205 475 3260 in
489 3202 598 3260 mundo
608 3205 657 3260 vcl
670 3213 756 3260 extro
768 3201 910 3259 mundum
923 3209 1030 3256 natura
1044 3197 1084 3253 sit

38 3303 200 3362 nusquam:
228 3284 377 3343 theutrum
388 3303 460 3342 vero
473 3287 524 3342 ubi
537 3296 597 3358 est,
611 3289 671 3343 nisi
684 3289 715 3343 in
729 3282 822 3343 urhel
851 3285 922 3352 Quis
935 3282 1084 3338 theatrum

39 3371 185 3443 instituit,
213 3371 275 3426 nisi
287 3367 414 3428 civitnsl
440 3368 563 3446 Propter
576 3369 647 3446 quid
659 3371 805 3440 instituit,
830 3370 890 3425 nisi
902 3374 1023 3440 propter
1036 3365 1083 3417 lu-

38 3453 89 3510 dos
103 3451 263 3514 scenicos?
288 3453 345 3512 Vbi
359 3464 429 3511 sunt
441 3454 503 3511 ludi
516 3456 641 3525 scenici,
668 3455 729 3510 nisi
747 3455 779 3510 in
792 3451 880 3509 rebus
894 3449 1021 3516 divinis,
1048 3442 1084 3499 de

39 3542 142 3611 quihus
155 3540 187 3598 hi
200 3541 273 3598 libri
286 3547 370 3598 tante
383 3541 504 3596 solertia
515 3533 770 3595 conscribuntur?

450 3690 518 3749 CA
540 3691 572 3747 P.
615 3689 676 3746 vl.

40 3784 84 3841 Dc
96 3788 232 3860 theologia
242 3787 376 3860 mythice,
386 3783 476 3850 idest,
490 3783 635 3858 fabulosa,
645 3793 673 3835 et
683 3783 714 3833 de
724 3779 806 3843 cicili,
817 3782 913 3830 contra
930 3773 1085 3830 Varronem.

109 3879 249 3942 OMarce
263 3879 378 3951 Varro,
406 3895 469 3934 euru
497 3873 648 3932 sithonio
674 3872 804 3930 omnium
826 3869 1029 3940 acutissimus,
1057 3876 1087 3924 et

792 3953 823 4012 Μ
