2590 4396
268 209 332 268 DE
355 209 576 270 Cll'lTA'l'E
600 213 680 272 DEI
707 216 787 275 LlB.
810 220 862 278 lv.
1031 233 1088 293 lll

49 358 116 432 rius,
130 361 265 416 ultorum
279 361 413 418 interius.
447 361 515 420 Non
530 372 574 420 eet
587 381 659 444 ergo
671 369 722 426 ille
736 367 772 426 tle
785 388 842 446 qno
855 371 964 433 dietum
976 391 1031 451 ert,
1044 376 1090 438 lo·

49 446 87 500 ιίι
102 444 209 500 omnia
223 445 329 518 plen23
344 445 370 500 si
383 445 510 521 aliquam
522 456 636 521 portem
648 450 751 527 implet
763 461 793 510 et
805 453 887 513 luno.
910 456 957 516 An
969 469 1091 538 uterque

48 537 203 602 utrumqne
216 527 332 602 implet,
358 536 388 586 ot
410 528 494 586 ambo
516 531 567 586 itti
589 533 729 613 noninget
742 546 773 593 et
784 538 817 594 in
829 535 942 597 ‹luobut
954 542 1018 600 ittin
1031 545 1089 600 elo·

48 611 169 680 mentio,
201 619 235 665 et
247 611 280 666 in
292 611 420 688 singulis
433 611 520 669 timul
533 609 621 670 nuntl
647 615 707 674 Cur
720 637 792 698 ergo
805 619 907 678 tetber
920 622 1005 682 detrrr
1017 623 1090 697 lori,

47 699 91 748 ufir
103 688 239 749 lunonil
254 691 407 752 Postremo
421 695 477 770 ipti
492 694 548 752 duo
562 698 632 754 ertit
646 711 756 760 eruent:
780 702 850 780 quid
863 707 999 783 estquod
1011 727 1091 764 mere

47 775 185 850 Neptuno
200 775 356 849 tribuitur,
369 785 450 834 terro
462 775 597 836 Plutonll
610 779 650 838 Et
661 802 700 839 ne
712 786 769 860 ipsi
782 804 896 864 quoque
908 791 974 848 rino
987 792 1091 848 coniu-

47 859 126 936 gibus
140 867 352 931 remanerent,
365 859 480 917 additur
490 857 627 937 Neptuno
638 863 764 941 Solonio,
777 868 895 928 Plutoni
905 870 1091 950 Proserpina.

47 943 117 998 Nom
129 943 216 998 sieut
229 942 405 1000 inferiorem
417 945 492 1002 oooli
504 954 627 1020 portem,
641 948 672 1004 id
685 959 739 1024 eet,
754 957 861 1026 rerem,
880 955 1028 1031 inquiunt,
1042 956 1090 1014 lu-

49 1044 82 1081 no
95 1033 202 1096 tenet3
231 1025 274 1082 itu
297 1025 471 1086 inferiorem
492 1030 582 1086 morie
595 1027 722 1106 Selenio,
749 1043 780 1092 et
801 1045 899 1094 terroe
918 1039 1091 1097 inferiorem

48 1108 238 1182 Proserpina.
266 1109 422 1175 Quaerunt
433 1111 674 1186 quemadmodum
686 1118 815 1175 ooroiont
827 1119 951 1193 subuleo,
975 1141 1030 1180 nee
1043 1125 1090 1179 in·

49 1193 181 1248 veniunt.
209 1189 343 1250 sienim
355 1190 427 1250 bueo
439 1195 481 1252 lta
493 1203 603 1268 errent,
629 1199 688 1255 triu
709 1202 806 1275 potine
829 1203 973 1260 elemento
991 1205 1092 1261 mundi

53 1293 123 1347 erre,
137 1293 203 1332 non
217 1283 360 1350 quotuor,
374 1294 474 1334 eorum
485 1287 602 1336 vetere·
615 1279 784 1354 proderent,
797 1292 831 1340 ut
842 1285 960 1363 singule
973 1285 1093 1342 deorum

51 1359 186 1436 coniugio
198 1358 332 1436 singulis
346 1358 548 1418 dividerentur
562 1363 725 1420 elementis.
751 1364 838 1422 Nune
850 1385 922 1423 vero
937 1369 1017 1424 omni
1029 1387 1091 1424 mo-

52 1440 87 1496 do
100 1441 336 1514 offirmrertmt,
349 1442 429 1500 uliud
441 1463 506 1502 eote
519 1442 679 1519 aetherem,
693 1447 773 1504 uliud
785 1454 892 1506 nerem.
927 1449 1011 1526 Aque
1022 1469 1092 1508 vero

53 1525 115 1582 sire
127 1527 273 1600 superior,
288 1527 352 1582 tire
365 1526 499 1600 inferior,
513 1529 615 1602 utique
627 1547 703 1606 equa
716 1541 772 1588 ert:
796 1541 866 1607 puto
879 1535 947 1608 quio
964 1533 1091 1590 distinti-

53 1609 99 1678 lu,
123 1607 268 1684 numquid
294 1609 327 1666 in
353 1617 467 1666 tontum
489 1618 620 1686 neuqua
641 1630 701 1669 non
725 1609 781 1671 riti
805 1614 846 1672 Et
863 1616 988 1674 inferior
1001 1627 1090 1688 terre,

54 1691 117 1765 qnid
128 1691 210 1748 aliud
223 1699 325 1766 potest
338 1707 403 1748 esee
416 1709 502 1767 quum
511 1701 602 1762 terro,
615 1697 796 1769 quantolibet
805 1697 975 1757 diversitate
985 1701 1090 1756 dietim

52 1770 110 1830 otri
137 1773 251 1832 deinde
273 1793 343 1829 eooo
364 1775 424 1830 iem
436 1783 514 1831 totus
534 1772 625 1832 inhio
638 1787 761 1852 quotuor
773 1782 926 1838 veltribue
939 1784 1091 1839 elementis

53 1876 206 1932 corporeus
222 1857 385 1931 completus
399 1857 591 1930 rotmundus,
610 1859 745 1919 Minerva
757 1863 808 1920 ubi
822 1860 895 1920 erit'l
922 1865 993 1940 quid
1006 1874 1091 1922 tene-

53 1937 106 1996 litt
131 1939 207 2016 quid
221 1935 373 2015 implebit'l
398 1937 491 1997 Simul
505 1943 584 1998 enlm
597 1962 662 1999 oum
674 1941 719 2000 hio
731 1945 764 2001 in
778 1945 921 2021 Capitolio
934 1950 1093 2005 oonrtituto

54 2033 102 2096 est,
125 2043 196 2080 oum
209 2023 269 2078 itte
282 2021 345 2078 lilia
357 2041 418 2080 non
432 2024 471 2081 tit
483 2025 642 2084 amborum.
667 2027 726 2084 Aut
738 2030 765 2084 ti
776 2027 904 2084 aetherit
917 2040 1029 2104 partem
1042 2048 1091 2086 ιιι-

53 2109 194 2181 poriorem
205 2104 374 2164 Minervam
386 2115 488 2163 tenere
501 2107 611 2182 dieunt,
626 2119 656 2165 et
664 2107 718 2165 hoo
729 2112 882 2168 oeoeoione
894 2111 1010 2190 fingere
1021 2129 1091 2186 poe·
1201 2119 1204 2128 ⁴

53 2201 91 2246 tor
104 2189 184 2266 quod
199 2188 238 2244 de
252 2187 333 2246 lovis
346 2190 442 2264 oupite
454 2199 524 2246 note
537 2193 589 2267 eit3
610 2211 662 2250 our
675 2211 736 2250 non
750 2212 823 2274 ergo
836 2195 900 2270 ipso
911 2197 1008 2270 potiut
1022 2194 1091 2252 deo-

52 2293 110 2329 rum
124 2274 237 2352 regino
251 2272 417 2347 deputatur,
443 2272 519 2348 quod
541 2278 581 2334 rit
602 2275 672 2334 love
694 2274 846 2352 superiori
871 2277 918 2335 An
932 2281 999 2354 quio
1012 2278 1091 2334 indi-

53 2376 138 2434 gnum
152 2364 223 2413 erut
234 2373 418 2431 praeponere
430 2358 508 2432 putri
519 2356 628 2417 filiuml
664 2358 724 2416 Cur
736 2380 797 2418 non
811 2361 846 2418 tle
860 2360 929 2420 love
943 2364 1006 2436 ipro
1020 2380 1092 2439 ergo

53 2439 214 2498 Saturnum
227 2440 411 2496 iustitioirto
424 2449 538 2498 remota
552 2439 619 2500 etti
646 2443 692 2500 An
716 2445 785 2519 quie
805 2447 899 2502 vietur
923 2441 985 2500 eutl
1011 2443 1092 2520 Ergo

52 2519 241 2602 pugnarunt?
255 2521 350 2594 Absit,
364 2524 513 2598 inquiunt:
526 2524 690 2582 fabularum
703 2535 749 2582 est
760 2528 816 2582 into
829 2527 995 2603 garrulitas.
1016 2525 1093 2582 Eooe

51 2607 155 2662 fabulis
169 2625 234 2662 non
248 2604 395 2677 credatur,
421 2615 451 2662 et
475 2605 511 2662 de
533 2607 589 2664 diio
608 2608 775 2663 nuntientur
797 2607 931 2661 meliore:
958 2624 1009 2660 our
1022 2623 1093 2682 ergo

52 2709 113 2744 non
127 2690 197 2745 iata
211 2698 257 2744 est
270 2689 349 2762 patri
362 2685 449 2761 lovis,
477 2690 534 2744 etsi
546 2708 608 2746 non
621 2687 783 2760 sublimior,
809 2687 940 2761 aequalis
954 2697 1034 2744 corto
1047 2706 1093 2742 eo-

52 2771 106 2826 des
118 2767 259 2827 honoris?
287 2771 362 2836 Quin
375 2769 531 2843 Saturnus,
550 2772 698 2848 inquiunt,
721 2771 860 2846 temporis
873 2769 1025 2846 longitudo
1040 2778 1093 2826 eet.

52 2854 182 2929 Tempus
195 2856 291 2932 igitur
303 2855 412 2927 colunt,
435 2857 486 2930 qui
499 2853 660 2913 Saturnum
673 2854 783 2926 oolunt,
802 2861 832 2908 et
843 2869 898 2908 rex
912 2851 1032 2910 deorum
1044 2852 1093 2910 lu-

51 2941 128 3013 piter
140 2939 311 2996 insinuetur
324 2946 409 2994 nutus
424 2947 601 3014 extempore.
627 2935 704 3004 Quid
717 2937 795 2993 onim
809 2933 964 3014 indignum
977 2936 1093 3007 dieitur,

51 3041 117 3077 eum
129 3020 243 3096 Iupiter
256 3028 287 3076 et
300 3019 374 3076 luno
387 3023 449 3078 nati
462 3020 598 3080 dicuntur
611 3038 649 3076 ex
661 3030 802 3094 tempore,
820 3020 848 3076 ιί
860 3021 973 3076 ooelum
985 3028 1031 3077 ert
1043 3021 1094 3075 ille

51 3116 79 3160 et
91 3108 145 3162 illo
157 3115 258 3175 terra,
283 3122 350 3160 oum
362 3103 438 3160 foetu
451 3105 512 3160 sint
530 3106 630 3180 utique
652 3105 765 3160 eoelum
785 3111 815 3160 et
826 3098 926 3159 terrui
952 3101 1028 3160 Num
1039 3101 1094 3158 hoo

52 3181 167 3264 quo'que
180 3189 214 3243 in
226 3186 311 3243 libri·
326 3187 385 3242 ιιιίι
398 3184 506 3244 habent
519 3206 621 3244 eorum
633 3186 711 3244 douti
724 3195 811 3260 utque
824 3185 984 3261 supienter:
999 3203 1094 3260 neque

52 3271 86 3326 ‹le
98 3270 402 3350 figmentio'poetioie,
414 3269 466 3324 sed
480 3269 515 3326 (le
528 3267 762 3345 philotophorum
777 3269 860 3326 libri:
873 3287 891 3326 u
903 3267 1030 3348 Virgilio
1048 3267 1093 3322 di-

52 3363 128 3412 otum
142 3364 200 3425 est,

133 3437 215 3496 Tum
229 3434 320 3492 Potor
333 3435 517 3510 omnipotent
531 3435 663 3494 fecundis
677 3435 816 3492 imbribus
830 3435 942 3510 aether,

132 3520 283 3598 Coniugio
297 3519 330 3574 in
343 3519 438 3574 lootoe
450 3521 594 3596 gremium
603 3518 763 3589 deseendit,

52 3604 79 3660 id
92 3615 151 3678 eet,
178 3605 214 3662 in
232 3602 384 3680 gremium
395 3601 508 3658 tellurit
522 3612 573 3659 out
585 3613 690 3659 torrae.
719 3602 795 3666 Quia
813 3602 901 3656 etium
918 3597 966 3654 hio
985 3598 1095 3673 aliquos

51 3686 234 3748 differentias
250 3685 359 3743 volunt
371 3702 446 3756 este,
465 3692 551 3760 etque
562 3688 595 3742 in
610 3687 673 3760 ipen
685 3693 765 3739 terro
778 3681 857 3738 uliud
870 3679 1004 3752 Terram,
1018 3679 1096 3738 uliud

50 3768 210 3844 Tellurem,
226 3766 313 3826 uliud
327 3763 531 3824 Tellumonem
543 3777 654 3842 putant.
677 3765 717 3821 Et
728 3763 781 3820 hou
795 3781 894 3820 omnen
908 3763 977 3820 door
990 3762 1098 3820 hubent
1211 3837 1213 3840 Ι

49 3859 103 3912 ruit
117 3852 301 3914 nominibus
316 3849 487 3922 appellator,
515 3851 574 3905 ιιιίι
589 3849 690 3905 officiis
704 3845 869 3917 distinctor,
896 3847 955 3902 ιιιίι
973 3848 1032 3901 urio
1051 3862 1097 3900 ιι-
