<?xml version="1.0" encoding="UTF-8"?>
<!DOCTYPE html PUBLIC "-//W3C//DTD XHTML 1.0 Transitional//EN"
    "http://www.w3.org/TR/xhtml1/DTD/xhtml1-transitional.dtd">
<html xmlns="http://www.w3.org/1999/xhtml" xml:lang="en" lang="en">
 <head>
  <title>
</title>
<meta http-equiv="Content-Type" content="text/html;charset=utf-8" />
  <meta name='ocr-system' content='tesseract 3.04.00' />
  <meta name='ocr-capabilities' content='ocr_page ocr_carea ocr_par ocr_line ocrx_word'/>
</head>
<body>
  <div class='ocr_page' id='page_1' title='image "./saureliiaugusti02augugoog_0195.png"; bbox 0 0 2586 4396; ppageno 0'>
   <div class='ocr_carea' id='block_1_1' title="bbox 217 140 1025 208">
    <p class='ocr_par' dir='ltr' id='par_1_1' title="bbox 217 140 1025 208">
     <span class='ocr_line' id='line_1_1' title="bbox 217 140 1025 208; baseline -0.012 0"><span class='ocrx_word' id='word_1_1' title='bbox 217 154 277 208; x_wconf 77' lang='lat' dir='ltr'><strong>loo</strong></span> <span class='ocrx_word' id='word_1_2' title='bbox 447 145 542 206; x_wconf 87' lang='lat' dir='ltr'><strong>DlVl</strong></span> <span class='ocrx_word' id='word_1_3' title='bbox 563 142 749 204; x_wconf 85' lang='lat' dir='ltr'><strong>AVRELll</strong></span> <span class='ocrx_word' id='word_1_4' title='bbox 770 140 1025 202; x_wconf 82' lang='lat' dir='ltr'><strong>AVGVSTlNl</strong></span> 
     </span>
    </p>
   </div>
   <div class='ocr_carea' id='block_1_2' title="bbox 216 295 1273 630">
    <p class='ocr_par' dir='ltr' id='par_1_2' title="bbox 216 295 1272 459">
     <span class='ocr_line' id='line_1_2' title="bbox 216 295 1272 374; baseline -0.009 -12"><span class='ocrx_word' id='word_1_5' title='bbox 216 321 292 374; x_wconf 87' lang='lat' dir='ltr'><strong>mus,</strong></span> <span class='ocrx_word' id='word_1_6' title='bbox 313 301 429 360; x_wconf 89' lang='lat' dir='ltr'><strong>colendi</strong></span> <span class='ocrx_word' id='word_1_7' title='bbox 442 319 503 358; x_wconf 86' lang='lat' dir='ltr'><strong>non</strong></span> <span class='ocrx_word' id='word_1_8' title='bbox 517 308 595 360; x_wconf 83' lang='lat' dir='ltr'><strong>suut.</strong></span> <span class='ocrx_word' id='word_1_9' title='bbox 614 297 826 373; x_wconf 72' lang='lat' dir='ltr'><strong>sedquoniam</strong></span> <span class='ocrx_word' id='word_1_10' title='bbox 838 304 1014 356; x_wconf 76' lang='lat' dir='ltr'><strong>veternosae</strong></span> <span class='ocrx_word' id='word_1_11' title='bbox 1026 295 1272 359; x_wconf 78' lang='lat' dir='ltr'><strong>consuetudinis</strong></span> 
     </span>
     <span class='ocr_line' id='line_1_3' title="bbox 216 378 1255 459; baseline -0.007 -13"><span class='ocrx_word' id='word_1_12' title='bbox 216 391 262 446; x_wconf 85' lang='lat' dir='ltr'><strong>vis</strong></span> <span class='ocrx_word' id='word_1_13' title='bbox 275 388 363 447; x_wconf 84' lang='lat' dir='ltr'><strong>nimis</strong></span> <span class='ocrx_word' id='word_1_14' title='bbox 377 387 409 444; x_wconf 93' lang='lat' dir='ltr'><strong>in</strong></span> <span class='ocrx_word' id='word_1_15' title='bbox 423 387 483 442; x_wconf 90' lang='lat' dir='ltr'><strong>alto</strong></span> <span class='ocrx_word' id='word_1_16' title='bbox 496 383 608 443; x_wconf 87' lang='lat' dir='ltr'><strong>radices</strong></span> <span class='ocrx_word' id='word_1_17' title='bbox 622 381 719 454; x_wconf 87' lang='lat' dir='ltr'><strong>habet,</strong></span> <span class='ocrx_word' id='word_1_18' title='bbox 734 382 760 438; x_wconf 88' lang='lat' dir='ltr'><strong>si</strong></span> <span class='ocrx_word' id='word_1_19' title='bbox 771 381 818 436; x_wconf 88' lang='lat' dir='ltr'><strong>oui</strong></span> <span class='ocrx_word' id='word_1_20' title='bbox 829 379 865 436; x_wconf 89' lang='lat' dir='ltr'><strong>de</strong></span> <span class='ocrx_word' id='word_1_21' title='bbox 875 382 932 438; x_wconf 87' lang='lat' dir='ltr'><strong>ista</strong></span> <span class='ocrx_word' id='word_1_22' title='bbox 946 381 1027 440; x_wconf 79' lang='lat' dir='ltr'><strong>civili</strong></span> <span class='ocrx_word' id='word_1_23' title='bbox 1040 378 1194 459; x_wconf 74' lang='lat' dir='ltr'><strong>theologia</strong></span> <span class='ocrx_word' id='word_1_24' title='bbox 1211 401 1255 439; x_wconf 90' lang='lat' dir='ltr'><strong>re</strong></span> 
     </span>
    </p>

    <p class='ocr_par' dir='ltr' id='par_1_3' title="bbox 216 464 1273 630">
     <span class='ocr_line' id='line_1_4' title="bbox 218 464 1271 547; baseline -0.003 -20"><span class='ocrx_word' id='word_1_25' title='bbox 218 471 348 547; x_wconf 80' lang='lat' dir='ltr'><strong>spuendo</strong></span> <span class='ocrx_word' id='word_1_26' title='bbox 360 480 449 545; x_wconf 90' lang='lat' dir='ltr'><strong>atque</strong></span> <span class='ocrx_word' id='word_1_27' title='bbox 460 467 581 528; x_wconf 26' lang='lat' dir='ltr'><strong>*vitanda</strong></span> <span class='ocrx_word' id='word_1_28' title='bbox 594 485 696 541; x_wconf 85' lang='lat' dir='ltr'><strong>parum</strong></span> <span class='ocrx_word' id='word_1_29' title='bbox 708 465 811 522; x_wconf 87' lang='lat' dir='ltr'><strong>videor</strong></span> <span class='ocrx_word' id='word_1_30' title='bbox 824 464 1002 540; x_wconf 79' lang='lat' dir='ltr'><strong>disputasse,</strong></span> <span class='ocrx_word' id='word_1_31' title='bbox 1028 464 1061 522; x_wconf 91' lang='lat' dir='ltr'><strong>in</strong></span> <span class='ocrx_word' id='word_1_32' title='bbox 1073 465 1154 524; x_wconf 83' lang='lat' dir='ltr'><strong>aliud</strong></span> <span class='ocrx_word' id='word_1_33' title='bbox 1169 469 1271 524; x_wconf 86' lang='lat' dir='ltr'><strong>volu-</strong></span> 
     </span>
     <span class='ocr_line' id='line_1_5' title="bbox 216 547 1273 630; baseline -0.004 -17"><span class='ocrx_word' id='word_1_34' title='bbox 216 575 295 628; x_wconf 88' lang='lat' dir='ltr'><strong>men,</strong></span> <span class='ocrx_word' id='word_1_35' title='bbox 318 553 395 630; x_wconf 91' lang='lat' dir='ltr'><strong>quod</strong></span> <span class='ocrx_word' id='word_1_36' title='bbox 408 553 490 625; x_wconf 91' lang='lat' dir='ltr'><strong>huic,</strong></span> <span class='ocrx_word' id='word_1_37' title='bbox 513 553 675 628; x_wconf 79' lang='lat' dir='ltr'><strong>opitulante</strong></span> <span class='ocrx_word' id='word_1_38' title='bbox 689 549 766 622; x_wconf 86' lang='lat' dir='ltr'><strong>Deo,</strong></span> <span class='ocrx_word' id='word_1_39' title='bbox 788 547 1025 627; x_wconf 79' lang='lat' dir='ltr'><strong>coniungeudum</strong></span> <span class='ocrx_word' id='word_1_40' title='bbox 1038 557 1099 622; x_wconf 85' lang='lat' dir='ltr'><strong>est,</strong></span> <span class='ocrx_word' id='word_1_41' title='bbox 1123 551 1273 608; x_wconf 85' lang='lat' dir='ltr'><strong>animum</strong></span> 
     </span>
    </p>
   </div>
   <div class='ocr_carea' id='block_1_3' title="bbox 220 777 1259 810">
    <p class='ocr_par' dir='ltr' id='par_1_4' title="bbox 220 777 1259 810">
     <span class='ocr_line' id='line_1_6' title="bbox 220 777 1259 810; baseline -0.002 -4"><span class='ocrx_word' id='word_1_42' title='bbox 220 777 1259 810; x_wconf 54' lang='lat' dir='ltr'><strong>mmmmwwwwwwwwwwmnm</strong></span> 
     </span>
    </p>
   </div>
   <div class='ocr_carea' id='block_1_4' title="bbox 423 889 1050 966">
    <p class='ocr_par' dir='ltr' id='par_1_5' title="bbox 423 889 1050 966">
     <span class='ocr_line' id='line_1_7' title="bbox 423 889 1050 966; baseline -0.003 0"><span class='ocrx_word' id='word_1_43' title='bbox 423 893 640 966; x_wconf 86' lang='lat' dir='ltr'>LIBER</span> <span class='ocrx_word' id='word_1_44' title='bbox 679 889 1050 966; x_wconf 81' lang='lat' dir='ltr'><strong>SEPTIMVS.</strong></span> 
     </span>
    </p>
   </div>
   <div class='ocr_carea' id='block_1_5' title="bbox 461 1055 905 1133">
    <p class='ocr_par' dir='ltr' id='par_1_6' title="bbox 461 1055 905 1133">
     <span class='ocr_line' id='line_1_8' title="bbox 461 1055 905 1133; baseline -0.007 -11"><span class='ocrx_word' id='word_1_45' title='bbox 461 1106 465 1110; x_wconf 83' lang='lat'>-</span> <span class='ocrx_word' id='word_1_46' title='bbox 559 1055 905 1133; x_wconf 71' lang='lat' dir='ltr'><strong>Praefatio</strong></span> 
     </span>
    </p>
   </div>
   <div class='ocr_carea' id='block_1_6' title="bbox 218 1143 1271 2248">
    <p class='ocr_par' dir='ltr' id='par_1_7' title="bbox 218 1143 1271 2248">
     <span class='ocr_line' id='line_1_9' title="bbox 218 1143 1271 1242; baseline 0.002 -23"><span class='ocrx_word' id='word_1_47' title='bbox 218 1143 415 1242; x_wconf 81' lang='lat' dir='ltr'><strong>Diligentius</strong></span> <span class='ocrx_word' id='word_1_48' title='bbox 441 1183 488 1220; x_wconf 91' lang='lat' dir='ltr'><strong>me</strong></span> <span class='ocrx_word' id='word_1_49' title='bbox 513 1179 619 1238; x_wconf 84' lang='lat' dir='ltr'><strong>pravas</strong></span> <span class='ocrx_word' id='word_1_50' title='bbox 638 1172 669 1219; x_wconf 91' lang='lat' dir='ltr'><strong>et</strong></span> <span class='ocrx_word' id='word_1_51' title='bbox 685 1171 802 1220; x_wconf 85' lang='lat' dir='ltr'><strong>veteres</strong></span> <span class='ocrx_word' id='word_1_52' title='bbox 822 1163 976 1236; x_wconf 88' lang='lat' dir='ltr'><strong>opiniones</strong></span> <span class='ocrx_word' id='word_1_53' title='bbox 994 1162 1117 1218; x_wconf 79' lang='lat' dir='ltr'><strong>veritati</strong></span> <span class='ocrx_word' id='word_1_54' title='bbox 1135 1162 1271 1236; x_wconf 88' lang='lat' dir='ltr'><strong>pietatis</strong></span> 
     </span>
     <span class='ocr_line' id='line_1_10' title="bbox 218 1244 1271 1325; baseline 0 -21"><span class='ocrx_word' id='word_1_55' title='bbox 218 1250 371 1320; x_wconf 83' lang='lat' dir='ltr'><strong>inimicas,</strong></span> <span class='ocrx_word' id='word_1_56' title='bbox 399 1267 470 1324; x_wconf 90' lang='lat' dir='ltr'><strong>quas</strong></span> <span class='ocrx_word' id='word_1_57' title='bbox 490 1248 655 1304; x_wconf 78' lang='lat' dir='ltr'><strong>tenebrosis</strong></span> <span class='ocrx_word' id='word_1_58' title='bbox 674 1247 780 1325; x_wconf 72' lang='lat' dir='ltr'><strong>omunia</strong></span> <span class='ocrx_word' id='word_1_59' title='bbox 800 1247 888 1302; x_wconf 87' lang='lat' dir='ltr'><strong>altius</strong></span> <span class='ocrx_word' id='word_1_60' title='bbox 902 1256 932 1302; x_wconf 92' lang='lat' dir='ltr'><strong>et</strong></span> <span class='ocrx_word' id='word_1_61' title='bbox 945 1246 1078 1302; x_wconf 80' lang='lat' dir='ltr'><strong>tenacius</strong></span> <span class='ocrx_word' id='word_1_62' title='bbox 1098 1244 1271 1304; x_wconf 82' lang='lat' dir='ltr'><strong>diuturnus</strong></span> 
     </span>
     <span class='ocr_line' id='line_1_11' title="bbox 218 1330 1269 1410; baseline 0 -22"><span class='ocrx_word' id='word_1_63' title='bbox 218 1331 339 1388; x_wconf 88' lang='lat' dir='ltr'><strong>humani</strong></span> <span class='ocrx_word' id='word_1_64' title='bbox 351 1333 469 1410; x_wconf 80' lang='lat' dir='ltr'><strong>generis</strong></span> <span class='ocrx_word' id='word_1_65' title='bbox 484 1351 567 1388; x_wconf 87' lang='lat' dir='ltr'><strong>error</strong></span> <span class='ocrx_word' id='word_1_66' title='bbox 579 1330 692 1402; x_wconf 82' lang='lat' dir='ltr'><strong>infixit,</strong></span> <span class='ocrx_word' id='word_1_67' title='bbox 719 1331 845 1388; x_wconf 82' lang='lat' dir='ltr'><strong>evellere</strong></span> <span class='ocrx_word' id='word_1_68' title='bbox 862 1339 948 1406; x_wconf 88' lang='lat' dir='ltr'><strong>atque</strong></span> <span class='ocrx_word' id='word_1_69' title='bbox 966 1330 1130 1403; x_wconf 81' lang='lat' dir='ltr'><strong>exstirpare</strong></span> <span class='ocrx_word' id='word_1_70' title='bbox 1142 1347 1269 1388; x_wconf 85' lang='lat' dir='ltr'><strong>conan-</strong></span> 
     </span>
     <span class='ocr_line' id='line_1_12' title="bbox 219 1413 1269 1494; baseline 0.001 -22"><span class='ocrx_word' id='word_1_71' title='bbox 219 1426 295 1488; x_wconf 82' lang='lat' dir='ltr'><strong>tem3</strong></span> <span class='ocrx_word' id='word_1_72' title='bbox 311 1426 353 1486; x_wconf 85' lang='lat' dir='ltr'><strong>¹ct</strong></span> <span class='ocrx_word' id='word_1_73' title='bbox 365 1419 444 1473; x_wconf 88' lang='lat' dir='ltr'><strong>illius</strong></span> <span class='ocrx_word' id='word_1_74' title='bbox 458 1418 589 1494; x_wconf 82' lang='lat' dir='ltr'><strong>gratiae,</strong></span> <span class='ocrx_word' id='word_1_75' title='bbox 613 1417 663 1490; x_wconf 87' lang='lat' dir='ltr'><strong>qui</strong></span> <span class='ocrx_word' id='word_1_76' title='bbox 675 1413 731 1471; x_wconf 92' lang='lat' dir='ltr'><strong>hoc</strong></span> <span class='ocrx_word' id='word_1_77' title='bbox 743 1423 777 1470; x_wconf 89' lang='lat' dir='ltr'><strong>ut</strong></span> <span class='ocrx_word' id='word_1_78' title='bbox 788 1431 877 1471; x_wconf 82' lang='lat' dir='ltr'><strong>verus</strong></span> <span class='ocrx_word' id='word_1_79' title='bbox 891 1413 972 1471; x_wconf 91' lang='lat' dir='ltr'><strong>Deus</strong></span> <span class='ocrx_word' id='word_1_80' title='bbox 985 1421 1097 1486; x_wconf 88' lang='lat' dir='ltr'><strong>potest,</strong></span> <span class='ocrx_word' id='word_1_81' title='bbox 1122 1430 1177 1486; x_wconf 87' lang='lat' dir='ltr'><strong>pro</strong></span> <span class='ocrx_word' id='word_1_82' title='bbox 1192 1432 1269 1474; x_wconf 88' lang='lat' dir='ltr'><strong>meo</strong></span> 
     </span>
     <span class='ocr_line' id='line_1_13' title="bbox 219 1497 1269 1575; baseline -0.001 -19"><span class='ocrx_word' id='word_1_83' title='bbox 219 1500 335 1556; x_wconf 85' lang='lat' dir='ltr'><strong>modulo</strong></span> <span class='ocrx_word' id='word_1_84' title='bbox 348 1501 381 1556; x_wconf 88' lang='lat' dir='ltr'><strong>iu</strong></span> <span class='ocrx_word' id='word_1_85' title='bbox 395 1501 460 1556; x_wconf 90' lang='lat' dir='ltr'><strong>eius</strong></span> <span class='ocrx_word' id='word_1_86' title='bbox 473 1499 617 1556; x_wconf 87' lang='lat' dir='ltr'><strong>adiutorio</strong></span> <span class='ocrx_word' id='word_1_87' title='bbox 631 1505 850 1572; x_wconf 78' lang='lat' dir='ltr'><strong>cooperantem,</strong></span> <span class='ocrx_word' id='word_1_88' title='bbox 876 1499 998 1575; x_wconf 84' lang='lat' dir='ltr'><strong>ingenia</strong></span> <span class='ocrx_word' id='word_1_89' title='bbox 1010 1497 1153 1552; x_wconf 84' lang='lat' dir='ltr'><strong>celeriora</strong></span> <span class='ocrx_word' id='word_1_90' title='bbox 1167 1506 1269 1574; x_wconf 90' lang='lat' dir='ltr'><strong>atque</strong></span> 
     </span>
     <span class='ocr_line' id='line_1_14' title="bbox 219 1579 1269 1658; baseline 0.002 -22"><span class='ocrx_word' id='word_1_91' title='bbox 219 1583 352 1655; x_wconf 80' lang='lat' dir='ltr'><strong>meliora,</strong></span> <span class='ocrx_word' id='word_1_92' title='bbox 366 1583 472 1658; x_wconf 90' lang='lat' dir='ltr'><strong>quibus</strong></span> <span class='ocrx_word' id='word_1_93' title='bbox 485 1581 522 1638; x_wconf 86' lang='lat' dir='ltr'><strong>a&#39;d</strong></span> <span class='ocrx_word' id='word_1_94' title='bbox 533 1579 609 1639; x_wconf 86' lang='lat' dir='ltr'><strong>hanc</strong></span> <span class='ocrx_word' id='word_1_95' title='bbox 621 1599 685 1638; x_wconf 90' lang='lat' dir='ltr'><strong>rem</strong></span> <span class='ocrx_word' id='word_1_96' title='bbox 696 1583 862 1655; x_wconf 87' lang='lat' dir='ltr'><strong>superiores</strong></span> <span class='ocrx_word' id='word_1_97' title='bbox 873 1583 941 1638; x_wconf 89' lang='lat' dir='ltr'><strong>libri</strong></span> <span class='ocrx_word' id='word_1_98' title='bbox 952 1583 1024 1638; x_wconf 83' lang='lat' dir='ltr'><strong>setis</strong></span> <span class='ocrx_word' id='word_1_99' title='bbox 1038 1596 1186 1656; x_wconf 86' lang='lat' dir='ltr'><strong>superque</strong></span> <span class='ocrx_word' id='word_1_100' title='bbox 1197 1583 1269 1638; x_wconf 87' lang='lat' dir='ltr'><strong>suf-</strong></span> 
     </span>
     <span class='ocr_line' id='line_1_15' title="bbox 219 1664 1270 1742; baseline 0.002 -21"><span class='ocrx_word' id='word_1_101' title='bbox 219 1665 340 1738; x_wconf 89' lang='lat' dir='ltr'><strong>ficiunt,</strong></span> <span class='ocrx_word' id='word_1_102' title='bbox 363 1669 510 1742; x_wconf 81' lang='lat' dir='ltr'><strong>patienter</strong></span> <span class='ocrx_word' id='word_1_103' title='bbox 529 1674 559 1721; x_wconf 89' lang='lat' dir='ltr'><strong>et</strong></span> <span class='ocrx_word' id='word_1_104' title='bbox 577 1667 790 1739; x_wconf 85' lang='lat' dir='ltr'><strong>aequanimiter</strong></span> <span class='ocrx_word' id='word_1_105' title='bbox 810 1665 889 1721; x_wconf 85' lang='lat' dir='ltr'><strong>ferre</strong></span> <span class='ocrx_word' id='word_1_106' title='bbox 906 1664 1067 1736; x_wconf 81' lang='lat' dir='ltr'><strong>debebunt3</strong></span> <span class='ocrx_word' id='word_1_107' title='bbox 1094 1674 1124 1720; x_wconf 89' lang='lat' dir='ltr'><strong>et</strong></span> <span class='ocrx_word' id='word_1_108' title='bbox 1136 1676 1270 1740; x_wconf 88' lang='lat' dir='ltr'><strong>propter</strong></span> 
     </span>
     <span class='ocr_line' id='line_1_16' title="bbox 220 1746 1268 1828; baseline 0.002 -24"><span class='ocrx_word' id='word_1_109' title='bbox 220 1751 293 1805; x_wconf 85' lang='lat' dir='ltr'><strong>elios</strong></span> <span class='ocrx_word' id='word_1_110' title='bbox 304 1767 365 1806; x_wconf 89' lang='lat' dir='ltr'><strong>non</strong></span> <span class='ocrx_word' id='word_1_111' title='bbox 376 1759 479 1824; x_wconf 88' lang='lat' dir='ltr'><strong>putare</strong></span> <span class='ocrx_word' id='word_1_112' title='bbox 493 1746 683 1824; x_wconf 87' lang='lat' dir='ltr'><strong>superfluum,</strong></span> <span class='ocrx_word' id='word_1_113' title='bbox 697 1749 776 1828; x_wconf 90' lang='lat' dir='ltr'><strong>quod</strong></span> <span class='ocrx_word' id='word_1_114' title='bbox 788 1749 847 1805; x_wconf 90' lang='lat' dir='ltr'><strong>iam</strong></span> <span class='ocrx_word' id='word_1_115' title='bbox 859 1749 916 1808; x_wconf 90' lang='lat' dir='ltr'><strong>sibi</strong></span> <span class='ocrx_word' id='word_1_116' title='bbox 930 1751 1062 1806; x_wconf 84' lang='lat' dir='ltr'><strong>sentiunt</strong></span> <span class='ocrx_word' id='word_1_117' title='bbox 1075 1765 1137 1806; x_wconf 85' lang='lat' dir='ltr'><strong>nou</strong></span> <span class='ocrx_word' id='word_1_118' title='bbox 1149 1767 1268 1806; x_wconf 83' lang='lat' dir='ltr'><strong>neces-</strong></span> 
     </span>
     <span class='ocr_line' id='line_1_17' title="bbox 221 1833 1268 1912; baseline 0.003 -24"><span class='ocrx_word' id='word_1_119' title='bbox 221 1835 338 1891; x_wconf 85' lang='lat' dir='ltr'><strong>sarium.</strong></span> <span class='ocrx_word' id='word_1_120' title='bbox 361 1833 485 1892; x_wconf 86' lang='lat' dir='ltr'><strong>Multum</strong></span> <span class='ocrx_word' id='word_1_121' title='bbox 498 1851 606 1910; x_wconf 75' lang='lat' dir='ltr'><strong>magna</strong></span> <span class='ocrx_word' id='word_1_122' title='bbox 618 1851 666 1888; x_wconf 89' lang='lat' dir='ltr'><strong>res</strong></span> <span class='ocrx_word' id='word_1_123' title='bbox 680 1835 789 1912; x_wconf 78' lang='lat' dir='ltr'><strong>agitur,</strong></span> <span class='ocrx_word' id='word_1_124' title='bbox 803 1851 869 1889; x_wconf 84' lang='lat' dir='ltr'><strong>cum</strong></span> <span class='ocrx_word' id='word_1_125' title='bbox 880 1853 952 1892; x_wconf 78' lang='lat' dir='ltr'><strong>vera</strong></span> <span class='ocrx_word' id='word_1_126' title='bbox 964 1843 995 1889; x_wconf 86' lang='lat' dir='ltr'><strong>et</strong></span> <span class='ocrx_word' id='word_1_127' title='bbox 1007 1851 1078 1890; x_wconf 79' lang='lat' dir='ltr'><strong>vere</strong></span> <span class='ocrx_word' id='word_1_128' title='bbox 1091 1841 1198 1890; x_wconf 85' lang='lat' dir='ltr'><strong>sancta</strong></span> <span class='ocrx_word' id='word_1_129' title='bbox 1216 1835 1268 1892; x_wconf 89' lang='lat' dir='ltr'><strong>di-</strong></span> 
     </span>
     <span class='ocr_line' id='line_1_18' title="bbox 219 1915 1269 1995; baseline 0.003 -23"><span class='ocrx_word' id='word_1_130' title='bbox 219 1918 345 1988; x_wconf 83' lang='lat' dir='ltr'><strong>vinitae,</strong></span> <span class='ocrx_word' id='word_1_131' title='bbox 372 1918 505 1992; x_wconf 80' lang='lat' dir='ltr'><strong>quamvis</strong></span> <span class='ocrx_word' id='word_1_132' title='bbox 525 1917 560 1972; x_wconf 92' lang='lat' dir='ltr'><strong>ab</strong></span> <span class='ocrx_word' id='word_1_133' title='bbox 580 1935 615 1972; x_wconf 88' lang='lat' dir='ltr'><strong>ea</strong></span> <span class='ocrx_word' id='word_1_134' title='bbox 633 1917 718 1974; x_wconf 77' lang='lat' dir='ltr'><strong>nobit</strong></span> <span class='ocrx_word' id='word_1_135' title='bbox 736 1919 825 1972; x_wconf 90' lang='lat' dir='ltr'><strong>etiam</strong></span> <span class='ocrx_word' id='word_1_136' title='bbox 837 1915 906 1974; x_wconf 89' lang='lat' dir='ltr'><strong>huic</strong></span> <span class='ocrx_word' id='word_1_137' title='bbox 920 1935 1008 1994; x_wconf 87' lang='lat' dir='ltr'><strong>quam</strong></span> <span class='ocrx_word' id='word_1_138' title='bbox 1020 1935 1099 1973; x_wconf 87' lang='lat' dir='ltr'><strong>nunc</strong></span> <span class='ocrx_word' id='word_1_139' title='bbox 1112 1919 1269 1995; x_wconf 82' lang='lat' dir='ltr'><strong>gerimus,</strong></span> 
     </span>
     <span class='ocr_line' id='line_1_19' title="bbox 220 1999 1269 2079; baseline 0.004 -23"><span class='ocrx_word' id='word_1_140' title='bbox 220 2000 376 2079; x_wconf 80' lang='lat' dir='ltr'><strong>fragilitati</strong></span> <span class='ocrx_word' id='word_1_141' title='bbox 389 2003 556 2058; x_wconf 85' lang='lat' dir='ltr'><strong>necessaria</strong></span> <span class='ocrx_word' id='word_1_142' title='bbox 568 1999 698 2058; x_wconf 81' lang='lat' dir='ltr'><strong>subsidio</strong></span> <span class='ocrx_word' id='word_1_143' title='bbox 710 2002 923 2076; x_wconf 89' lang='lat' dir='ltr'><strong>praebeantur,</strong></span> <span class='ocrx_word' id='word_1_144' title='bbox 949 2020 1011 2058; x_wconf 87' lang='lat' dir='ltr'><strong>non</strong></span> <span class='ocrx_word' id='word_1_145' title='bbox 1023 2009 1123 2058; x_wconf 84' lang='lat' dir='ltr'><strong>tamen</strong></span> <span class='ocrx_word' id='word_1_146' title='bbox 1135 2011 1269 2076; x_wconf 88' lang='lat' dir='ltr'><strong>propter</strong></span> 
     </span>
     <span class='ocr_line' id='line_1_20' title="bbox 218 2085 1269 2162; baseline 0.004 -21"><span class='ocrx_word' id='word_1_147' title='bbox 218 2087 353 2141; x_wconf 63' lang='lat' dir='ltr'><strong>manalis</strong></span> <span class='ocrx_word' id='word_1_148' title='bbox 364 2086 444 2142; x_wconf 80' lang='lat' dir='ltr'><strong>vitre</strong></span> <span class='ocrx_word' id='word_1_149' title='bbox 456 2085 663 2140; x_wconf 85' lang='lat' dir='ltr'><strong>transitorium</strong></span> <span class='ocrx_word' id='word_1_150' title='bbox 675 2103 823 2160; x_wconf 86' lang='lat' dir='ltr'><strong>vaporem,</strong></span> <span class='ocrx_word' id='word_1_151' title='bbox 837 2085 889 2140; x_wconf 89' lang='lat' dir='ltr'><strong>sed</strong></span> <span class='ocrx_word' id='word_1_152' title='bbox 899 2095 1020 2162; x_wconf 87' lang='lat' dir='ltr'><strong>propter</strong></span> <span class='ocrx_word' id='word_1_153' title='bbox 1028 2087 1120 2143; x_wconf 79' lang='lat' dir='ltr'><strong>vitam</strong></span> <span class='ocrx_word' id='word_1_154' title='bbox 1129 2085 1269 2160; x_wconf 85' lang='lat' dir='ltr'><strong>beatam,</strong></span> 
     </span>
     <span class='ocr_line' id='line_1_21' title="bbox 221 2167 1221 2248; baseline 0.003 -23"><span class='ocrx_word' id='word_1_155' title='bbox 221 2185 295 2242; x_wconf 89' lang='lat' dir='ltr'><strong>quae</strong></span> <span class='ocrx_word' id='word_1_156' title='bbox 309 2189 370 2228; x_wconf 88' lang='lat' dir='ltr'><strong>non</strong></span> <span class='ocrx_word' id='word_1_157' title='bbox 383 2171 443 2227; x_wconf 87' lang='lat' dir='ltr'><strong>nisi</strong></span> <span class='ocrx_word' id='word_1_158' title='bbox 455 2177 576 2226; x_wconf 77' lang='lat' dir='ltr'><strong>aeterna</strong></span> <span class='ocrx_word' id='word_1_159' title='bbox 589 2177 645 2240; x_wconf 89' lang='lat' dir='ltr'><strong>est,</strong></span> <span class='ocrx_word' id='word_1_160' title='bbox 662 2168 828 2244; x_wconf 90' lang='lat' dir='ltr'><strong>quaerenda</strong></span> <span class='ocrx_word' id='word_1_161' title='bbox 842 2178 874 2241; x_wconf 77' lang='lat' dir='ltr'><strong>ct</strong></span> <span class='ocrx_word' id='word_1_162' title='bbox 884 2169 1006 2226; x_wconf 88' lang='lat' dir='ltr'><strong>colenda</strong></span> <span class='ocrx_word' id='word_1_163' title='bbox 1018 2167 1221 2248; x_wconf 80' lang='lat' dir='ltr'><strong>praedicatur.</strong></span> 
     </span>
    </p>
   </div>
   <div class='ocr_carea' id='block_1_7' title="bbox 603 2317 868 2378">
    <p class='ocr_par' dir='ltr' id='par_1_8' title="bbox 603 2317 868 2378">
     <span class='ocr_line' id='line_1_22' title="bbox 603 2317 868 2378; baseline -0.023 -2"><span class='ocrx_word' id='word_1_164' title='bbox 603 2317 808 2378; x_wconf 82' lang='lat' dir='ltr'><strong>CAPVT</strong></span> <span class='ocrx_word' id='word_1_165' title='bbox 847 2317 868 2375; x_wconf 89' lang='lat' dir='ltr'><strong>l.</strong></span> 
     </span>
    </p>
   </div>
   <div class='ocr_carea' id='block_1_8' title="bbox 219 2414 1269 2553">
    <p class='ocr_par' dir='ltr' id='par_1_9' title="bbox 219 2414 1269 2553">
     <span class='ocr_line' id='line_1_23' title="bbox 219 2414 1269 2486; baseline 0.008 -20"><span class='ocrx_word' id='word_1_166' title='bbox 219 2414 262 2469; x_wconf 81' lang='grc' dir='ltr'><strong>Αιι</strong></span> <span class='ocrx_word' id='word_1_167' title='bbox 282 2431 342 2468; x_wconf 86' lang='lat' dir='ltr'><strong>eum</strong></span> <span class='ocrx_word' id='word_1_168' title='bbox 362 2417 391 2470; x_wconf 83' lang='lat' dir='ltr'><strong>in</strong></span> <span class='ocrx_word' id='word_1_169' title='bbox 410 2416 546 2486; x_wconf 70' lang='lat' dir='ltr'><strong>theologia</strong></span> <span class='ocrx_word' id='word_1_170' title='bbox 560 2415 635 2468; x_wconf 78' lang='lat' dir='ltr'><strong>cicili</strong></span> <span class='ocrx_word' id='word_1_171' title='bbox 651 2415 779 2467; x_wconf 82' lang='lat' dir='ltr'><strong>deitatem</strong></span> <span class='ocrx_word' id='word_1_172' title='bbox 789 2417 842 2468; x_wconf 79' lang='lat' dir='ltr'><strong>uon</strong></span> <span class='ocrx_word' id='word_1_173' title='bbox 853 2432 907 2480; x_wconf 76' lang='lat' dir='ltr'><strong>este</strong></span> <span class='ocrx_word' id='word_1_174' title='bbox 917 2417 1086 2480; x_wconf 81' lang='lat' dir='ltr'><strong>coteste&#39;terit,</strong></span> <span class='ocrx_word' id='word_1_175' title='bbox 1105 2416 1135 2470; x_wconf 83' lang='lat' dir='ltr'><strong>in</strong></span> <span class='ocrx_word' id='word_1_176' title='bbox 1151 2422 1269 2474; x_wconf 73' lang='lat' dir='ltr'><strong>aelectio</strong></span> 
     </span>
     <span class='ocr_line' id='line_1_24' title="bbox 458 2485 1013 2553; baseline -0.002 -13"><span class='ocrx_word' id='word_1_177' title='bbox 458 2487 511 2540; x_wconf 77' lang='lat' dir='ltr'><strong>diis</strong></span> <span class='ocrx_word' id='word_1_178' title='bbox 522 2503 579 2542; x_wconf 83' lang='lat' dir='ltr'><strong>eom</strong></span> <span class='ocrx_word' id='word_1_179' title='bbox 588 2485 705 2540; x_wconf 79' lang='lat' dir='ltr'><strong>inueniri</strong></span> <span class='ocrx_word' id='word_1_180' title='bbox 712 2501 789 2553; x_wconf 77' lang='lat' dir='ltr'><strong>poete</strong></span> <span class='ocrx_word' id='word_1_181' title='bbox 799 2486 958 2540; x_wconf 79' lang='lat' dir='ltr'><strong>eredendum</strong></span> <span class='ocrx_word' id='word_1_182' title='bbox 967 2487 1013 2540; x_wconf 76' lang='lat' dir='ltr'><strong>sit.</strong></span> 
     </span>
    </p>
   </div>
   <div class='ocr_carea' id='block_1_9' title="bbox 217 2566 1273 3736">
    <p class='ocr_par' dir='ltr' id='par_1_10' title="bbox 217 2566 1273 3736">
     <span class='ocr_line' id='line_1_25' title="bbox 275 2566 1269 2641; baseline 0.006 -15"><span class='ocrx_word' id='word_1_183' title='bbox 275 2566 361 2628; x_wconf 86' lang='lat' dir='ltr'><strong>Hanc</strong></span> <span class='ocrx_word' id='word_1_184' title='bbox 374 2567 570 2640; x_wconf 81' lang='lat' dir='ltr'><strong>divinitatem,</strong></span> <span class='ocrx_word' id='word_1_185' title='bbox 583 2569 642 2639; x_wconf 82' lang='lat' dir='ltr'><strong>rel,</strong></span> <span class='ocrx_word' id='word_1_186' title='bbox 656 2569 746 2624; x_wconf 84' lang='lat' dir='ltr'><strong>uteie</strong></span> <span class='ocrx_word' id='word_1_187' title='bbox 760 2567 896 2640; x_wconf 82' lang='lat' dir='ltr'><strong>dixerim,</strong></span> <span class='ocrx_word' id='word_1_188' title='bbox 909 2569 1061 2641; x_wconf 81' lang='lat' dir='ltr'><strong>deitatem3</strong></span> <span class='ocrx_word' id='word_1_189' title='bbox 1075 2586 1144 2626; x_wconf 88' lang='lat' dir='ltr'><strong>nam</strong></span> <span class='ocrx_word' id='word_1_190' title='bbox 1156 2580 1193 2626; x_wconf 85' lang='lat' dir='ltr'><strong>et</strong></span> <span class='ocrx_word' id='word_1_191' title='bbox 1205 2570 1269 2632; x_wconf 89' lang='lat' dir='ltr'><strong>hoc</strong></span> 
     </span>
     <span class='ocr_line' id='line_1_26' title="bbox 218 2651 1269 2729; baseline 0.008 -21"><span class='ocrx_word' id='word_1_192' title='bbox 218 2651 308 2710; x_wconf 82' lang='lat' dir='ltr'><strong>verbo</strong></span> <span class='ocrx_word' id='word_1_193' title='bbox 321 2655 365 2710; x_wconf 88' lang='lat' dir='ltr'><strong>uti</strong></span> <span class='ocrx_word' id='word_1_194' title='bbox 378 2655 436 2712; x_wconf 84' lang='lat' dir='ltr'><strong>iarn</strong></span> <span class='ocrx_word' id='word_1_195' title='bbox 449 2661 568 2710; x_wconf 84' lang='lat' dir='ltr'><strong>nostros</strong></span> <span class='ocrx_word' id='word_1_196' title='bbox 582 2670 644 2708; x_wconf 87' lang='lat' dir='ltr'><strong>non</strong></span> <span class='ocrx_word' id='word_1_197' title='bbox 656 2652 748 2729; x_wconf 79' lang='lat' dir='ltr'><strong>piget,</strong></span> <span class='ocrx_word' id='word_1_198' title='bbox 761 2651 961 2710; x_wconf 83' lang='lat' dir='ltr'><strong>utdeGraeco</strong></span> <span class='ocrx_word' id='word_1_199' title='bbox 973 2654 1143 2728; x_wconf 78' lang='lat' dir='ltr'><strong>expressius</strong></span> <span class='ocrx_word' id='word_1_200' title='bbox 1156 2663 1269 2716; x_wconf 70' lang='lat' dir='ltr'><strong>mans-</strong></span> 
     </span>
     <span class='ocr_line' id='line_1_27' title="bbox 218 2726 1269 2814; baseline 0.009 -23"><span class='ocrx_word' id='word_1_201' title='bbox 218 2736 317 2795; x_wconf 82' lang='lat' dir='ltr'><strong>lerant</strong></span> <span class='ocrx_word' id='word_1_202' title='bbox 324 2737 354 2792; x_wconf 95' lang='lat' dir='ltr'><strong>id</strong></span> <span class='ocrx_word' id='word_1_203' title='bbox 362 2737 439 2813; x_wconf 89' lang='lat' dir='ltr'><strong>quod</strong></span> <span class='ocrx_word' id='word_1_204' title='bbox 449 2739 494 2794; x_wconf 88' lang='lat' dir='ltr'><strong>illi</strong></span> <span class='ocrx_word' id='word_1_205' title='bbox 505 2726 639 2811; x_wconf 70' lang='lat' dir='ltr'><strong>dedoque</strong></span> <span class='ocrx_word' id='word_1_206' title='bbox 646 2737 813 2807; x_wconf 79' lang='lat' dir='ltr'><strong>appellant:</strong></span> <span class='ocrx_word' id='word_1_207' title='bbox 825 2735 901 2794; x_wconf 91' lang='lat' dir='ltr'><strong>hanc</strong></span> <span class='ocrx_word' id='word_1_208' title='bbox 915 2753 986 2814; x_wconf 77' lang='lat' dir='ltr'><strong>ergo</strong></span> <span class='ocrx_word' id='word_1_209' title='bbox 1000 2736 1191 2797; x_wconf 82' lang='lat' dir='ltr'><strong>diuinitatem</strong></span> <span class='ocrx_word' id='word_1_210' title='bbox 1199 2743 1269 2800; x_wconf 84' lang='lat' dir='ltr'><strong>sive</strong></span> 
     </span>
     <span class='ocr_line' id='line_1_28' title="bbox 219 2815 1271 2899; baseline 0.01 -25"><span class='ocrx_word' id='word_1_211' title='bbox 219 2819 359 2876; x_wconf 86' lang='lat' dir='ltr'><strong>deitatem</strong></span> <span class='ocrx_word' id='word_1_212' title='bbox 370 2839 434 2876; x_wconf 90' lang='lat' dir='ltr'><strong>non</strong></span> <span class='ocrx_word' id='word_1_213' title='bbox 446 2838 510 2876; x_wconf 84' lang='lat' dir='ltr'><strong>esse</strong></span> <span class='ocrx_word' id='word_1_214' title='bbox 522 2820 557 2874; x_wconf 87' lang='lat' dir='ltr'><strong>in</strong></span> <span class='ocrx_word' id='word_1_215' title='bbox 570 2837 607 2874; x_wconf 93' lang='lat' dir='ltr'><strong>ca</strong></span> <span class='ocrx_word' id='word_1_216' title='bbox 620 2815 779 2896; x_wconf 86' lang='lat' dir='ltr'><strong>theologia,</strong></span> <span class='ocrx_word' id='word_1_217' title='bbox 794 2839 880 2896; x_wconf 90' lang='lat' dir='ltr'><strong>quam</strong></span> <span class='ocrx_word' id='word_1_218' title='bbox 895 2821 1010 2880; x_wconf 81' lang='lat' dir='ltr'><strong>civilem</strong></span> <span class='ocrx_word' id='word_1_219' title='bbox 1021 2829 1139 2890; x_wconf 80' lang='lat' dir='ltr'><strong>vocent,</strong></span> <span class='ocrx_word' id='word_1_220' title='bbox 1152 2841 1240 2899; x_wconf 86' lang='lat' dir='ltr'><strong>quae</strong></span> <span class='ocrx_word' id='word_1_221' title='bbox 1252 2845 1271 2884; x_wconf 85' lang='lat' dir='ltr'><strong>a</strong></span> 
     </span>
     <span class='ocr_line' id='line_1_29' title="bbox 219 2901 1269 2980; baseline 0.008 -21"><span class='ocrx_word' id='word_1_222' title='bbox 219 2901 319 2959; x_wconf 79' lang='lat' dir='ltr'><strong>Marco</strong></span> <span class='ocrx_word' id='word_1_223' title='bbox 329 2901 464 2960; x_wconf 81' lang='lat' dir='ltr'><strong>Varrone</strong></span> <span class='ocrx_word' id='word_1_224' title='bbox 476 2901 626 2958; x_wconf 83' lang='lat' dir='ltr'><strong>sexdecim</strong></span> <span class='ocrx_word' id='word_1_225' title='bbox 639 2903 837 2960; x_wconf 88' lang='lat' dir='ltr'><strong>voluminibus</strong></span> <span class='ocrx_word' id='word_1_226' title='bbox 852 2907 996 2980; x_wconf 77' lang='lat' dir='ltr'><strong>explicata</strong></span> <span class='ocrx_word' id='word_1_227' title='bbox 1009 2914 1065 2977; x_wconf 84' lang='lat' dir='ltr'><strong>est,</strong></span> <span class='ocrx_word' id='word_1_228' title='bbox 1078 2903 1109 2961; x_wconf 92' lang='lat' dir='ltr'><strong>id</strong></span> <span class='ocrx_word' id='word_1_229' title='bbox 1123 2915 1185 2977; x_wconf 87' lang='lat' dir='ltr'><strong>est,</strong></span> <span class='ocrx_word' id='word_1_230' title='bbox 1201 2928 1269 2967; x_wconf 89' lang='lat' dir='ltr'><strong>non</strong></span> 
     </span>
     <span class='ocr_line' id='line_1_30' title="bbox 218 2983 1270 3066; baseline 0.01 -26"><span class='ocrx_word' id='word_1_231' title='bbox 218 2986 369 3061; x_wconf 87' lang='lat' dir='ltr'><strong>perveniri</strong></span> <span class='ocrx_word' id='word_1_232' title='bbox 385 2983 423 3041; x_wconf 84' lang='lat' dir='ltr'><strong>ad</strong></span> <span class='ocrx_word' id='word_1_233' title='bbox 442 2995 580 3052; x_wconf 77' lang='lat' dir='ltr'><strong>aeternae</strong></span> <span class='ocrx_word' id='word_1_234' title='bbox 599 2987 679 3042; x_wconf 86' lang='lat' dir='ltr'><strong>vitae</strong></span> <span class='ocrx_word' id='word_1_235' title='bbox 701 2985 871 3045; x_wconf 78' lang='lat' dir='ltr'><strong>felicitatem</strong></span> <span class='ocrx_word' id='word_1_236' title='bbox 894 2990 998 3045; x_wconf 84' lang='lat' dir='ltr'><strong>talium</strong></span> <span class='ocrx_word' id='word_1_237' title='bbox 1018 2989 1140 3046; x_wconf 90' lang='lat' dir='ltr'><strong>deorum</strong></span> <span class='ocrx_word' id='word_1_238' title='bbox 1163 2995 1270 3066; x_wconf 88' lang='lat' dir='ltr'><strong>cultu,</strong></span> 
     </span>
     <span class='ocr_line' id='line_1_31' title="bbox 219 3069 1269 3147; baseline 0.01 -23"><span class='ocrx_word' id='word_1_239' title='bbox 219 3069 320 3142; x_wconf 85' lang='lat' dir='ltr'><strong>quales</strong></span> <span class='ocrx_word' id='word_1_240' title='bbox 335 3087 353 3124; x_wconf 79' lang='lat' dir='ltr'>a</span> <span class='ocrx_word' id='word_1_241' title='bbox 365 3069 532 3128; x_wconf 82' lang='lat' dir='ltr'><strong>civitatibus</strong></span> <span class='ocrx_word' id='word_1_242' title='bbox 545 3071 726 3147; x_wconf 81' lang='lat' dir='ltr'><strong>qualiterque</strong></span> <span class='ocrx_word' id='word_1_243' title='bbox 740 3071 857 3128; x_wconf 91' lang='lat' dir='ltr'><strong>colendi</strong></span> <span class='ocrx_word' id='word_1_244' title='bbox 871 3073 1000 3130; x_wconf 86' lang='lat' dir='ltr'><strong>instituti</strong></span> <span class='ocrx_word' id='word_1_245' title='bbox 1013 3082 1098 3144; x_wconf 85' lang='lat' dir='ltr'><strong>sunt,</strong></span> <span class='ocrx_word' id='word_1_246' title='bbox 1118 3074 1169 3129; x_wconf 90' lang='lat' dir='ltr'><strong>cui</strong></span> <span class='ocrx_word' id='word_1_247' title='bbox 1183 3094 1269 3134; x_wconf 88' lang='lat' dir='ltr'><strong>non-</strong></span> 
     </span>
     <span class='ocr_line' id='line_1_32' title="bbox 220 3150 1271 3231; baseline 0.011 -25"><span class='ocrx_word' id='word_1_248' title='bbox 220 3150 289 3208; x_wconf 92' lang='lat' dir='ltr'><strong>dum</strong></span> <span class='ocrx_word' id='word_1_249' title='bbox 314 3155 460 3226; x_wconf 76' lang='lat' dir='ltr'><strong>persuasit</strong></span> <span class='ocrx_word' id='word_1_250' title='bbox 477 3164 578 3212; x_wconf 87' lang='lat' dir='ltr'><strong>sextus</strong></span> <span class='ocrx_word' id='word_1_251' title='bbox 596 3155 686 3226; x_wconf 90' lang='lat' dir='ltr'><strong>liber,</strong></span> <span class='ocrx_word' id='word_1_252' title='bbox 712 3175 800 3231; x_wconf 88' lang='lat' dir='ltr'><strong>quem</strong></span> <span class='ocrx_word' id='word_1_253' title='bbox 817 3158 950 3230; x_wconf 84' lang='lat' dir='ltr'><strong>proxime</strong></span> <span class='ocrx_word' id='word_1_254' title='bbox 972 3157 1165 3229; x_wconf 81' lang='lat' dir='ltr'><strong>absolvimus,</strong></span> <span class='ocrx_word' id='word_1_255' title='bbox 1196 3177 1271 3218; x_wconf 84' lang='lat' dir='ltr'><strong>curn</strong></span> 
     </span>
     <span class='ocr_line' id='line_1_33' title="bbox 219 3235 1270 3317; baseline 0.01 -28"><span class='ocrx_word' id='word_1_256' title='bbox 219 3235 308 3294; x_wconf 85' lang='lat' dir='ltr'><strong>istum</strong></span> <span class='ocrx_word' id='word_1_257' title='bbox 319 3235 444 3294; x_wconf 80' lang='lat' dir='ltr'><strong>forsitan</strong></span> <span class='ocrx_word' id='word_1_258' title='bbox 458 3239 575 3317; x_wconf 86' lang='lat' dir='ltr'><strong>legerit,</strong></span> <span class='ocrx_word' id='word_1_259' title='bbox 593 3239 664 3315; x_wconf 91' lang='lat' dir='ltr'><strong>quid</strong></span> <span class='ocrx_word' id='word_1_260' title='bbox 678 3239 714 3295; x_wconf 92' lang='lat' dir='ltr'><strong>de</strong></span> <span class='ocrx_word' id='word_1_261' title='bbox 727 3235 781 3296; x_wconf 82' lang='lat' dir='ltr'><strong>hae</strong></span> <span class='ocrx_word' id='word_1_262' title='bbox 796 3241 968 3315; x_wconf 84' lang='lat' dir='ltr'><strong>quaestione</strong></span> <span class='ocrx_word' id='word_1_263' title='bbox 981 3239 1168 3314; x_wconf 83' lang='lat' dir='ltr'><strong>expedienda</strong></span> <span class='ocrx_word' id='word_1_264' title='bbox 1182 3245 1270 3300; x_wconf 90' lang='lat' dir='ltr'><strong>ulte-</strong></span> 
     </span>
     <span class='ocr_line' id='line_1_34' title="bbox 218 3319 1270 3397; baseline 0.01 -23"><span class='ocrx_word' id='word_1_265' title='bbox 218 3319 280 3375; x_wconf 92' lang='lat' dir='ltr'><strong>rius</strong></span> <span class='ocrx_word' id='word_1_266' title='bbox 294 3319 451 3394; x_wconf 90' lang='lat' dir='ltr'><strong>desideret,</strong></span> <span class='ocrx_word' id='word_1_267' title='bbox 472 3341 532 3380; x_wconf 88' lang='lat' dir='ltr'><strong>non</strong></span> <span class='ocrx_word' id='word_1_268' title='bbox 545 3321 671 3382; x_wconf 84' lang='lat' dir='ltr'><strong>babebit.</strong></span> <span class='ocrx_word' id='word_1_269' title='bbox 697 3323 779 3380; x_wconf 88' lang='lat' dir='ltr'><strong>Fieri</strong></span> <span class='ocrx_word' id='word_1_270' title='bbox 791 3325 871 3380; x_wconf 86' lang='lat' dir='ltr'><strong>enim</strong></span> <span class='ocrx_word' id='word_1_271' title='bbox 883 3333 995 3397; x_wconf 90' lang='lat' dir='ltr'><strong>potest,</strong></span> <span class='ocrx_word' id='word_1_272' title='bbox 1021 3333 1054 3379; x_wconf 92' lang='lat' dir='ltr'><strong>ut</strong></span> <span class='ocrx_word' id='word_1_273' title='bbox 1067 3326 1175 3382; x_wconf 87' lang='lat' dir='ltr'><strong>saltem</strong></span> <span class='ocrx_word' id='word_1_274' title='bbox 1190 3326 1270 3385; x_wconf 84' lang='lat' dir='ltr'><strong>deos</strong></span> 
     </span>
     <span class='ocr_line' id='line_1_35' title="bbox 219 3405 1273 3482; baseline 0.009 -24"><span class='ocrx_word' id='word_1_275' title='bbox 219 3405 343 3461; x_wconf 87' lang='lat' dir='ltr'><strong>selectos</strong></span> <span class='ocrx_word' id='word_1_276' title='bbox 356 3415 443 3482; x_wconf 86' lang='lat' dir='ltr'><strong>etque</strong></span> <span class='ocrx_word' id='word_1_277' title='bbox 456 3409 646 3482; x_wconf 87' lang='lat' dir='ltr'><strong>praecipuos,</strong></span> <span class='ocrx_word' id='word_1_278' title='bbox 669 3426 742 3482; x_wconf 86' lang='lat' dir='ltr'><strong>qnos</strong></span> <span class='ocrx_word' id='word_1_279' title='bbox 756 3406 849 3464; x_wconf 86' lang='lat' dir='ltr'><strong>Varro</strong></span> <span class='ocrx_word' id='word_1_280' title='bbox 863 3409 1013 3465; x_wconf 85' lang='lat' dir='ltr'><strong>volumine</strong></span> <span class='ocrx_word' id='word_1_281' title='bbox 1026 3410 1204 3482; x_wconf 83' lang='lat' dir='ltr'><strong>complexus</strong></span> <span class='ocrx_word' id='word_1_282' title='bbox 1222 3422 1273 3467; x_wconf 86' lang='lat' dir='ltr'><strong>est</strong></span> 
     </span>
     <span class='ocr_line' id='line_1_36' title="bbox 217 3489 1272 3569; baseline 0.007 -25"><span class='ocrx_word' id='word_1_283' title='bbox 217 3490 335 3562; x_wconf 86' lang='lat' dir='ltr'><strong>ultimo,</strong></span> <span class='ocrx_word' id='word_1_284' title='bbox 363 3491 399 3547; x_wconf 88' lang='lat' dir='ltr'><strong>de</strong></span> <span class='ocrx_word' id='word_1_285' title='bbox 412 3492 519 3568; x_wconf 83' lang='lat' dir='ltr'><strong>quibus.</strong></span> <span class='ocrx_word' id='word_1_286' title='bbox 528 3511 633 3569; x_wconf 89' lang='lat' dir='ltr'><strong>parum</strong></span> <span class='ocrx_word' id='word_1_287' title='bbox 646 3489 790 3562; x_wconf 85' lang='lat' dir='ltr'><strong>diximus,</strong></span> <span class='ocrx_word' id='word_1_288' title='bbox 817 3494 973 3568; x_wconf 85' lang='lat' dir='ltr'><strong>quisquam</strong></span> <span class='ocrx_word' id='word_1_289' title='bbox 987 3491 1125 3550; x_wconf 87' lang='lat' dir='ltr'><strong>colendos</strong></span> <span class='ocrx_word' id='word_1_290' title='bbox 1138 3504 1272 3568; x_wconf 85' lang='lat' dir='ltr'><strong>propter</strong></span> 
     </span>
     <span class='ocr_line' id='line_1_37' title="bbox 219 3574 1271 3652; baseline 0.008 -25"><span class='ocrx_word' id='word_1_291' title='bbox 219 3574 310 3630; x_wconf 80' lang='lat' dir='ltr'><strong>vitam</strong></span> <span class='ocrx_word' id='word_1_292' title='bbox 322 3574 455 3647; x_wconf 84' lang='lat' dir='ltr'><strong>beatam,</strong></span> <span class='ocrx_word' id='word_1_293' title='bbox 480 3596 556 3652; x_wconf 88' lang='lat' dir='ltr'><strong>quae</strong></span> <span class='ocrx_word' id='word_1_294' title='bbox 569 3595 631 3632; x_wconf 90' lang='lat' dir='ltr'><strong>non</strong></span> <span class='ocrx_word' id='word_1_295' title='bbox 644 3575 704 3630; x_wconf 86' lang='lat' dir='ltr'><strong>nisi</strong></span> <span class='ocrx_word' id='word_1_296' title='bbox 717 3584 838 3634; x_wconf 84' lang='lat' dir='ltr'><strong>aeterna</strong></span> <span class='ocrx_word' id='word_1_297' title='bbox 850 3585 907 3648; x_wconf 82' lang='lat' dir='ltr'><strong>est,</strong></span> <span class='ocrx_word' id='word_1_298' title='bbox 934 3577 1078 3651; x_wconf 85' lang='lat' dir='ltr'><strong>opinetur.</strong></span> <span class='ocrx_word' id='word_1_299' title='bbox 1102 3577 1169 3644; x_wconf 79' lang='lat' dir='ltr'><strong>Qua</strong></span> <span class='ocrx_word' id='word_1_300' title='bbox 1181 3579 1220 3634; x_wconf 87' lang='lat' dir='ltr'><strong>in</strong></span> <span class='ocrx_word' id='word_1_301' title='bbox 1236 3599 1271 3635; x_wconf 90' lang='lat' dir='ltr'><strong>re</strong></span> 
     </span>
     <span class='ocr_line' id='line_1_38' title="bbox 220 3657 1271 3736; baseline 0.009 -25"><span class='ocrx_word' id='word_1_302' title='bbox 220 3675 280 3712; x_wconf 86' lang='lat' dir='ltr'><strong>non</strong></span> <span class='ocrx_word' id='word_1_303' title='bbox 293 3657 358 3714; x_wconf 88' lang='lat' dir='ltr'><strong>dieo</strong></span> <span class='ocrx_word' id='word_1_304' title='bbox 374 3659 453 3734; x_wconf 89' lang='lat' dir='ltr'><strong>quod</strong></span> <span class='ocrx_word' id='word_1_305' title='bbox 465 3659 589 3717; x_wconf 78' lang='lat' dir='ltr'><strong>facetius</strong></span> <span class='ocrx_word' id='word_1_306' title='bbox 603 3660 645 3716; x_wconf 89' lang='lat' dir='ltr'><strong>ait</strong></span> <span class='ocrx_word' id='word_1_307' title='bbox 658 3657 858 3717; x_wconf 87' lang='lat' dir='ltr'><strong>Tertullianus</strong></span> <span class='ocrx_word' id='word_1_308' title='bbox 881 3661 1009 3720; x_wconf 78' lang='lat' dir='ltr'><strong>fortasse</strong></span> <span class='ocrx_word' id='word_1_309' title='bbox 1031 3679 1119 3736; x_wconf 84' lang='lat' dir='ltr'><strong>quam</strong></span> <span class='ocrx_word' id='word_1_310' title='bbox 1144 3663 1271 3720; x_wconf 85' lang='lat' dir='ltr'><strong>verius:</strong></span> 
     </span>
    </p>
   </div>
   <div class='ocr_carea' id='block_1_10' title="bbox 219 3736 1284 3908">
    <p class='ocr_par' dir='ltr' id='par_1_11' title="bbox 219 3736 1284 3908">
     <span class='ocr_line' id='line_1_39' title="bbox 220 3736 1284 3821; baseline 0.011 -28"><span class='ocrx_word' id='word_1_311' title='bbox 220 3736 255 3794; x_wconf 85' lang='lat' dir='ltr'><strong>Si</strong></span> <span class='ocrx_word' id='word_1_312' title='bbox 274 3741 315 3796; x_wconf 88' lang='lat' dir='ltr'><strong>dii</strong></span> <span class='ocrx_word' id='word_1_313' title='bbox 333 3744 500 3820; x_wconf 84' lang='lat' dir='ltr'><strong>seliguntur</strong></span> <span class='ocrx_word' id='word_1_314' title='bbox 520 3754 553 3799; x_wconf 89' lang='lat' dir='ltr'><strong>ut</strong></span> <span class='ocrx_word' id='word_1_315' title='bbox 571 3743 667 3814; x_wconf 90' lang='lat' dir='ltr'><strong>bulbi,</strong></span> <span class='ocrx_word' id='word_1_316' title='bbox 693 3744 795 3820; x_wconf 89' lang='lat' dir='ltr'><strong>utique</strong></span> <span class='ocrx_word' id='word_1_317' title='bbox 815 3747 926 3802; x_wconf 85' lang='lat' dir='ltr'><strong>caeteri</strong></span> <span class='ocrx_word' id='word_1_318' title='bbox 941 3746 1059 3821; x_wconf 87' lang='lat' dir='ltr'><strong>reprobi</strong></span> <span class='ocrx_word' id='word_1_319' title='bbox 1079 3743 1284 3806; x_wconf 57' lang='lat' dir='ltr'><strong>iudicantur„</strong></span> 
     </span>
     <span class='ocr_line' id='line_1_40' title="bbox 219 3821 1270 3908; baseline 0.008 -29"><span class='ocrx_word' id='word_1_320' title='bbox 219 3821 287 3880; x_wconf 90' lang='lat' dir='ltr'><strong>Non</strong></span> <span class='ocrx_word' id='word_1_321' title='bbox 300 3823 355 3880; x_wconf 88' lang='lat' dir='ltr'><strong>hoc</strong></span> <span class='ocrx_word' id='word_1_322' title='bbox 370 3824 452 3882; x_wconf 92' lang='lat' dir='ltr'><strong>dico:</strong></span> <span class='ocrx_word' id='word_1_323' title='bbox 466 3827 552 3882; x_wconf 83' lang='lat' dir='ltr'><strong>uideo</strong></span> <span class='ocrx_word' id='word_1_324' title='bbox 568 3829 647 3884; x_wconf 90' lang='lat' dir='ltr'><strong>enirn</strong></span> <span class='ocrx_word' id='word_1_325' title='bbox 659 3829 747 3884; x_wconf 86' lang='lat' dir='ltr'><strong>etiam</strong></span> <span class='ocrx_word' id='word_1_326' title='bbox 760 3846 798 3883; x_wconf 86' lang='lat' dir='ltr'><strong>ex</strong></span> <span class='ocrx_word' id='word_1_327' title='bbox 808 3830 926 3888; x_wconf 84' lang='lat' dir='ltr'><strong>selectis</strong></span> <span class='ocrx_word' id='word_1_328' title='bbox 941 3831 1027 3908; x_wconf 78' lang='lat' dir='ltr'><strong>seligi</strong></span> <span class='ocrx_word' id='word_1_329' title='bbox 1040 3828 1200 3904; x_wconf 81' lang='lat' dir='ltr'><strong>aliquosad</strong></span> <span class='ocrx_word' id='word_1_330' title='bbox 1209 3833 1270 3887; x_wconf 82' lang='lat' dir='ltr'><strong>ali·</strong></span> 
     </span>
    </p>
   </div>
   <div class='ocr_carea' id='block_1_11' title="bbox 0 0 1298 4396">
    <p class='ocr_par' dir='ltr' id='par_1_12' title="bbox 0 0 1298 4396">
     <span class='ocr_line' id='line_1_41' title="bbox 0 0 1298 4396; baseline 0 0"><span class='ocrx_word' id='word_1_331' title='bbox 0 0 1298 4396; x_wconf 95' lang='lat' dir='ltr'><strong> </strong></span> 
     </span>
    </p>
   </div>
  </div>
 </body>
</html>
