2530 4392
179 229 239 288 DE
268 231 485 294 clvrunuu
513 239 592 297 DEI
616 241 698 300 Lib.
722 244 818 306 XIX.
958 262 1014 318 241

40 389 125 454 tntur3
149 380 245 440 redut
262 384 323 443 rita
342 384 482 461 bumana,
507 409 580 467 quae
594 402 639 450 tot
658 404 688 451 et
705 400 795 455 tantis
809 399 896 461 huius
910 413 1019 468 saeculi

40 467 76 520 iis
90 483 149 520 csse
161 467 274 544 cogitur
286 471 409 541 misera,
433 491 484 547 spe
498 473 591 532 futuri
604 481 715 535 saeculi
729 483 768 537 sit
781 482 880 558 beata,
900 491 978 550 ,sicut
990 504 1018 551 οι

40 567 81 604 ra.
105 549 245 614 Quomodo
259 554 339 609 enirn
351 553 437 612 beata
451 566 505 628 ert,
520 576 594 632 quae
608 562 740 619 nondum
755 568 836 625 salsa
849 567 913 626 esti
935 571 1018 631 Vnde

40 631 178 706 ipostoiur
189 631 296 691 Paulus
310 656 371 694 non
383 639 418 694 de
427 637 593 700 bominibus
606 645 849 721 imprudentibus,
863 653 1004 728 impatien

40 733 77 784 ns,
91 715 345 789 intemperantibus
360 730 390 777 et
401 723 525 798 iniquis,
551 727 603 783 sed
616 728 651 784 de
665 727 711 785 bis
725 733 775 806 qui
789 736 951 794 secundum
965 759 1017 796 re-

40 819 51 853 1
64 799 194 870 pietatem
203 801 348 874 viverent,
363 814 393 860 et
403 805 469 861 ideo
481 809 605 866 virtutes
618 829 689 886 quas
700 811 851 888 haberent,
865 838 950 877 veras
964 821 1016 880 ha-

40 891 99 950 cnt‚
113 881 164 938 ait:
177 879 235 960 Spe
249 887 325 941 enim
338 887 512 960 caleifucti
523 908 630 950 sumas.
645 893 721 973 Spes
734 909 833 956 antem
846 921 921 978 quae
934 908 1016 964 eide·

40 1005 46 1032 ,
60 983 115 1022 non
127 975 170 1021 eet
181 983 257 1043 epea.
287 967 375 1038 Quod
386 975 462 1028 enim
475 975 541 1050 quis
553 977 650 1047 videt,
677 981 749 1056 qaid
766 984 892 1058 sperat?
915 985 951 1044 Si
963 1009 1017 1045 aa·

55 1048 130 1124 quod
141 1067 194 1105 non
205 1051 336 1108 videmus
350 1070 517 1131 speramus,
533 1077 595 1135 per
601 1065 787 1137 patientiam
801 1079 1016 1144 exspectamus.

40 1141 67 1187 ut
80 1149 148 1208 ergo
161 1149 210 1204 spe
224 1136 309 1207 salri,
322 1137 366 1192 ita
378 1155 429 1211 spe
442 1138 520 1195 beati
533 1141 604 1199 facti
618 1163 733 1201 sumus:
748 1156 777 1202 et
790 1150 867 1205 sieut
880 1155 1015 1225 salutem,

40 1215 256 1288 beatitudinem,
283 1237 345 1275 non
357 1221 417 1276 iam
430 1231 564 1280 tenemus
577 1237 773 1300 praesentem,
797 1231 848 1288 sed
862 1247 1014 1309 exspecta-

40 1318 43 1350 ι
58 1299 198 1354 futuram:
212 1309 242 1354 et
253 1299 307 1357 hoo
314 1306 565 1380 perpetienticm
573 1327 584 1382 ,·
597 1311 665 1384 qnia
675 1312 706 1367 in
717 1313 802 1368 malis
815 1333 926 1388 sumus,
941 1337 1015 1393 quae

40 1390 126 1438 enter
139 1383 263 1439 tolerare
276 1384 431 1458 debemus,
456 1387 549 1445 donec
563 1391 600 1447 ad
613 1394 665 1449 iila
676 1396 829 1452 veniamus
845 1398 936 1472 bona,
964 1403 1014 1457 ubi

40 1468 77 1520 ria
92 1473 185 1535 erunt,
205 1467 310 1542 quibus
326 1467 514 1527 ineffabiliter
528 1473 721 1549 delectemur3
748 1477 822 1534 nihii
836 1483 894 1538 erit
906 1493 1014 1555 autem,

40 1549 128 1603 iiam
140 1549 262 1606 tolerare
275 1550 438 1609 debeamus.
475 1552 556 1612 Talis
576 1559 674 1632 salus,
699 1581 773 1637 quae
794 1564 825 1618 in
844 1563 943 1621 futuro
958 1569 1016 1623 crit

43 1635 111 1699 ulo,
134 1631 194 1704 ipsa
212 1634 269 1689 erit
282 1637 375 1691 etiam·
383 1636 480 1694 finalis
500 1639 660 1698 beatitudo.
695 1645 789 1711 Quam
802 1645 1015 1705 beatitudinem

40 1712 216 1789 philosophi,
244 1719 381 1791 quoniam
394 1738 454 1776 non
467 1721 601 1780 ridentes
615 1728 723 1783 nolunt
737 1727 871 1801 credere,
896 1729 944 1786 hic
957 1732 1014 1787 sibi

40 1807 122 1854 intur
135 1795 318 1857 falsissimam
331 1801 485 1877 fabricare,
500 1817 610 1880 quanto
625 1810 807 1884 superbiore,
832 1821 915 1870 tanto
930 1833 1012 1871 men-

40 1900 90 1939 ore
106 1880 222 1937 virtute.

388 1969 510 2030 CAP.
555 1974 590 2030 V.

40 2061 122 2116 oriali
132 2061 197 2125 nita,
209 2074 346 2130 quaecum
356 2067 472 2119 maxime
483 2070 633 2136 expetenda
645 2069 695 2132 sit,
716 2072 808 2122 nouitio
818 2071 1013 2139 offensionibus

352 2149 431 2203 saepe
442 2135 618 2189 subvertitur.

40 2219 118 2288 Quod
133 2229 228 2277 autem
242 2225 382 2280 socialem
394 2227 487 2282 vitam
500 2229 604 2282 volunt
617 2245 682 2282 esse
696 2229 849 2302 sapientis,
868 2249 923 2287 nos
936 2235 1011 2289 mui-

40 2304 139 2379 rplius
152 2305 350 2378 approbamus.
378 2307 454 2364 Nam
467 2308 544 2365 unde
558 2311 615 2366 ista
629 2309 686 2366 Dei
700 2309 822 2383 Civitas,
837 2311 872 2369 de
886 2331 943 2390 qua
955 2313 1010 2372 hu-

40 2388 135 2463 tperis
155 2406 222 2443 ecce
241 2390 300 2445 iam
317 2390 567 2448 undevicesimum
584 2393 691 2450 librum
704 2413 856 2451 versamus
869 2399 901 2454 irr
915 2401 1010 2455 mani-

40 2472 95 2528 vel
109 2469 299 2528 inchoaretur
313 2484 430 2546 exortu,
445 2477 493 2532 rel
504 2475 733 2554 progrederetur
747 2495 884 2550 excursu,
898 2483 945 2537 vei
959 2501 1010 2556 np-

40 2553 387 2629 rnderetdebitos'fines,
411 2560 511 2616 sinon
526 2569 604 2615 essct
616 2561 731 2616 socialis
746 2563 808 2617 vita
823 2561 1011 2620 sanctorum?

40 2660 63 2696 rr
80 2636 173 2694 huius
187 2641 373 2696 mortalitatis
386 2660 527 2700 aerumna
541 2653 611 2718 quot
625 2653 656 2698 ct
669 2645 787 2718 quantis
807 2644 935 2702 abundet
947 2665 1010 2703 ma-

40 2725 139 2780 cietas
152 2719 290 2795 bumana,
304 2725 369 2799 quis
383 2743 555 2784 enumerare
568 2723 683 2783 valeati
698 2728 763 2802 quis
778 2729 933 2785 aestimare
948 2729 1010 2787 suf-

40 2804 57 2861 i
101 2804 235 2862 Audiant
247 2807 325 2880 apud
339 2806 473 2864 Comicae
491 2829 559 2866 suos
573 2807 722 2865 bominem
736 2831 802 2868 curn
817 2829 907 2868 sensu
922 2823 1010 2888 atque

43 2906 111 2946 nsu
135 2891 266 2946 omnium
284 2888 436 2948 hominum
461 2891 575 2948 dicere:
603 2891 686 2948 Duxi
702 2911 838 2964 uxorem,
865 2912 951 2970 quarn
969 2896 1010 2952 ibi

40 2976 110 3029 iam
124 2969 206 3028 vidit
234 2972 304 3030 Nati
317 2973 389 3046 filii,
413 2976 471 3031 alia
485 2994 564 3032 cura.
591 2975 666 3042 Quid
685 2977 787 3034 itidem
800 2978 866 3047 illa,
889 2980 1009 3054 quaein

40 3080 46 3112 ι
66 3057 148 3112 vitia
162 3067 373 3114 commemorat
385 3058 459 3114 idern
472 3057 643 3131 Terentius,
657 3058 799 3132 Iniuriae,
814 3061 1009 3135 suspiciones,

40 3140 145 3208 ciriae,
159 3137 280 3210 bellum,
293 3157 352 3212 pax
362 3159 493 3199 rursum:
508 3161 609 3198 nonne
621 3161 669 3198 res
682 3141 823 3199 humanas
833 3145 941 3218 ubique
953 3148 1008 3200 im-

40 3218 131 3279 'unti
159 3239 261 3278 nonne
272 3232 302 3278 et
313 3225 345 3279 in
356 3226 518 3280 amicorum
530 3223 662 3281 honestis
676 3226 825 3280 amoribus
838 3227 1008 3298 plerumque

40 3329 45 3364 ι
50 3301 160 3384 gunt?
179 3305 287 3363 Nonne
301 3304 346 3361 bis
375 3320 580 3382 usquequaque
592 3309 697 3380 plenae
711 3315 780 3360 sunt
795 3322 842 3360 res
855 3304 1011 3373 humanae,

40 3391 170 3460 iunias,
197 3391 391 3464 suspiciones,
406 3389 588 3460 inimicitias,
601 3389 720 3458 bellurn,
733 3389 810 3442 mala
824 3399 905 3441 certa
918 3388 1011 3441 senti-

40 3491 166 3549 pacem
180 3489 254 3529 vero
269 3475 414 3530 incertum
426 3471 550 3545 bonum,
564 3472 702 3547 quoniam
715 3467 804 3524 eorda
818 3485 931 3539 eorum,
945 3485 1012 3524 curn

40 3578 45 3611 ι
66 3573 142 3612 eam
157 3565 264 3613 tenere
278 3557 423 3626 volumus,
437 3555 627 3632 ignoramus3
654 3562 683 3608 et
702 3553 729 3608 si
741 3568 831 3607 nosse
843 3548 930 3606 bodie
942 3569 1011 3625 pos-

40 3681 52 3712 ,
72 3641 187 3714 qualia
202 3657 268 3696 cres
282 3639 382 3695 futura
395 3647 494 3694 essent
505 3641 607 3714 utique
620 3637 812 3693 nesciremus.
850 3632 908 3699 Qui
921 3651 1010 3708 porro

40 3741 72 3778 se
90 3724 261 3780 amiciores
275 3723 375 3779 solent
387 3739 463 3791 esse,
476 3723 524 3778 rel
539 3722 656 3791 debent,
684 3735 770 3794 quam
784 3717 908 3792 quiunt
924 3719 1012 3773 etiam
1059 3723 1062 3729 '

46 3814 156 3862 entur
172 3802 280 3862 domni
303 3805 344 3862 Et
356 3813 456 3861 tamen
470 3806 536 3879 quis
551 3803 620 3860 inde
635 3818 755 3858 securus
769 3809 825 3873 cst,
848 3819 913 3858 cum
928 3806 1012 3858 tanta

40 3890 134 3946 mala
151 3906 194 3944 ex
210 3907 310 3946 eorrnn
324 3889 445 3946 occultis
459 3888 575 3946 insidiis
591 3885 776 3958 exstiterint;
788 3893 872 3942 tanto
886 3882 1012 3941 surmio·

692 3970 718 4036 Q
