2592 4396
234 201 293 261 DE
316 199 534 261 CIVITATE
556 203 636 262 bul
658 203 739 262 ΜΒ.
761 205 856 264 ΧΙΙΙ.
1001 211 1062 268 aaa

33 359 189 420 solubilem
207 373 242 413 ac
261 355 465 431 sempiternam
482 357 588 414 velint:
615 355 684 431 quid
696 375 802 416 cauma
820 367 880 431 est,
905 363 982 419 utiu
995 382 1061 420 eor-

33 463 103 521 pore
115 441 239 500 maioris
252 441 409 496 animantis
422 448 561 516 tanquam
572 439 700 498 medium
712 443 872 500 membrum
884 452 1004 502 aeterna
1023 449 1063 505 sit

34 542 126 598 terra,
153 534 184 582 et
195 526 321 581 aliorum
333 525 525 581 animantium
536 527 721 583 terrestrium
734 545 872 604 corpora,
887 529 913 584 si
925 527 1008 586 ileus
1022 533 1063 586 si-

33 622 83 670 cut
95 609 170 668 illud
182 610 271 679 velit,
284 618 403 666 aeterna
417 626 482 664 esse
495 627 555 666 non
567 605 700 686 possinti
714 607 774 668 Sed
786 621 898 684 terrae,
912 614 1061 688 inquiunt,

33 709 111 754 terra
128 692 279 752 reddenda
297 701 356 764 est,
370 692 448 748 unde
461 693 630 750 animalium
642 697 794 752 terrestria
807 705 902 753 sumta
915 707 985 754 sunt
997 717 1062 754 eor-
1151 761 1153 768 ,

33 798 117 857 pora:
146 795 187 834 ex
201 795 260 853 (ppo
273 777 322 848 fit,
335 777 483 851 inquiunt,
496 785 529 833 ut
543 795 577 834 ea
592 779 631 834 sit
642 797 764 836 necesse
778 779 900 838 dissolvi
912 790 943 837 ct
955 783 1062 854 cmori3

34 877 62 921 ct
74 883 109 920 eo
123 861 213 919 modo
225 870 323 917 terrae
336 860 432 917 stabili
445 879 479 917 ao
494 863 702 938 sempiternae,
727 862 805 920 unde
822 863 939 922 hierant
956 876 1062 937 sumta,

33 949 159 1006 restitui.
203 943 237 1002 Si
251 946 315 1020 quis
328 943 382 1000 hoo
400 947 488 1001 etiarn
501 945 536 1001 de
549 948 620 1025 igne
633 948 767 1004 similiter
779 947 915 1020 affirmet,
943 959 973 1006 et
985 949 1063 1006 dicat

35 1029 180 1090 reddenda
193 1047 256 1086 csse
270 1030 408 1087 universo
420 1031 485 1108 igni
498 1047 634 1105 corpora,
657 1049 732 1106 quae
745 1033 813 1089 inde
826 1041 921 1090 sumta
933 1043 1017 1104 sunt,
1030 1045 1064 1090 ut

36 1117 174 1176 coelestia
186 1113 293 1170 fierent
305 1114 455 1186 animalia3
481 1132 580 1172 nonne
601 1117 821 1188 immortalitas,
847 1135 933 1192 quam
955 1117 1063 1174 talibus

35 1203 106 1271 diis,
118 1201 202 1257 velut
211 1195 277 1254 Dec
291 1215 400 1254 summo
413 1199 567 1273 loquente,
585 1201 719 1273 promisit
731 1197 829 1272 Plato,
847 1209 986 1276 tanquam
998 1203 1063 1258 vio-

36 1286 124 1342 lentia
144 1283 350 1357 disputationis
367 1280 454 1338 huius
471 1279 644 1338 intercideti
665 1282 711 1339 An
728 1283 769 1339 ibi
782 1294 935 1358 propterea
947 1303 1007 1340 non
1020 1284 1064 1355 fit,

36 1372 104 1444 quia
116 1366 196 1423 Deus
211 1385 272 1422 non
285 1368 363 1437 vult,
388 1367 470 1420 onius
484 1367 679 1438 voluntatem,
702 1376 736 1423 nt
747 1370 789 1423 ait
801 1366 899 1438 Plato,
924 1369 1004 1423 nulla
1018 1369 1064 1423 ris

35 1446 147 1510 vinoitl
164 1449 241 1518 (tuit
255 1467 326 1527 ergo
338 1447 486 1525 probibet,
500 1459 532 1506 ut
544 1448 600 1506 hoc
614 1451 702 1506 etiam
714 1450 750 1507 de
762 1451 948 1508 terrestribus
962 1469 1064 1526 corpo-

35 1538 113 1594 ribus
127 1533 209 1592 Deus
231 1536 324 1607 possit
336 1533 465 1604 efficere,
490 1533 605 1608 quando
620 1535 736 1610 quidem
748 1545 782 1592 ut
798 1553 853 1592 nee
868 1553 902 1591 ea
915 1553 988 1611 quae
1001 1546 1065 1591 orta

35 1629 119 1691 sunt,
144 1617 297 1688 occidant,
324 1635 379 1676 neo
396 1635 430 1672 ea
447 1635 520 1692 quae
540 1628 609 1674 sunt
624 1620 740 1692 iuncta,
767 1621 934 1691 solvantur,
961 1639 1016 1676 nee
1028 1637 1064 1675 ea

36 1712 191 1780 quaesunt
206 1719 243 1757 ex
257 1702 408 1758 elementis
421 1711 530 1774 sumta,
555 1702 732 1775 reddantur,
759 1715 846 1780 atque
860 1714 893 1760 ut
906 1705 1019 1760 animae
1033 1706 1064 1762 in

38 1786 207 1862 corporibus
222 1787 399 1842 constitutae
412 1803 606 1861 necunquam
619 1803 654 1842 oa
667 1785 817 1860 deserant,
832 1798 861 1844 et
874 1807 940 1844 cum
954 1790 995 1844 eis
1009 1790 1063 1844 im·

36 1872 213 1928 mortalitate
227 1888 261 1926 ae
275 1871 451 1943 sempiterna
463 1869 642 1928 beatitudine
655 1871 858 1944 perfruantur,
870 1890 956 1946 posse
970 1871 1065 1928 Deum

36 1956 130 2012 iacere
144 1953 304 2010 confitetur
316 1949 418 2008 Platoi
445 1952 505 2010 Cur
518 1971 589 2032 ergo
602 1973 663 2011 non
676 1958 783 2030 possit,
800 1966 833 2012 ut
846 1974 900 2012 nec
912 1958 1065 2012 terrestria

36 2033 217 2097 nrorianturi
249 2037 295 2094 An
309 2035 390 2093 Deus
403 2056 463 2092 non
477 2047 522 2092 cst
533 2049 637 2112 potens
652 2057 707 2112 quo
722 2057 813 2114 usque
827 2037 987 2095 Christiani
1000 2059 1064 2094 cre-

37 2125 123 2194 dunt,
138 2121 191 2178 sed
205 2139 263 2196 quo
275 2139 369 2196 usque
381 2119 527 2176 Platonici
538 2118 659 2178 volunti
688 2121 833 2178 Nimirum
847 2123 955 2196 quippo
969 2124 1064 2178 consi-

35 2212 106 2265 lium
124 2206 184 2264 Dei
204 2214 234 2261 et
252 2213 427 2278 potestatem
447 2214 605 2278 potnerunt
624 2203 803 2281 philosophi,
829 2224 884 2262 nee
902 2215 1066 2280 potuerunt

34 2310 120 2349 nosse
137 2285 315 2366 prophetaei
350 2307 416 2345 cum
437 2290 534 2362 potius
558 2309 573 2344 e
599 2291 748 2346 contrario
772 2288 830 2346 Dei
851 2287 1065 2365 prophetasad

34 2373 245 2433 enuntiandam
258 2374 337 2443 eius,
351 2381 492 2447 quantum
504 2372 643 2450 dignatus
657 2383 713 2444 est,
726 2376 921 2445 voluntatem,
935 2373 1064 2448 Spiritum

35 2464 96 2517 eius
107 2458 256 2528 docuerit3
278 2455 463 2531 philosophos
477 2466 575 2513 autem
587 2460 619 2512 in
633 2475 667 2512 ea
681 2457 883 2534 cognoscenda
896 2459 1066 2514 coniectura

34 2543 160 2600 humana
170 2541 327 2615 deceperit.

95 2626 207 2684 Varum
219 2643 280 2681 non
293 2643 385 2700 usque
399 2622 472 2679 adeo
485 2622 580 2697 decipi
593 2622 770 2693 debuerunt,
797 2641 857 2679 non
870 2623 965 2679 solum
976 2623 1064 2698 igno-

32 2713 150 2782 rantia,
176 2709 228 2766 sed
240 2710 334 2786 magis
347 2706 474 2785 [serum]
489 2708 577 2762 etiam
589 2707 768 2781 pervicacia,
782 2715 816 2762 ut
830 2716 860 2762 et
872 2706 928 2762 sibi
940 2707 1064 2780 apertis-

32 2799 109 2853 sime
133 2794 337 2872 reiragentur,
362 2793 477 2870 magnis
500 2790 730 2868 disputationum
756 2790 866 2849 viribus
889 2799 1065 2862 asserentes,

32 2881 168 2949 aniame,
187 2888 221 2934 ut
234 2876 320 2932 beata
332 2895 396 2933 esse
408 2877 518 2951 possit,
537 2894 597 2932 non
610 2884 757 2932 terrenum
769 2885 898 2947 numm,
916 2874 968 2932 sed
980 2893 1065 2931 omne

31 2981 141 3038 corpus
160 2981 224 3020 esse
244 2960 428 3039 fugiendum
452 2970 482 3017 et
495 2960 565 3016 deos
577 2978 679 3016 rursus
692 2959 823 3017 dicentes
836 2959 943 3018 habere
956 2960 1064 3016 beatis-

33 3051 122 3104 simas
135 3049 267 3116 animas,
287 3054 317 3101 et
329 3054 425 3101 tamen
439 3046 567 3101 aeternis
581 3045 750 3118 corporibus
763 3047 907 3124 illigatas,
923 3046 1064 3101 coelestes

33 3131 150 3207 quidem
175 3131 291 3208 igneis,
314 3128 392 3185 lovis
415 3139 512 3184 autem
535 3131 625 3204 ipsius
646 3130 788 3202 animam,
814 3149 901 3206 quem
925 3129 1065 3186 mundum

32 3219 119 3273 istum
142 3217 267 3284 volunt,
295 3213 427 3270 amnibus
451 3215 569 3269 omnino
593 3216 741 3286 eorporeis
765 3216 933 3285 elementis,
959 3214 1065 3288 quibus

32 3299 103 3357 haec
115 3309 182 3358 tota
194 3299 286 3354 moles
300 3307 409 3353 eterra
421 3297 453 3352 in
467 3298 580 3352 coelum
592 3299 704 3375 surgit,
717 3299 867 3354 inclusam.
888 3296 975 3353 Hanc
987 3297 1066 3351 enim

32 3387 161 3442 animum
185 3381 270 3440 Plato
293 3381 329 3438 ab
351 3381 454 3438 intimo
473 3389 568 3436 terrae
585 3381 697 3451 medio,
723 3381 801 3456 quod
815 3390 983 3459 geometrae
996 3397 1066 3434 cen-

30 3479 110 3526 trum
127 3477 258 3537 vocant,
283 3485 335 3540 per
353 3482 452 3522 omnes
472 3473 569 3538 partes
589 3466 650 3520 eius
668 3462 809 3539 usquead
825 3463 1023 3519 coelissmma
1038 3468 1067 3515 et

32 3565 165 3610 extrema
179 3547 304 3608 diffundi
317 3560 346 3606 et
360 3547 479 3606 extendi
486 3565 537 3621 per
548 3549 815 3604 numerosmusicos
826 3548 972 3621 opinatur,
985 3551 1019 3598 ut
1028 3544 1068 3600 sit

30 3640 87 3695 iste
100 3637 231 3695 mundus
244 3635 353 3690 animal
363 3634 537 3702 maximum,
550 3632 765 3702 beatissimum,
780 3630 1000 3704 sempiternum,
1015 3646 1066 3684 cu·

31 3724 75 3778 ius
90 3724 192 3780 anina
207 3718 411 3792 etperfectam
424 3717 586 3791 sapientiae
598 3716 767 3772 felicitatem
780 3721 906 3783 teneret,
920 3720 949 3767 et
962 3729 1066 3786 eorpus

32 3809 184 3882 proprium
203 3821 266 3860 non
283 3803 478 3877 relinqueret3
503 3800 643 3875 cuiusque
661 3819 765 3874 corpus
778 3809 807 3855 et
820 3800 852 3854 in
866 3806 1016 3852 aetornum
1030 3813 1066 3852 ex

33 3892 82 3949 illa
100 3894 237 3960 viseret,
264 3895 370 3944 etcum
384 3886 515 3962 quamvis
535 3903 595 3944 non
614 3886 753 3960 simplex,
779 3883 829 3940 scd
843 3891 886 3940 tot
899 3880 1066 3958 corporibus
