2592 4396
224 215 286 274 378
453 202 548 266 Dlvl
568 201 753 277 svumss
773 200 1026 262 AVGVSTlNl

228 367 322 426 taturi
335 379 445 432 sumus,
457 360 579 434 peritior
589 366 634 414 est
645 356 693 414 hic
703 365 803 414 nostra
811 357 939 428 miseria,
953 355 1002 413 ubi
1014 366 1171 414 venturam
1182 358 1258 416 bea-

227 451 380 510 titudinem
393 446 535 503 novimus.
580 439 729 501 Stantem
750 458 805 499 nos
825 441 885 498 illic
904 439 1000 497 clades
1021 442 1179 498 imminens
1193 463 1260 502 non

227 534 346 604 latebit,
371 531 483 587 beatius
500 537 629 601 tempora
646 526 784 606 transigit
801 525 898 581 anima
915 525 1021 582 misera
1033 525 1138 602 quibus
1152 535 1260 584 trans-

226 619 300 675 actis
313 615 350 672 ad
365 610 572 672 beatitudinem
584 609 763 682 sublevetur,
777 627 864 685 quam
875 607 961 666 beata
974 609 1076 683 quibus
1089 614 1260 669 transactis

225 705 257 758 in
269 700 417 757 miseriam
428 697 603 754 revolvatur.
638 694 735 770 Atque
746 695 788 750 ita
800 711 866 768 spes
879 702 998 750 nostrae
1011 691 1194 750 infelicitatis
1208 709 1262 752 est

225 787 299 843 felix
311 793 342 840 et
351 781 501 838 felicitatis
510 778 624 841 infelix.
649 776 733 836 Vnde
745 777 793 851 fit,
812 785 846 834 ut
855 777 924 852 quia
935 775 983 834 hic
994 778 1070 837 muln
1081 781 1263 852 praesentia

223 871 360 946 patimur,
382 865 424 922 ibi
435 865 589 922 metuimus
600 863 792 934 imminentis,
814 862 912 918 verius
926 879 1037 936 semper
1049 863 1151 919 miseri
1164 881 1262 938 quam

224 953 303 1009 beati
314 949 468 1025 aliquando
486 961 551 1004 esse
565 947 716 1023 possimus.

288 1033 348 1091 Sed
362 1035 499 1110 quoniam
510 1031 581 1089 haec
594 1029 668 1088 salsa
679 1039 751 1088 sunt
763 1030 906 1088 clamante
918 1029 1041 1104 pietate,
1055 1029 1262 1088 convincente

225 1120 365 1188 veritate3
390 1111 466 1194 (illa
483 1117 562 1172 enim
578 1115 661 1174 nobis
675 1116 820 1173 veraciter
839 1114 1019 1189 promittitur
1032 1132 1102 1172 vera
1114 1111 1263 1190 felicitas,

227 1204 308 1260 ouius
330 1202 386 1257 erit
408 1217 520 1276 semper
543 1197 712 1272 retinenda,
735 1208 767 1256 ct
792 1199 871 1254 nulla
891 1197 1065 1254 infelicitate
1090 1200 1262 1274 rumpenda

226 1297 306 1343 certa
319 1280 494 1362 secmitas3)
518 1281 597 1340 viam
608 1291 718 1340 rectam
731 1291 900 1358 sequentes,
926 1299 999 1356 quse
1010 1280 1094 1339 nobie
1109 1290 1152 1338 eat
1166 1279 1262 1338 Chri-

227 1380 307 1442 stus,
333 1387 368 1425 eo
387 1368 459 1424 duce
471 1386 506 1424 ac
523 1368 669 1426 salvatore
682 1384 699 1423 a
714 1381 791 1424 vano
804 1373 834 1422 ct
847 1366 945 1441 inepto
958 1367 1114 1442 impiorum
1125 1365 1263 1424 circum-

225 1456 269 1512 itu
282 1455 341 1509 iter
356 1450 425 1508 fidei
441 1459 624 1526 mentemque
641 1459 815 1508 avertamus.
858 1447 892 1508 Si
905 1450 984 1506 enim
997 1449 1033 1506 de
1046 1451 1111 1506 istis
1125 1450 1263 1508 circum-

225 1537 314 1594 itibus
328 1545 358 1592 et
370 1537 435 1592 sine
448 1535 612 1590 certatione
629 1532 843 1592 alternantibus
861 1533 1001 1591 itionibus
1015 1543 1045 1589 et
1056 1531 1262 1592 reditionibus

226 1621 388 1676 anirnarum
399 1616 578 1694 Porphyrius
591 1616 759 1676 Platonicus
774 1635 892 1674 suorum
909 1617 1077 1692 opinionem
1094 1619 1184 1692 sequi
1204 1639 1262 1676 no-

225 1705 293 1774 luit,
319 1703 383 1758 sive
395 1702 487 1776 ipsius
499 1703 544 1757 rei
556 1703 687 1758 vanitate
699 1710 864 1777 permotus,
877 1701 940 1758 sire
953 1702 1011 1758 iam
1022 1710 1157 1776 tempora
1171 1700 1262 1759 Chri-

226 1787 323 1843 stiana
335 1787 495 1857 reveritus3
517 1793 547 1840 et
559 1784 637 1860 quod
649 1787 681 1842 in
693 1785 767 1842 libro
781 1784 892 1842 decimo
907 1785 1141 1856 commemoravi,
1157 1784 1261 1844 dicere

226 1871 339 1941 maluit,
362 1870 487 1925 animam
498 1877 616 1944 propter
629 1868 833 1948 cognoscenda
845 1870 921 1926 nrala
931 1867 1067 1926 meditem
1080 1867 1214 1942 mundo,
1230 1883 1262 1928 ut

227 1955 261 2012 ab
276 1955 318 2010 eis
331 1953 452 2010 liberato
465 1961 550 2028 atque
562 1963 696 2032 purgata,
710 1971 776 2010 cum
787 1952 825 2010 ad
836 1952 953 2010 Patrem
966 1952 1104 2023 redierit,
1117 1951 1198 2009 nillil
1212 1958 1262 2012 ul-

226 2039 318 2095 terius
332 2039 390 2093 talc
409 2037 550 2112 patiatur:
577 2045 685 2112 quanto
706 2039 800 2116 magis
823 2054 877 2094 noa
898 2037 984 2094 istam
1005 2037 1157 2092 inimicam
1171 2036 1263 2096 Chri-

185 2114 188 2120 ’
227 2123 338 2178 stiauae
351 2120 419 2178 fidei
429 2119 585 2177 falsitatem
598 2119 737 2178 detestari
755 2139 789 2178 ac
808 2120 936 2178 devitarc
955 2114 1108 2178 debemust
1130 2118 1192 2178 His
1208 2142 1263 2180 au·

228 2215 285 2262 tem
308 2205 504 2262 circumitione
528 2206 675 2262 evacuatis
698 2214 785 2281 atque
807 2203 972 2276 frustratis,
998 2206 1078 2262 nulla
1090 2208 1264 2264 necessitas

227 2307 281 2345 nos
295 2290 454 2363 compellit,
482 2287 548 2343 ideo
561 2298 663 2364 putare
676 2307 737 2346 non
748 2287 853 2346 habere
865 2290 982 2346 initium
993 2289 1131 2363 temporis
1143 2307 1185 2346 ex
1202 2311 1263 2368 quo

227 2389 291 2427 esse
305 2372 433 2446 coeperit
445 2387 537 2449 gemm
550 2369 722 2443 humanum,
746 2373 813 2448 quia
825 2373 923 2430 nescio
935 2391 987 2448 per
998 2389 1067 2448 quos
1081 2372 1265 2432 circumitus

227 2453 302 2511 nihil
314 2456 354 2510 sit
365 2456 397 2511 in
409 2454 497 2511 rebus
510 2455 591 2524 novi,
604 2453 681 2531 quod
694 2474 755 2514 non
769 2464 798 2512 et
809 2465 897 2512 antea
906 2459 992 2514 certia
1003 2456 1172 2514 intervallis
1183 2468 1265 2515 tem-

226 2557 330 2614 porum
342 2537 444 2610 luerit,
471 2547 500 2595 et
512 2548 613 2612 postea
631 2541 671 2596 sit
687 2538 824 2596 futurum.
867 2538 901 2598 Si
914 2541 992 2596 enim
1003 2540 1144 2596 liberatur
1159 2545 1267 2599 anima

228 2642 288 2680 non
301 2621 431 2679 reditura
443 2622 479 2678 ad
492 2625 634 2695 miserias,
659 2624 737 2680 sicut
749 2641 897 2699 nunquam
909 2632 995 2680 antea
1006 2623 1129 2680 liberata
1143 2634 1206 2696 est,
1232 2627 1268 2682 fit

227 2708 258 2763 in
272 2709 322 2762 illa
335 2705 444 2782 aliquid
456 2705 533 2782 quod
550 2717 636 2764 antea
654 2725 801 2783 nunquam
820 2706 926 2764 iactum
943 2717 1002 2780 est,
1029 2716 1058 2763 et
1069 2705 1124 2763 hoc
1138 2709 1269 2784 quidem

226 2789 310 2849 valde
322 2807 475 2868 magnum,
488 2789 518 2844 id
531 2800 594 2860 est,
607 2809 683 2865 quac
695 2790 843 2866 nunquam
857 2791 970 2848 desinat
982 2800 1102 2848 aeterna
1114 2789 1267 2850 felicitas.

227 2873 261 2931 Si
274 2882 369 2928 autem
381 2874 413 2927 in
427 2880 531 2928 natura
543 2873 700 2930 inunortoli
712 2872 746 2930 fit
763 2882 845 2930 tanta
858 2876 987 2947 novitas,
1013 2875 1092 2931 nullo
1115 2879 1268 2951 repetita,

225 2957 306 3011 nullo
327 2953 483 3028 repetenda
506 2955 669 3027 circumitu,
698 2974 750 3014 cur
769 2958 801 3014 in
820 2957 905 3014 rebus
922 2957 1093 3016 mortalibus
1112 2957 1181 3014 lieri
1197 2980 1269 3018 non

224 3055 310 3112 posse
322 3033 524 3094 contendituri
546 3034 580 3095 Si
602 3037 704 3096 dieunt
725 3058 785 3098 non
810 3040 876 3098 lieri
897 3042 930 3100 in
947 3043 1046 3098 anime
1062 3041 1268 3101 beatitudinis

225 3122 394 3191 novitatem,
408 3122 545 3196 quoniam
556 3121 593 3180 ad
605 3140 669 3180 eam
681 3125 839 3182 revertitur
850 3126 883 3182 in
896 3143 953 3200 pua
967 3143 1079 3200 semper
1092 3123 1163 3199 fuit,
1193 3129 1268 3203 ipsa

226 3212 304 3260 certe
327 3204 460 3260 liberatio
479 3221 556 3263 nova
574 3206 634 3280 lit,
649 3226 714 3266 cum
727 3207 891 3272 demiseris
902 3209 1044 3266 liberatur
1057 3211 1089 3266 in
1103 3227 1164 3286 qua
1176 3229 1267 3269 nun-

225 3306 310 3364 quam
326 3287 397 3361 fuit,
423 3297 454 3344 et
471 3291 536 3364 ipss
556 3291 691 3348 miseriae
715 3293 830 3350 novitas
849 3293 881 3349 in
895 3311 929 3350 ea
940 3293 1018 3352 facto
1031 3303 1074 3350 est
1085 3311 1164 3369 quae
1175 3313 1266 3354 nun·

224 3391 309 3449 quara
320 3372 384 3429 fuit.
428 3371 509 3431 Haec
521 3385 618 3433 autem
630 3377 746 3434 novitas
759 3377 784 3432 si
797 3393 857 3432 non
874 3377 906 3434 in
918 3397 1031 3449 rarum,
1057 3395 1133 3453 quae
1153 3378 1267 3436 divina

223 3457 407 3532 providentia
419 3458 630 3536 gubernantur,
641 3459 772 3516 ordinem
786 3456 915 3537 [ordine]
928 3464 1025 3534 venit,
1050 3460 1101 3518 sed
1114 3480 1191 3519 casu
1207 3483 1266 3539 po-

222 3543 282 3598 tius
296 3543 404 3612 evenit,
427 3541 475 3598 ubi
488 3555 558 3601 sunt
570 3546 615 3600 illi
627 3543 812 3602 determinati
825 3543 1004 3620 dimensique
1016 3547 1207 3618 circumitus,
1233 3551 1267 3604 in

224 3626 426 3700 quibuscum
438 3628 620 3700 novabunt,
646 3625 697 3683 sed
716 3636 885 3703 repetuntur
904 3618 1004 3686 eadein
1022 3647 1095 3704 quae
1113 3627 1267 3688 fuerunt?

224 3706 259 3764 Si
283 3719 380 3766 autem
404 3717 434 3764 et
458 3702 539 3767 hacc
554 3712 669 3768 novitas
694 3710 729 3768 ab
757 3709 941 3770 ordinatione
964 3711 1170 3788 providentiae
1199 3735 1270 3772 ncn

225 3791 399 3875 excluditur,
427 3795 489 3850 sive
508 3795 575 3852 dats
593 3796 631 3850 sit
649 3795 761 3868 anirna,
786 3795 848 3852 sive
868 3797 949 3872 lapsa
967 3799 1020 3870 sit,
1045 3807 1173 3871 possunt
1193 3798 1279 3856 fieri}

224 3890 316 3945 nova,
344 3893 419 3951 quac
432 3896 526 3954 neque
540 3889 625 3937 antea
638 3877 714 3936 facta
728 3882 804 3952 sint,
832 3898 885 3938 nec
898 3890 993 3938 tamen
1006 3899 1024 3938 a
1036 3898 1138 3938 rerum
1151 3882 1270 3940 ordino
