<?xml version="1.0" encoding="UTF-8"?>
<!DOCTYPE html PUBLIC "-//W3C//DTD XHTML 1.0 Transitional//EN"
    "http://www.w3.org/TR/xhtml1/DTD/xhtml1-transitional.dtd">
<html xmlns="http://www.w3.org/1999/xhtml" xml:lang="en" lang="en">
 <head>
  <title>
</title>
<meta http-equiv="Content-Type" content="text/html;charset=utf-8" />
  <meta name='ocr-system' content='tesseract 3.04.00' />
  <meta name='ocr-capabilities' content='ocr_page ocr_carea ocr_par ocr_line ocrx_word'/>
</head>
<body>
  <div class='ocr_page' id='page_1' title='image "./saureliiaugusti02augugoog_0114.png"; bbox 0 0 2590 4396; ppageno 0'>
   <div class='ocr_carea' id='block_1_1' title="bbox 251 169 1061 286">
    <p class='ocr_par' dir='ltr' id='par_1_1' title="bbox 251 169 1061 286">
     <span class='ocr_line' id='line_1_1' title="bbox 251 169 1061 286; baseline 0.02 -16"><span class='ocrx_word' id='word_1_1' title='bbox 251 213 313 271; x_wconf 83' lang='lat' dir='ltr'><strong>nn</strong></span> <span class='ocrx_word' id='word_1_2' title='bbox 337 209 551 271; x_wconf 75' lang='lat' dir='ltr'><strong>crvrrnun</strong></span> <span class='ocrx_word' id='word_1_3' title='bbox 575 214 655 273; x_wconf 77' lang='lat' dir='ltr'><strong>uni</strong></span> <span class='ocrx_word' id='word_1_4' title='bbox 676 169 757 275; x_wconf 77' lang='lat' dir='ltr'><strong>mn.</strong></span> <span class='ocrx_word' id='word_1_5' title='bbox 779 219 824 276; x_wconf 79' lang='grc' dir='ltr'><strong>ιν</strong></span> <span class='ocrx_word' id='word_1_6' title='bbox 1000 177 1061 286; x_wconf 71' lang='lat' dir='ltr'><strong>ror</strong></span> 
     </span>
    </p>
   </div>
   <div class='ocr_carea' id='block_1_2' title="bbox 27 363 1092 2101">
    <p class='ocr_par' dir='ltr' id='par_1_2' title="bbox 27 363 1092 2101">
     <span class='ocr_line' id='line_1_2' title="bbox 34 363 1059 447; baseline 0.008 -23"><span class='ocrx_word' id='word_1_7' title='bbox 34 369 163 426; x_wconf 73' lang='lat' dir='ltr'><strong>adiuvent</strong></span> <span class='ocrx_word' id='word_1_8' title='bbox 174 366 215 421; x_wconf 87' lang='lat' dir='ltr'><strong>nd</strong></span> <span class='ocrx_word' id='word_1_9' title='bbox 230 363 429 442; x_wconf 75' lang='lat' dir='ltr'><strong>regnandum,</strong></span> <span class='ocrx_word' id='word_1_10' title='bbox 455 365 594 440; x_wconf 88' lang='lat' dir='ltr'><strong>quonism</strong></span> <span class='ocrx_word' id='word_1_11' title='bbox 606 367 718 447; x_wconf 76' lang='lat' dir='ltr'><strong>singuli</strong></span> <span class='ocrx_word' id='word_1_12' title='bbox 732 370 840 444; x_wconf 83' lang='lat' dir='ltr'><strong>quique</strong></span> <span class='ocrx_word' id='word_1_13' title='bbox 854 373 913 428; x_wconf 87' lang='lat' dir='ltr'><strong>eite</strong></span> <span class='ocrx_word' id='word_1_14' title='bbox 926 375 1059 433; x_wconf 79' lang='lat' dir='ltr'><strong>morien·</strong></span> 
     </span>
     <span class='ocr_line' id='line_1_3' title="bbox 33 447 1058 531; baseline 0.008 -24"><span class='ocrx_word' id='word_1_15' title='bbox 33 463 79 507; x_wconf 84' lang='lat' dir='ltr'><strong>tur:</strong></span> <span class='ocrx_word' id='word_1_16' title='bbox 105 469 165 506; x_wconf 85' lang='lat' dir='ltr'><strong>neo</strong></span> <span class='ocrx_word' id='word_1_17' title='bbox 178 449 364 506; x_wconf 72' lang='lat' dir='ltr'><strong>beneficium</strong></span> <span class='ocrx_word' id='word_1_18' title='bbox 377 447 573 521; x_wconf 72' lang='lat' dir='ltr'><strong>deputandum</strong></span> <span class='ocrx_word' id='word_1_19' title='bbox 588 459 643 522; x_wconf 88' lang='lat' dir='ltr'><strong>est,</strong></span> <span class='ocrx_word' id='word_1_20' title='bbox 670 451 748 526; x_wconf 88' lang='lat' dir='ltr'><strong>quod</strong></span> <span class='ocrx_word' id='word_1_21' title='bbox 759 455 870 531; x_wconf 76' lang='lat' dir='ltr'><strong>exiguo</strong></span> <span class='ocrx_word' id='word_1_22' title='bbox 882 463 1014 530; x_wconf 87' lang='lat' dir='ltr'><strong>tempore</strong></span> <span class='ocrx_word' id='word_1_23' title='bbox 1027 461 1058 516; x_wconf 91' lang='lat' dir='ltr'><strong>in</strong></span> 
     </span>
     <span class='ocr_line' id='line_1_4' title="bbox 32 529 1058 612; baseline 0.007 -22"><span class='ocrx_word' id='word_1_24' title='bbox 32 551 198 609; x_wconf 85' lang='lat' dir='ltr'><strong>unoquoque</strong></span> <span class='ocrx_word' id='word_1_25' title='bbox 208 531 342 601; x_wconf 80' lang='lat' dir='ltr'><strong>bomine,</strong></span> <span class='ocrx_word' id='word_1_26' title='bbox 357 549 391 587; x_wconf 86' lang='lat' dir='ltr'><strong>ue</strong></span> <span class='ocrx_word' id='word_1_27' title='bbox 401 547 457 605; x_wconf 89' lang='lat' dir='ltr'><strong>per</strong></span> <span class='ocrx_word' id='word_1_28' title='bbox 465 529 521 588; x_wconf 83' lang='lat' dir='ltr'><strong>hoe</strong></span> <span class='ocrx_word' id='word_1_29' title='bbox 533 534 704 612; x_wconf 68' lang='lat' dir='ltr'><strong>singillatim</strong></span> <span class='ocrx_word' id='word_1_30' title='bbox 715 537 818 610; x_wconf 73' lang='lat' dir='ltr'><strong>utique</strong></span> <span class='ocrx_word' id='word_1_31' title='bbox 828 539 859 594; x_wconf 89' lang='lat' dir='ltr'><strong>in</strong></span> <span class='ocrx_word' id='word_1_32' title='bbox 871 540 1004 595; x_wconf 83' lang='lat' dir='ltr'><strong>erunibus</strong></span> <span class='ocrx_word' id='word_1_33' title='bbox 1013 543 1058 597; x_wconf 86' lang='lat' dir='ltr'><strong>vi-</strong></span> 
     </span>
     <span class='ocr_line' id='line_1_5' title="bbox 32 611 1058 694; baseline 0.007 -22"><span class='ocrx_word' id='word_1_34' title='bbox 32 637 56 672; x_wconf 85' lang='lat' dir='ltr'><strong>ee</strong></span> <span class='ocrx_word' id='word_1_35' title='bbox 66 618 184 692; x_wconf 83' lang='lat' dir='ltr'><strong>ruperis</strong></span> <span class='ocrx_word' id='word_1_36' title='bbox 200 616 367 671; x_wconf 73' lang='lat' dir='ltr'><strong>evanescit.</strong></span> <span class='ocrx_word' id='word_1_37' title='bbox 382 611 460 680; x_wconf 78' lang='lat' dir='ltr'><strong>Quid</strong></span> <span class='ocrx_word' id='word_1_38' title='bbox 474 616 553 672; x_wconf 87' lang='lat' dir='ltr'><strong>euim</strong></span> <span class='ocrx_word' id='word_1_39' title='bbox 563 617 689 673; x_wconf 86' lang='lat' dir='ltr'><strong>interest</strong></span> <span class='ocrx_word' id='word_1_40' title='bbox 701 635 803 674; x_wconf 89' lang='lat' dir='ltr'><strong>eorum</strong></span> <span class='ocrx_word' id='word_1_41' title='bbox 816 622 868 694; x_wconf 89' lang='lat' dir='ltr'><strong>qui</strong></span> <span class='ocrx_word' id='word_1_42' title='bbox 881 621 934 677; x_wconf 80' lang='lat' dir='ltr'><strong>sul&gt;</strong></span> <span class='ocrx_word' id='word_1_43' title='bbox 948 620 1058 679; x_wconf 84' lang='lat' dir='ltr'><strong>Romu-</strong></span> 
     </span>
     <span class='ocr_line' id='line_1_6' title="bbox 31 697 1058 778; baseline 0.007 -24"><span class='ocrx_word' id='word_1_44' title='bbox 31 701 50 755; x_wconf 88' lang='lat' dir='ltr'><strong>lo</strong></span> <span class='ocrx_word' id='word_1_45' title='bbox 64 700 131 756; x_wconf 85' lang='lat' dir='ltr'><strong>deos</strong></span> <span class='ocrx_word' id='word_1_46' title='bbox 146 700 325 768; x_wconf 88' lang='lat' dir='ltr'><strong>eolueruut,</strong></span> <span class='ocrx_word' id='word_1_47' title='bbox 340 706 370 752; x_wconf 86' lang='lat' dir='ltr'><strong>et</strong></span> <span class='ocrx_word' id='word_1_48' title='bbox 383 697 452 752; x_wconf 87' lang='lat' dir='ltr'><strong>olim</strong></span> <span class='ocrx_word' id='word_1_49' title='bbox 465 707 536 753; x_wconf 87' lang='lat' dir='ltr'><strong>suut</strong></span> <span class='ocrx_word' id='word_1_50' title='bbox 548 701 667 771; x_wconf 85' lang='lat' dir='ltr'><strong>mortui,</strong></span> <span class='ocrx_word' id='word_1_51' title='bbox 694 701 772 778; x_wconf 90' lang='lat' dir='ltr'><strong>quod</strong></span> <span class='ocrx_word' id='word_1_52' title='bbox 783 712 851 776; x_wconf 88' lang='lat' dir='ltr'><strong>post</strong></span> <span class='ocrx_word' id='word_1_53' title='bbox 864 721 966 760; x_wconf 88' lang='lat' dir='ltr'><strong>eornm</strong></span> <span class='ocrx_word' id='word_1_54' title='bbox 979 723 1058 761; x_wconf 89' lang='lat' dir='ltr'><strong>mor-</strong></span> 
     </span>
     <span class='ocr_line' id='line_1_7' title="bbox 30 780 1059 859; baseline 0.007 -22"><span class='ocrx_word' id='word_1_55' title='bbox 30 793 76 838; x_wconf 83' lang='lat' dir='ltr'><strong>tem</strong></span> <span class='ocrx_word' id='word_1_56' title='bbox 87 781 264 838; x_wconf 76' lang='lat' dir='ltr'><strong>Romanurn</strong></span> <span class='ocrx_word' id='word_1_57' title='bbox 280 789 398 836; x_wconf 73' lang='lat' dir='ltr'><strong>tautum</strong></span> <span class='ocrx_word' id='word_1_58' title='bbox 411 781 506 836; x_wconf 83' lang='lat' dir='ltr'><strong>erevit</strong></span> <span class='ocrx_word' id='word_1_59' title='bbox 519 780 692 856; x_wconf 82' lang='lat' dir='ltr'><strong>imperiuml</strong></span> <span class='ocrx_word' id='word_1_60' title='bbox 718 802 785 840; x_wconf 83' lang='lat' dir='ltr'><strong>eum</strong></span> <span class='ocrx_word' id='word_1_61' title='bbox 797 785 842 840; x_wconf 87' lang='lat' dir='ltr'><strong>illi</strong></span> <span class='ocrx_word' id='word_1_62' title='bbox 855 785 932 859; x_wconf 82' lang='lat' dir='ltr'><strong>opud</strong></span> <span class='ocrx_word' id='word_1_63' title='bbox 944 786 1059 844; x_wconf 79' lang='lat' dir='ltr'><strong>inferos</strong></span> 
     </span>
     <span class='ocr_line' id='line_1_8' title="bbox 29 863 1059 942; baseline 0.005 -21"><span class='ocrx_word' id='word_1_64' title='bbox 29 885 117 921; x_wconf 80' lang='lat' dir='ltr'><strong>seusus</strong></span> <span class='ocrx_word' id='word_1_65' title='bbox 132 882 209 921; x_wconf 79' lang='lat' dir='ltr'><strong>sues</strong></span> <span class='ocrx_word' id='word_1_66' title='bbox 223 873 331 942; x_wconf 80' lang='lat' dir='ltr'><strong>egent:</strong></span> <span class='ocrx_word' id='word_1_67' title='bbox 346 872 447 918; x_wconf 81' lang='lat' dir='ltr'><strong>utrum</strong></span> <span class='ocrx_word' id='word_1_68' title='bbox 460 863 563 935; x_wconf 79' lang='lat' dir='ltr'><strong>bones,</strong></span> <span class='ocrx_word' id='word_1_69' title='bbox 582 881 620 920; x_wconf 83' lang='lat' dir='ltr'><strong>en</strong></span> <span class='ocrx_word' id='word_1_70' title='bbox 633 868 735 938; x_wconf 83' lang='lat' dir='ltr'><strong>melus,</strong></span> <span class='ocrx_word' id='word_1_71' title='bbox 749 866 785 922; x_wconf 83' lang='lat' dir='ltr'><strong>sd</strong></span> <span class='ocrx_word' id='word_1_72' title='bbox 798 885 860 925; x_wconf 88' lang='lat' dir='ltr'><strong>rem</strong></span> <span class='ocrx_word' id='word_1_73' title='bbox 872 879 1059 942; x_wconf 71' lang='lat' dir='ltr'><strong>praesentem</strong></span> 
     </span>
     <span class='ocr_line' id='line_1_9' title="bbox 28 945 1059 1028; baseline 0.007 -25"><span class='ocrx_word' id='word_1_74' title='bbox 28 967 75 1004; x_wconf 91' lang='lat' dir='ltr'><strong>uon</strong></span> <span class='ocrx_word' id='word_1_75' title='bbox 87 949 235 1022; x_wconf 75' lang='lat' dir='ltr'><strong>pertinet.</strong></span> <span class='ocrx_word' id='word_1_76' title='bbox 275 945 344 1002; x_wconf 88' lang='lat' dir='ltr'><strong>Hoe</strong></span> <span class='ocrx_word' id='word_1_77' title='bbox 360 955 459 1002; x_wconf 82' lang='lat' dir='ltr'><strong>sutem</strong></span> <span class='ocrx_word' id='word_1_78' title='bbox 472 945 507 1000; x_wconf 89' lang='lat' dir='ltr'><strong>de</strong></span> <span class='ocrx_word' id='word_1_79' title='bbox 526 947 660 1003; x_wconf 82' lang='lat' dir='ltr'><strong>omnibns</strong></span> <span class='ocrx_word' id='word_1_80' title='bbox 680 950 904 1027; x_wconf 83' lang='lat' dir='ltr'><strong>intelligendum</strong></span> <span class='ocrx_word' id='word_1_81' title='bbox 924 962 980 1026; x_wconf 89' lang='lat' dir='ltr'><strong>est,</strong></span> <span class='ocrx_word' id='word_1_82' title='bbox 1007 955 1059 1028; x_wconf 92' lang='lat' dir='ltr'><strong>qui</strong></span> 
     </span>
     <span class='ocr_line' id='line_1_10' title="bbox 28 1020 1092 1112; baseline 0.002 -26"><span class='ocrx_word' id='word_1_83' title='bbox 28 1033 178 1106; x_wconf 84' lang='lat' dir='ltr'><strong>peripsum</strong></span> <span class='ocrx_word' id='word_1_84' title='bbox 193 1031 355 1104; x_wconf 81' lang='lat' dir='ltr'><strong>imperium</strong></span> <span class='ocrx_word' id='word_1_85' title='bbox 376 1020 525 1106; x_wconf 80' lang='lat' dir='ltr'><strong>(quemvis</strong></span> <span class='ocrx_word' id='word_1_86' title='bbox 543 1029 752 1088; x_wconf 69' lang='lat' dir='ltr'><strong>decedentibus</strong></span> <span class='ocrx_word' id='word_1_87' title='bbox 773 1033 1058 1112; x_wconf 69' lang='lat' dir='ltr'><strong>succedentibusque</strong></span> <span class='ocrx_word' id='word_1_88' title='bbox 1087 1079 1092 1088; x_wconf 90' lang='lat'><strong>.</strong></span> 
     </span>
     <span class='ocr_line' id='line_1_11' title="bbox 27 1107 1057 1196; baseline 0.007 -28"><span class='ocrx_word' id='word_1_89' title='bbox 27 1115 189 1170; x_wconf 78' lang='lat' dir='ltr'><strong>mortalibus</strong></span> <span class='ocrx_word' id='word_1_90' title='bbox 217 1114 251 1166; x_wconf 91' lang='lat' dir='ltr'><strong>iu</strong></span> <span class='ocrx_word' id='word_1_91' title='bbox 279 1113 370 1188; x_wconf 82' lang='lat' dir='ltr'><strong>longe</strong></span> <span class='ocrx_word' id='word_1_92' title='bbox 390 1113 486 1184; x_wconf 77' lang='lat' dir='ltr'><strong>sputis</strong></span> <span class='ocrx_word' id='word_1_93' title='bbox 504 1107 712 1196; x_wconf 81' lang='lat' dir='ltr'><strong>protendetur)</strong></span> <span class='ocrx_word' id='word_1_94' title='bbox 737 1118 840 1189; x_wconf 84' lang='lat' dir='ltr'><strong>psuois</strong></span> <span class='ocrx_word' id='word_1_95' title='bbox 857 1117 962 1174; x_wconf 88' lang='lat' dir='ltr'><strong>diebus</strong></span> <span class='ocrx_word' id='word_1_96' title='bbox 978 1120 1057 1175; x_wconf 83' lang='lat' dir='ltr'><strong>ritse</strong></span> 
     </span>
     <span class='ocr_line' id='line_1_12' title="bbox 29 1195 1058 1267; baseline 0.006 -17"><span class='ocrx_word' id='word_1_97' title='bbox 29 1215 87 1252; x_wconf 78' lang='lat' dir='ltr'><strong>suae</strong></span> <span class='ocrx_word' id='word_1_98' title='bbox 104 1197 219 1252; x_wconf 87' lang='lat' dir='ltr'><strong>oursim</strong></span> <span class='ocrx_word' id='word_1_99' title='bbox 239 1195 408 1267; x_wconf 70' lang='lat' dir='ltr'><strong>raptimque</strong></span> <span class='ocrx_word' id='word_1_100' title='bbox 420 1195 621 1265; x_wconf 82' lang='lat' dir='ltr'><strong>transierunt,</strong></span> <span class='ocrx_word' id='word_1_101' title='bbox 647 1205 767 1252; x_wconf 75' lang='lat' dir='ltr'><strong>actuum</strong></span> <span class='ocrx_word' id='word_1_102' title='bbox 785 1216 906 1254; x_wconf 90' lang='lat' dir='ltr'><strong>suorum</strong></span> <span class='ocrx_word' id='word_1_103' title='bbox 927 1202 1058 1256; x_wconf 79' lang='lat' dir='ltr'><strong>sorciuss</strong></span> 
     </span>
     <span class='ocr_line' id='line_1_13' title="bbox 28 1275 1060 1353; baseline 0.002 -19"><span class='ocrx_word' id='word_1_104' title='bbox 28 1279 192 1334; x_wconf 75' lang='lat' dir='ltr'><strong>baiulentee.</strong></span> <span class='ocrx_word' id='word_1_105' title='bbox 237 1275 295 1332; x_wconf 89' lang='lat' dir='ltr'><strong>Sin</strong></span> <span class='ocrx_word' id='word_1_106' title='bbox 307 1293 380 1330; x_wconf 81' lang='lat' dir='ltr'><strong>vero</strong></span> <span class='ocrx_word' id='word_1_107' title='bbox 400 1275 487 1330; x_wconf 86' lang='lat' dir='ltr'><strong>etism</strong></span> <span class='ocrx_word' id='word_1_108' title='bbox 507 1277 570 1350; x_wconf 81' lang='lat' dir='ltr'><strong>ipss</strong></span> <span class='ocrx_word' id='word_1_109' title='bbox 582 1277 750 1333; x_wconf 79' lang='lat' dir='ltr'><strong>brevissimi</strong></span> <span class='ocrx_word' id='word_1_110' title='bbox 763 1281 902 1353; x_wconf 90' lang='lat' dir='ltr'><strong>temporis</strong></span> <span class='ocrx_word' id='word_1_111' title='bbox 915 1280 1060 1336; x_wconf 86' lang='lat' dir='ltr'><strong>beneficis</strong></span> 
     </span>
     <span class='ocr_line' id='line_1_14' title="bbox 29 1356 1059 1432; baseline 0.003 -16"><span class='ocrx_word' id='word_1_112' title='bbox 29 1359 137 1418; x_wconf 88' lang='lat' dir='ltr'><strong>deorum</strong></span> <span class='ocrx_word' id='word_1_113' title='bbox 156 1359 311 1415; x_wconf 79' lang='lat' dir='ltr'><strong>adiutorio</strong></span> <span class='ocrx_word' id='word_1_114' title='bbox 330 1356 488 1414; x_wconf 80' lang='lat' dir='ltr'><strong>tribuendo</strong></span> <span class='ocrx_word' id='word_1_115' title='bbox 507 1367 594 1429; x_wconf 84' lang='lat' dir='ltr'><strong>sunt,</strong></span> <span class='ocrx_word' id='word_1_116' title='bbox 621 1377 680 1414; x_wconf 88' lang='lat' dir='ltr'><strong>nou</strong></span> <span class='ocrx_word' id='word_1_117' title='bbox 699 1376 803 1432; x_wconf 83' lang='lat' dir='ltr'><strong>perum</strong></span> <span class='ocrx_word' id='word_1_118' title='bbox 822 1360 915 1417; x_wconf 86' lang='lat' dir='ltr'><strong>sdiuti</strong></span> <span class='ocrx_word' id='word_1_119' title='bbox 934 1371 1005 1418; x_wconf 89' lang='lat' dir='ltr'><strong>suut</strong></span> <span class='ocrx_word' id='word_1_120' title='bbox 1016 1363 1059 1421; x_wconf 83' lang='lat' dir='ltr'><strong>illl</strong></span> 
     </span>
     <span class='ocr_line' id='line_1_15' title="bbox 29 1439 1058 1523; baseline 0.003 -26"><span class='ocrx_word' id='word_1_121' title='bbox 29 1443 207 1520; x_wconf 77' lang='lat' dir='ltr'><strong>gladiatores,</strong></span> <span class='ocrx_word' id='word_1_122' title='bbox 224 1441 278 1516; x_wconf 91' lang='lat' dir='ltr'><strong>qui</strong></span> <span class='ocrx_word' id='word_1_123' title='bbox 290 1441 408 1496; x_wconf 84' lang='lat' dir='ltr'><strong>servilis</strong></span> <span class='ocrx_word' id='word_1_124' title='bbox 419 1439 598 1496; x_wconf 84' lang='lat' dir='ltr'><strong>conditionis</strong></span> <span class='ocrx_word' id='word_1_125' title='bbox 609 1441 729 1497; x_wconf 78' lang='lat' dir='ltr'><strong>vinoule</strong></span> <span class='ocrx_word' id='word_1_126' title='bbox 738 1451 891 1516; x_wconf 90' lang='lat' dir='ltr'><strong>ruperunt,</strong></span> <span class='ocrx_word' id='word_1_127' title='bbox 905 1443 1058 1523; x_wconf 77' lang='lat' dir='ltr'><strong>fugerunt,</strong></span> 
     </span>
     <span class='ocr_line' id='line_1_16' title="bbox 30 1523 1058 1604; baseline 0.004 -24"><span class='ocrx_word' id='word_1_128' title='bbox 30 1535 187 1597; x_wconf 70' lang='lat' dir='ltr'><strong>evaseruut,</strong></span> <span class='ocrx_word' id='word_1_129' title='bbox 201 1525 374 1582; x_wconf 68' lang='lat' dir='ltr'><strong>ueueitnm</strong></span> <span class='ocrx_word' id='word_1_130' title='bbox 386 1541 524 1600; x_wconf 73' lang='lat' dir='ltr'><strong>magnum</strong></span> <span class='ocrx_word' id='word_1_131' title='bbox 534 1532 564 1580; x_wconf 88' lang='lat' dir='ltr'><strong>et</strong></span> <span class='ocrx_word' id='word_1_132' title='bbox 573 1523 767 1581; x_wconf 78' lang='lat' dir='ltr'><strong>iustissimum</strong></span> <span class='ocrx_word' id='word_1_133' title='bbox 781 1525 976 1604; x_wconf 78' lang='lat' dir='ltr'><strong>collegerunt,</strong></span> <span class='ocrx_word' id='word_1_134' title='bbox 990 1527 1058 1584; x_wconf 84' lang='lat' dir='ltr'><strong>obe-</strong></span> 
     </span>
     <span class='ocr_line' id='line_1_17' title="bbox 30 1606 1058 1686; baseline 0.005 -24"><span class='ocrx_word' id='word_1_135' title='bbox 30 1608 135 1664; x_wconf 86' lang='lat' dir='ltr'><strong>dientes</strong></span> <span class='ocrx_word' id='word_1_136' title='bbox 147 1626 252 1686; x_wconf 68' lang='lat' dir='ltr'><strong>regum</strong></span> <span class='ocrx_word' id='word_1_137' title='bbox 265 1623 388 1664; x_wconf 68' lang='lat' dir='ltr'><strong>suorum</strong></span> <span class='ocrx_word' id='word_1_138' title='bbox 401 1607 534 1662; x_wconf 85' lang='lat' dir='ltr'><strong>eonsili&#39;ss</strong></span> <span class='ocrx_word' id='word_1_139' title='bbox 548 1614 578 1662; x_wconf 86' lang='lat' dir='ltr'><strong>et</strong></span> <span class='ocrx_word' id='word_1_140' title='bbox 591 1607 691 1678; x_wconf 83' lang='lat' dir='ltr'><strong>iussis,</strong></span> <span class='ocrx_word' id='word_1_141' title='bbox 706 1609 829 1664; x_wconf 78' lang='lat' dir='ltr'><strong>multmu</strong></span> <span class='ocrx_word' id='word_1_142' title='bbox 839 1606 988 1666; x_wconf 83' lang='lat' dir='ltr'><strong>Romsuse</strong></span> <span class='ocrx_word' id='word_1_143' title='bbox 999 1612 1058 1667; x_wconf 85' lang='lat' dir='ltr'><strong>eel-</strong></span> 
     </span>
     <span class='ocr_line' id='line_1_18' title="bbox 31 1687 1058 1768; baseline 0.002 -22"><span class='ocrx_word' id='word_1_144' title='bbox 31 1692 142 1748; x_wconf 84' lang='lat' dir='ltr'><strong>situdini</strong></span> <span class='ocrx_word' id='word_1_145' title='bbox 153 1688 324 1759; x_wconf 74' lang='lat' dir='ltr'><strong>metuendi,</strong></span> <span class='ocrx_word' id='word_1_146' title='bbox 345 1697 375 1744; x_wconf 89' lang='lat' dir='ltr'><strong>et</strong></span> <span class='ocrx_word' id='word_1_147' title='bbox 388 1688 502 1762; x_wconf 66' lang='lat' dir='ltr'><strong>aliquot</strong></span> <span class='ocrx_word' id='word_1_148' title='bbox 513 1687 656 1746; x_wconf 83' lang='lat' dir='ltr'><strong>Rsmsnis</strong></span> <span class='ocrx_word' id='word_1_149' title='bbox 668 1691 892 1764; x_wconf 70' lang='lat' dir='ltr'><strong>imperatoribus</strong></span> <span class='ocrx_word' id='word_1_150' title='bbox 905 1693 1058 1768; x_wconf 87' lang='lat' dir='ltr'><strong>iusupers·</strong></span> 
     </span>
     <span class='ocr_line' id='line_1_19' title="bbox 31 1772 1059 1849; baseline 0.004 -21"><span class='ocrx_word' id='word_1_151' title='bbox 31 1775 193 1832; x_wconf 79' lang='lat' dir='ltr'><strong>bilesmulss</strong></span> <span class='ocrx_word' id='word_1_152' title='bbox 207 1781 371 1845; x_wconf 76' lang='lat' dir='ltr'><strong>oeperunt:</strong></span> <span class='ocrx_word' id='word_1_153' title='bbox 385 1772 474 1845; x_wconf 84' lang='lat' dir='ltr'><strong>potiti</strong></span> <span class='ocrx_word' id='word_1_154' title='bbox 484 1773 696 1828; x_wconf 82' lang='lat' dir='ltr'><strong>suntvietoriis</strong></span> <span class='ocrx_word' id='word_1_155' title='bbox 705 1775 851 1847; x_wconf 88' lang='lat' dir='ltr'><strong>plurimis,</strong></span> <span class='ocrx_word' id='word_1_156' title='bbox 864 1775 913 1831; x_wconf 92' lang='lat' dir='ltr'><strong>usi</strong></span> <span class='ocrx_word' id='word_1_157' title='bbox 923 1777 1059 1849; x_wconf 83' lang='lat' dir='ltr'><strong>voluptu-</strong></span> 
     </span>
     <span class='ocr_line' id='line_1_20' title="bbox 32 1853 1059 1933; baseline 0.002 -22"><span class='ocrx_word' id='word_1_158' title='bbox 32 1858 96 1914; x_wconf 84' lang='lat' dir='ltr'><strong>tibus</strong></span> <span class='ocrx_word' id='word_1_159' title='bbox 105 1859 214 1933; x_wconf 76' lang='lat' dir='ltr'><strong>quibus</strong></span> <span class='ocrx_word' id='word_1_160' title='bbox 225 1857 405 1926; x_wconf 77' lang='lat' dir='ltr'><strong>uoluerunt3</strong></span> <span class='ocrx_word' id='word_1_161' title='bbox 420 1853 497 1928; x_wconf 88' lang='lat' dir='ltr'><strong>quod</strong></span> <span class='ocrx_word' id='word_1_162' title='bbox 508 1857 661 1932; x_wconf 76' lang='lat' dir='ltr'><strong>suggessit</strong></span> <span class='ocrx_word' id='word_1_163' title='bbox 668 1856 769 1930; x_wconf 89' lang='lat' dir='ltr'><strong>libido,</strong></span> <span class='ocrx_word' id='word_1_164' title='bbox 778 1857 931 1915; x_wconf 76' lang='lat' dir='ltr'><strong>feceruut:</strong></span> <span class='ocrx_word' id='word_1_165' title='bbox 944 1867 1059 1932; x_wconf 84' lang='lat' dir='ltr'><strong>postre-</strong></span> 
     </span>
     <span class='ocr_line' id='line_1_21' title="bbox 32 1937 1060 2013; baseline -0.001 -17"><span class='ocrx_word' id='word_1_166' title='bbox 32 1958 68 1996; x_wconf 84' lang='lat' dir='ltr'><strong>no</strong></span> <span class='ocrx_word' id='word_1_167' title='bbox 79 1941 173 1998; x_wconf 82' lang='lat' dir='ltr'><strong>donee</strong></span> <span class='ocrx_word' id='word_1_168' title='bbox 186 1941 405 2008; x_wconf 77' lang='lat' dir='ltr'><strong>vinoereutur,</strong></span> <span class='ocrx_word' id='word_1_169' title='bbox 431 1937 509 2010; x_wconf 87' lang='lat' dir='ltr'><strong>quod</strong></span> <span class='ocrx_word' id='word_1_170' title='bbox 522 1937 691 1995; x_wconf 75' lang='lat' dir='ltr'><strong>difficillime</strong></span> <span class='ocrx_word' id='word_1_171' title='bbox 704 1949 750 1996; x_wconf 89' lang='lat' dir='ltr'><strong>est</strong></span> <span class='ocrx_word' id='word_1_172' title='bbox 767 1940 895 2013; x_wconf 78' lang='lat' dir='ltr'><strong>fuctum,</strong></span> <span class='ocrx_word' id='word_1_173' title='bbox 921 1941 1060 1999; x_wconf 72' lang='lat' dir='ltr'><strong>sublimen</strong></span> 
     </span>
     <span class='ocr_line' id='line_1_22' title="bbox 32 2018 851 2101; baseline 0.001 -24"><span class='ocrx_word' id='word_1_174' title='bbox 32 2033 241 2101; x_wconf 65' lang='lat' dir='ltr'><strong>regnantesque</strong></span> <span class='ocrx_word' id='word_1_175' title='bbox 253 2022 409 2080; x_wconf 68' lang='lat' dir='ltr'><strong>vixerunt.</strong></span> <span class='ocrx_word' id='word_1_176' title='bbox 441 2018 501 2077; x_wconf 83' lang='lat' dir='ltr'><strong>Sed</strong></span> <span class='ocrx_word' id='word_1_177' title='bbox 512 2021 550 2078; x_wconf 84' lang='lat' dir='ltr'><strong>sd</strong></span> <span class='ocrx_word' id='word_1_178' title='bbox 562 2023 674 2078; x_wconf 75' lang='lat' dir='ltr'><strong>maiore</strong></span> <span class='ocrx_word' id='word_1_179' title='bbox 686 2025 851 2080; x_wconf 72' lang='lat' dir='ltr'><strong>veniamus.</strong></span> 
     </span>
    </p>
   </div>
   <div class='ocr_carea' id='block_1_3' title="bbox 21 2170 1066 3930">
    <p class='ocr_par' dir='ltr' id='par_1_3' title="bbox 31 2170 1059 2410">
     <span class='ocr_line' id='line_1_23' title="bbox 31 2170 1059 2410; baseline 0 -90"><span class='ocrx_word' id='word_1_180' title='bbox 31 2279 60 2320; x_wconf 79' lang='lat' dir='ltr'><strong>oc</strong></span> <span class='ocrx_word' id='word_1_181' title='bbox 69 2270 223 2338; x_wconf 76' lang='lat' dir='ltr'><strong>espiditste</strong></span> <span class='ocrx_word' id='word_1_182' title='bbox 232 2269 304 2326; x_wconf 75' lang='lat' dir='ltr'><strong>Nisi</strong></span> <span class='ocrx_word' id='word_1_183' title='bbox 318 2269 408 2340; x_wconf 70' lang='lat' dir='ltr'><strong>regis,</strong></span> <span class='ocrx_word' id='word_1_184' title='bbox 425 2170 827 2410; x_wconf 38' lang='lat' dir='ltr'><strong>{iisslgpssmmm&#39;</strong></span> <span class='ocrx_word' id='word_1_185' title='bbox 843 2270 951 2339; x_wconf 80' lang='lat' dir='ltr'><strong>primus</strong></span> <span class='ocrx_word' id='word_1_186' title='bbox 963 2270 1059 2323; x_wconf 76' lang='lat' dir='ltr'><strong>intulit</strong></span> 
     </span>
     <span class='ocr_line' id='line_1_24' title="bbox 482 2355 648 2392; baseline 0.012 -2"><span class='ocrx_word' id='word_1_187' title='bbox 482 2355 499 2390; x_wconf 86' lang='lat' dir='ltr'><strong>u</strong></span> <span class='ocrx_word' id='word_1_188' title='bbox 578 2357 648 2392; x_wconf 75' lang='lat' dir='ltr'><strong>smus</strong></span> 
     </span>
    </p>

    <p class='ocr_par' dir='ltr' id='par_1_4' title="bbox 21 2443 1066 3930">
     <span class='ocr_line' id='line_1_25' title="bbox 80 2443 1059 2524; baseline 0.001 -23"><span class='ocrx_word' id='word_1_189' title='bbox 80 2443 218 2502; x_wconf 79' lang='lat' dir='ltr'><strong>lustinus</strong></span> <span class='ocrx_word' id='word_1_190' title='bbox 241 2448 294 2522; x_wconf 87' lang='lat' dir='ltr'><strong>qui</strong></span> <span class='ocrx_word' id='word_1_191' title='bbox 319 2445 478 2517; x_wconf 79' lang='lat' dir='ltr'><strong>Grseesm,</strong></span> <span class='ocrx_word' id='word_1_192' title='bbox 504 2447 553 2502; x_wconf 84' lang='lat' dir='ltr'><strong>sel</strong></span> <span class='ocrx_word' id='word_1_193' title='bbox 574 2449 674 2520; x_wconf 83' lang='lat' dir='ltr'><strong>potius</strong></span> <span class='ocrx_word' id='word_1_194' title='bbox 694 2447 900 2524; x_wconf 72' lang='lat' dir='ltr'><strong>peregrinum,</strong></span> <span class='ocrx_word' id='word_1_195' title='bbox 925 2443 1059 2523; x_wconf 72' lang='lat' dir='ltr'><strong>Trogum</strong></span> 
     </span>
     <span class='ocr_line' id='line_1_26' title="bbox 29 2525 1060 2603; baseline -0.001 -21"><span class='ocrx_word' id='word_1_196' title='bbox 29 2525 189 2603; x_wconf 77' lang='lat' dir='ltr'><strong>Pompeium</strong></span> <span class='ocrx_word' id='word_1_197' title='bbox 204 2539 338 2600; x_wconf 78' lang='lat' dir='ltr'><strong>secutus,</strong></span> <span class='ocrx_word' id='word_1_198' title='bbox 352 2545 415 2584; x_wconf 80' lang='lat' dir='ltr'><strong>non</strong></span> <span class='ocrx_word' id='word_1_199' title='bbox 428 2526 534 2588; x_wconf 67' lang='lat' dir='ltr'><strong>latine</strong></span> <span class='ocrx_word' id='word_1_200' title='bbox 546 2538 674 2601; x_wconf 83' lang='lat' dir='ltr'><strong>tentum,</strong></span> <span class='ocrx_word' id='word_1_201' title='bbox 688 2532 767 2585; x_wconf 88' lang='lat' dir='ltr'><strong>sient</strong></span> <span class='ocrx_word' id='word_1_202' title='bbox 779 2531 840 2601; x_wconf 88' lang='lat' dir='ltr'><strong>ille,</strong></span> <span class='ocrx_word' id='word_1_203' title='bbox 854 2546 958 2586; x_wconf 80' lang='lat' dir='ltr'><strong>verum</strong></span> <span class='ocrx_word' id='word_1_204' title='bbox 972 2530 1060 2582; x_wconf 83' lang='lat' dir='ltr'><strong>etiem</strong></span> 
     </span>
     <span class='ocr_line' id='line_1_27' title="bbox 27 2609 1060 2686; baseline -0.001 -21"><span class='ocrx_word' id='word_1_205' title='bbox 27 2609 149 2667; x_wconf 78' lang='lat' dir='ltr'><strong>ires-iter</strong></span> <span class='ocrx_word' id='word_1_206' title='bbox 162 2613 286 2686; x_wconf 88' lang='lat' dir='ltr'><strong>seripsit</strong></span> <span class='ocrx_word' id='word_1_207' title='bbox 298 2611 467 2683; x_wconf 73' lang='lat' dir='ltr'><strong>historiens,</strong></span> <span class='ocrx_word' id='word_1_208' title='bbox 494 2629 571 2685; x_wconf 87' lang='lat' dir='ltr'><strong>opus</strong></span> <span class='ocrx_word' id='word_1_209' title='bbox 583 2612 728 2667; x_wconf 86' lang='lat' dir='ltr'><strong>librorum</strong></span> <span class='ocrx_word' id='word_1_210' title='bbox 742 2629 863 2666; x_wconf 83' lang='lat' dir='ltr'><strong>suorum</strong></span> <span class='ocrx_word' id='word_1_211' title='bbox 882 2611 926 2664; x_wconf 91' lang='lat' dir='ltr'><strong>sie</strong></span> <span class='ocrx_word' id='word_1_212' title='bbox 938 2609 1060 2682; x_wconf 81' lang='lat' dir='ltr'><strong>insipit:</strong></span> 
     </span>
     <span class='ocr_line' id='line_1_28' title="bbox 26 2692 1061 2774; baseline -0.004 -24"><span class='ocrx_word' id='word_1_213' title='bbox 26 2692 193 2768; x_wconf 72' lang='lat' dir='ltr'><strong>„Principio</strong></span> <span class='ocrx_word' id='word_1_214' title='bbox 207 2713 309 2752; x_wconf 83' lang='lat' dir='ltr'><strong>rerum</strong></span> <span class='ocrx_word' id='word_1_215' title='bbox 326 2696 461 2774; x_wconf 80' lang='lat' dir='ltr'><strong>gentium</strong></span> <span class='ocrx_word' id='word_1_216' title='bbox 473 2694 687 2768; x_wconf 65' lang='lat' dir='ltr'><strong>nationumque</strong></span> <span class='ocrx_word' id='word_1_217' title='bbox 701 2693 856 2766; x_wconf 72' lang='lat' dir='ltr'><strong>inperium</strong></span> <span class='ocrx_word' id='word_1_218' title='bbox 868 2707 959 2765; x_wconf 89' lang='lat' dir='ltr'><strong>penes</strong></span> <span class='ocrx_word' id='word_1_219' title='bbox 972 2705 1061 2766; x_wconf 76' lang='lat' dir='ltr'><strong>reges</strong></span> 
     </span>
     <span class='ocr_line' id='line_1_29' title="bbox 25 2774 1060 2857; baseline -0.002 -27"><span class='ocrx_word' id='word_1_220' title='bbox 25 2785 123 2846; x_wconf 84' lang='lat' dir='ltr'><strong>„ernt,</strong></span> <span class='ocrx_word' id='word_1_221' title='bbox 138 2793 211 2850; x_wconf 79' lang='lat' dir='ltr'><strong>quos</strong></span> <span class='ocrx_word' id='word_1_222' title='bbox 223 2778 261 2835; x_wconf 84' lang='lat' dir='ltr'><strong>sd</strong></span> <span class='ocrx_word' id='word_1_223' title='bbox 273 2779 429 2857; x_wconf 74' lang='lat' dir='ltr'><strong>fastigium</strong></span> <span class='ocrx_word' id='word_1_224' title='bbox 438 2775 528 2834; x_wconf 87' lang='lat' dir='ltr'><strong>huius</strong></span> <span class='ocrx_word' id='word_1_225' title='bbox 540 2776 715 2848; x_wconf 68' lang='lat' dir='ltr'><strong>maiestatis,</strong></span> <span class='ocrx_word' id='word_1_226' title='bbox 730 2791 790 2832; x_wconf 88' lang='lat' dir='ltr'><strong>uon</strong></span> <span class='ocrx_word' id='word_1_227' title='bbox 804 2775 925 2832; x_wconf 76' lang='lat' dir='ltr'><strong>ambitio</strong></span> <span class='ocrx_word' id='word_1_228' title='bbox 937 2774 1060 2847; x_wconf 81' lang='lat' dir='ltr'><strong>populn-</strong></span> 
     </span>
     <span class='ocr_line' id='line_1_30' title="bbox 24 2855 1061 2935; baseline -0.002 -21"><span class='ocrx_word' id='word_1_229' title='bbox 24 2861 102 2930; x_wconf 90' lang='lat' dir='ltr'><strong>„ris,</strong></span> <span class='ocrx_word' id='word_1_230' title='bbox 129 2858 181 2915; x_wconf 84' lang='lat' dir='ltr'><strong>sed</strong></span> <span class='ocrx_word' id='word_1_231' title='bbox 203 2871 337 2935; x_wconf 82' lang='lat' dir='ltr'><strong>speetste</strong></span> <span class='ocrx_word' id='word_1_232' title='bbox 354 2864 434 2917; x_wconf 87' lang='lat' dir='ltr'><strong>inter</strong></span> <span class='ocrx_word' id='word_1_233' title='bbox 451 2860 546 2918; x_wconf 82' lang='lat' dir='ltr'><strong>bones</strong></span> <span class='ocrx_word' id='word_1_234' title='bbox 565 2859 728 2916; x_wconf 76' lang='lat' dir='ltr'><strong>moderatio</strong></span> <span class='ocrx_word' id='word_1_235' title='bbox 741 2856 928 2935; x_wconf 81' lang='lat' dir='ltr'><strong>provehebst.</strong></span> <span class='ocrx_word' id='word_1_236' title='bbox 955 2855 1061 2930; x_wconf 84' lang='lat' dir='ltr'><strong>Populi</strong></span> 
     </span>
     <span class='ocr_line' id='line_1_31' title="bbox 22 2941 1060 3020; baseline 0.002 -23"><span class='ocrx_word' id='word_1_237' title='bbox 22 2943 132 3012; x_wconf 87' lang='lat' dir='ltr'><strong>„nullis</strong></span> <span class='ocrx_word' id='word_1_238' title='bbox 158 2944 276 3020; x_wconf 74' lang='lat' dir='ltr'><strong>legibus</strong></span> <span class='ocrx_word' id='word_1_239' title='bbox 302 2944 494 3004; x_wconf 72' lang='lat' dir='ltr'><strong>tenebuntnrz</strong></span> <span class='ocrx_word' id='word_1_240' title='bbox 527 2942 650 3000; x_wconf 72' lang='lat' dir='ltr'><strong>arbitris</strong></span> <span class='ocrx_word' id='word_1_241' title='bbox 673 2943 840 3018; x_wconf 81' lang='lat' dir='ltr'><strong>principum</strong></span> <span class='ocrx_word' id='word_1_242' title='bbox 863 2959 917 3018; x_wconf 84' lang='lat' dir='ltr'><strong>pro</strong></span> <span class='ocrx_word' id='word_1_243' title='bbox 943 2941 1060 3020; x_wconf 78' lang='lat' dir='ltr'><strong>legibus</strong></span> 
     </span>
     <span class='ocr_line' id='line_1_32' title="bbox 22 3025 1058 3104; baseline 0 -24"><span class='ocrx_word' id='word_1_244' title='bbox 22 3035 137 3094; x_wconf 74' lang='lat' dir='ltr'><strong>„erent</strong></span> <span class='ocrx_word' id='word_1_245' title='bbox 159 3025 254 3083; x_wconf 74' lang='lat' dir='ltr'><strong>Fines</strong></span> <span class='ocrx_word' id='word_1_246' title='bbox 266 3027 384 3103; x_wconf 89' lang='lat' dir='ltr'><strong>imperil</strong></span> <span class='ocrx_word' id='word_1_247' title='bbox 397 3027 477 3084; x_wconf 87' lang='lat' dir='ltr'><strong>tueri</strong></span> <span class='ocrx_word' id='word_1_248' title='bbox 488 3027 584 3104; x_wconf 75' lang='lat' dir='ltr'><strong>magis</strong></span> <span class='ocrx_word' id='word_1_249' title='bbox 597 3043 685 3100; x_wconf 81' lang='lat' dir='ltr'><strong>quem</strong></span> <span class='ocrx_word' id='word_1_250' title='bbox 696 3026 830 3100; x_wconf 82' lang='lat' dir='ltr'><strong>proferre</strong></span> <span class='ocrx_word' id='word_1_251' title='bbox 843 3043 906 3082; x_wconf 86' lang='lat' dir='ltr'><strong>mos</strong></span> <span class='ocrx_word' id='word_1_252' title='bbox 921 3033 997 3081; x_wconf 81' lang='lat' dir='ltr'><strong>eret:</strong></span> <span class='ocrx_word' id='word_1_253' title='bbox 1012 3026 1058 3081; x_wconf 87' lang='lat' dir='ltr'><strong>iu·</strong></span> 
     </span>
     <span class='ocr_line' id='line_1_33' title="bbox 21 3107 1060 3186; baseline 0.002 -22"><span class='ocrx_word' id='word_1_254' title='bbox 21 3119 86 3176; x_wconf 75' lang='lat' dir='ltr'><strong>„tro</strong></span> <span class='ocrx_word' id='word_1_255' title='bbox 99 3125 188 3165; x_wconf 81' lang='lat' dir='ltr'><strong>susm</strong></span> <span class='ocrx_word' id='word_1_256' title='bbox 203 3110 310 3184; x_wconf 83' lang='lat' dir='ltr'><strong>cuique</strong></span> <span class='ocrx_word' id='word_1_257' title='bbox 322 3110 449 3184; x_wconf 75' lang='lat' dir='ltr'><strong>petrium</strong></span> <span class='ocrx_word' id='word_1_258' title='bbox 461 3127 555 3186; x_wconf 77' lang='lat' dir='ltr'><strong>reguo</strong></span> <span class='ocrx_word' id='word_1_259' title='bbox 567 3107 756 3166; x_wconf 74' lang='lat' dir='ltr'><strong>finiebantur.</strong></span> <span class='ocrx_word' id='word_1_260' title='bbox 796 3109 913 3166; x_wconf 86' lang='lat' dir='ltr'><strong>Primus</strong></span> <span class='ocrx_word' id='word_1_261' title='bbox 929 3109 1060 3166; x_wconf 87' lang='lat' dir='ltr'><strong>omnium</strong></span> 
     </span>
     <span class='ocr_line' id='line_1_34' title="bbox 22 3191 1058 3269; baseline 0 -23"><span class='ocrx_word' id='word_1_262' title='bbox 22 3191 142 3258; x_wconf 85' lang='lat' dir='ltr'><strong>„Ninus</strong></span> <span class='ocrx_word' id='word_1_263' title='bbox 153 3208 211 3247; x_wconf 75' lang='lat' dir='ltr'><strong>rex</strong></span> <span class='ocrx_word' id='word_1_264' title='bbox 221 3191 412 3268; x_wconf 75' lang='lat' dir='ltr'><strong>Assyriorum</strong></span> <span class='ocrx_word' id='word_1_265' title='bbox 425 3200 556 3248; x_wconf 80' lang='lat' dir='ltr'><strong>veterem</strong></span> <span class='ocrx_word' id='word_1_266' title='bbox 569 3201 599 3247; x_wconf 90' lang='lat' dir='ltr'><strong>et</strong></span> <span class='ocrx_word' id='word_1_267' title='bbox 612 3194 697 3266; x_wconf 88' lang='lat' dir='ltr'><strong>qussi</strong></span> <span class='ocrx_word' id='word_1_268' title='bbox 710 3194 823 3250; x_wconf 80' lang='lat' dir='ltr'><strong>unitum</strong></span> <span class='ocrx_word' id='word_1_269' title='bbox 835 3191 973 3269; x_wconf 79' lang='lat' dir='ltr'><strong>gentibus</strong></span> <span class='ocrx_word' id='word_1_270' title='bbox 995 3209 1058 3246; x_wconf 90' lang='lat' dir='ltr'><strong>mo-</strong></span> 
     </span>
     <span class='ocr_line' id='line_1_35' title="bbox 23 3273 1060 3350; baseline 0 -22"><span class='ocrx_word' id='word_1_271' title='bbox 23 3291 102 3341; x_wconf 86' lang='lat' dir='ltr'><strong>„rem</strong></span> <span class='ocrx_word' id='word_1_272' title='bbox 114 3291 198 3332; x_wconf 79' lang='lat' dir='ltr'><strong>nove</strong></span> <span class='ocrx_word' id='word_1_273' title='bbox 211 3275 328 3350; x_wconf 88' lang='lat' dir='ltr'><strong>imperii</strong></span> <span class='ocrx_word' id='word_1_274' title='bbox 342 3273 503 3348; x_wconf 75' lang='lat' dir='ltr'><strong>eupiditate</strong></span> <span class='ocrx_word' id='word_1_275' title='bbox 516 3276 650 3332; x_wconf 72' lang='lat' dir='ltr'><strong>mutavit.</strong></span> <span class='ocrx_word' id='word_1_276' title='bbox 673 3273 732 3332; x_wconf 86' lang='lat' dir='ltr'><strong>Hie</strong></span> <span class='ocrx_word' id='word_1_277' title='bbox 744 3277 856 3350; x_wconf 88' lang='lat' dir='ltr'><strong>primus</strong></span> <span class='ocrx_word' id='word_1_278' title='bbox 870 3275 973 3330; x_wconf 87' lang='lat' dir='ltr'><strong>intulit</strong></span> <span class='ocrx_word' id='word_1_279' title='bbox 984 3274 1060 3329; x_wconf 85' lang='lat' dir='ltr'><strong>belle</strong></span> 
     </span>
     <span class='ocr_line' id='line_1_36' title="bbox 24 3355 1059 3432; baseline -0.001 -21"><span class='ocrx_word' id='word_1_280' title='bbox 24 3356 189 3429; x_wconf 82' lang='lat' dir='ltr'><strong>„linitirsis,</strong></span> <span class='ocrx_word' id='word_1_281' title='bbox 218 3366 249 3413; x_wconf 92' lang='lat' dir='ltr'><strong>et</strong></span> <span class='ocrx_word' id='word_1_282' title='bbox 260 3357 351 3418; x_wconf 83' lang='lat' dir='ltr'><strong>rudes</strong></span> <span class='ocrx_word' id='word_1_283' title='bbox 365 3355 460 3416; x_wconf 82' lang='lat' dir='ltr'><strong>sdhuo</strong></span> <span class='ocrx_word' id='word_1_284' title='bbox 472 3356 509 3412; x_wconf 89' lang='lat' dir='ltr'><strong>sd</strong></span> <span class='ocrx_word' id='word_1_285' title='bbox 521 3357 719 3414; x_wconf 88' lang='lat' dir='ltr'><strong>resistendum</strong></span> <span class='ocrx_word' id='word_1_286' title='bbox 732 3359 854 3432; x_wconf 88' lang='lat' dir='ltr'><strong>populos</strong></span> <span class='ocrx_word' id='word_1_287' title='bbox 868 3357 905 3413; x_wconf 86' lang='lat' dir='ltr'><strong>sd</strong></span> <span class='ocrx_word' id='word_1_288' title='bbox 917 3357 1059 3414; x_wconf 84' lang='lat' dir='ltr'><strong>terminos</strong></span> 
     </span>
     <span class='ocr_line' id='line_1_37' title="bbox 24 3437 1059 3516; baseline -0.005 -22"><span class='ocrx_word' id='word_1_289' title='bbox 24 3457 135 3515; x_wconf 76' lang='lat' dir='ltr'><strong>„usque</strong></span> <span class='ocrx_word' id='word_1_290' title='bbox 149 3439 265 3516; x_wconf 78' lang='lat' dir='ltr'><strong>Libyes</strong></span> <span class='ocrx_word' id='word_1_291' title='bbox 277 3439 452 3516; x_wconf 76' lang='lat' dir='ltr'><strong>perdomuit·</strong></span> <span class='ocrx_word' id='word_1_292' title='bbox 478 3437 518 3496; x_wconf 80' lang='lat' dir='ltr'><strong>Et</strong></span> <span class='ocrx_word' id='word_1_293' title='bbox 532 3441 619 3513; x_wconf 82' lang='lat' dir='ltr'><strong>psnlo</strong></span> <span class='ocrx_word' id='word_1_294' title='bbox 632 3450 712 3514; x_wconf 85' lang='lat' dir='ltr'><strong>post:</strong></span> <span class='ocrx_word' id='word_1_295' title='bbox 738 3440 847 3512; x_wconf 85' lang='lat' dir='ltr'><strong>Ninus,</strong></span> <span class='ocrx_word' id='word_1_296' title='bbox 867 3440 976 3514; x_wconf 87' lang='lat' dir='ltr'><strong>inquit,</strong></span> <span class='ocrx_word' id='word_1_297' title='bbox 997 3452 1059 3490; x_wconf 86' lang='lat' dir='ltr'><strong>mo-</strong></span> 
     </span>
     <span class='ocr_line' id='line_1_38' title="bbox 24 3516 1060 3599; baseline -0.007 -21"><span class='ocrx_word' id='word_1_298' title='bbox 24 3523 235 3598; x_wconf 77' lang='lat' dir='ltr'><strong>„guitudinem</strong></span> <span class='ocrx_word' id='word_1_299' title='bbox 248 3521 402 3599; x_wconf 72' lang='lat' dir='ltr'><strong>quaesitae</strong></span> <span class='ocrx_word' id='word_1_300' title='bbox 414 3520 624 3579; x_wconf 79' lang='lat' dir='ltr'><strong>dominationis</strong></span> <span class='ocrx_word' id='word_1_301' title='bbox 637 3524 780 3580; x_wconf 71' lang='lat' dir='ltr'><strong>continue</strong></span> <span class='ocrx_word' id='word_1_302' title='bbox 800 3523 990 3596; x_wconf 86' lang='lat' dir='ltr'><strong>possessione</strong></span> <span class='ocrx_word' id='word_1_303' title='bbox 1008 3516 1060 3572; x_wconf 84' lang='lat' dir='ltr'><strong>lir-</strong></span> 
     </span>
     <span class='ocr_line' id='line_1_39' title="bbox 24 3598 1060 3686; baseline -0.007 -26"><span class='ocrx_word' id='word_1_304' title='bbox 24 3608 141 3672; x_wconf 80' lang='lat' dir='ltr'><strong>„msrit</strong></span> <span class='ocrx_word' id='word_1_305' title='bbox 174 3606 308 3664; x_wconf 72' lang='lat' dir='ltr'><strong>Domitii</strong></span> <span class='ocrx_word' id='word_1_306' title='bbox 319 3609 417 3686; x_wconf 80' lang='lat' dir='ltr'><strong>igitur</strong></span> <span class='ocrx_word' id='word_1_307' title='bbox 429 3606 587 3680; x_wconf 84' lang='lat' dir='ltr'><strong>proximis,</strong></span> <span class='ocrx_word' id='word_1_308' title='bbox 614 3623 682 3662; x_wconf 78' lang='lat' dir='ltr'><strong>eum</strong></span> <span class='ocrx_word' id='word_1_309' title='bbox 694 3607 865 3662; x_wconf 86' lang='lat' dir='ltr'><strong>eooessione</strong></span> <span class='ocrx_word' id='word_1_310' title='bbox 877 3603 986 3658; x_wconf 84' lang='lat' dir='ltr'><strong>virium</strong></span> <span class='ocrx_word' id='word_1_311' title='bbox 998 3598 1060 3654; x_wconf 83' lang='lat' dir='ltr'><strong>ior-</strong></span> 
     </span>
     <span class='ocr_line' id='line_1_40' title="bbox 25 3683 1060 3764; baseline -0.003 -22"><span class='ocrx_word' id='word_1_312' title='bbox 25 3689 99 3756; x_wconf 87' lang='lat' dir='ltr'><strong>„tior</strong></span> <span class='ocrx_word' id='word_1_313' title='bbox 111 3689 150 3748; x_wconf 86' lang='lat' dir='ltr'><strong>sd</strong></span> <span class='ocrx_word' id='word_1_314' title='bbox 164 3691 243 3747; x_wconf 69' lang='lat' dir='ltr'><strong>dios</strong></span> <span class='ocrx_word' id='word_1_315' title='bbox 262 3687 423 3761; x_wconf 67' lang='lat' dir='ltr'><strong>minstret,</strong></span> <span class='ocrx_word' id='word_1_316' title='bbox 450 3697 481 3745; x_wconf 84' lang='lat' dir='ltr'><strong>et</strong></span> <span class='ocrx_word' id='word_1_317' title='bbox 496 3689 631 3764; x_wconf 81' lang='lat' dir='ltr'><strong>proxime</strong></span> <span class='ocrx_word' id='word_1_318' title='bbox 649 3705 783 3763; x_wconf 79' lang='lat' dir='ltr'><strong>quaeque</strong></span> <span class='ocrx_word' id='word_1_319' title='bbox 803 3685 928 3743; x_wconf 75' lang='lat' dir='ltr'><strong>victoris</strong></span> <span class='ocrx_word' id='word_1_320' title='bbox 948 3683 1060 3740; x_wconf 86' lang='lat' dir='ltr'><strong>instru-</strong></span> 
     </span>
     <span class='ocr_line' id='line_1_41' title="bbox 26 3766 1060 3849; baseline -0.007 -21"><span class='ocrx_word' id='word_1_321' title='bbox 26 3782 174 3837; x_wconf 71' lang='lat' dir='ltr'><strong>,mentum</strong></span> <span class='ocrx_word' id='word_1_322' title='bbox 199 3773 358 3849; x_wconf 77' lang='lat' dir='ltr'><strong>sequeutip</strong></span> <span class='ocrx_word' id='word_1_323' title='bbox 380 3781 469 3843; x_wconf 86' lang='lat' dir='ltr'><strong>esset,</strong></span> <span class='ocrx_word' id='word_1_324' title='bbox 495 3773 589 3828; x_wconf 87' lang='lat' dir='ltr'><strong>totius</strong></span> <span class='ocrx_word' id='word_1_325' title='bbox 608 3769 742 3827; x_wconf 87' lang='lat' dir='ltr'><strong>Orientis</strong></span> <span class='ocrx_word' id='word_1_326' title='bbox 763 3769 887 3844; x_wconf 88' lang='lat' dir='ltr'><strong>populos</strong></span> <span class='ocrx_word' id='word_1_327' title='bbox 912 3766 1060 3845; x_wconf 79' lang='lat' dir='ltr'><strong>subegie.“</strong></span> 
     </span>
     <span class='ocr_line' id='line_1_42' title="bbox 26 3841 1066 3930; baseline -0.012 -12"><span class='ocrx_word' id='word_1_328' title='bbox 26 3851 154 3918; x_wconf 68' lang='lat' dir='ltr'><strong>Qualibet</strong></span> <span class='ocrx_word' id='word_1_329' title='bbox 166 3866 274 3916; x_wconf 78' lang='lat' dir='ltr'><strong>sutem</strong></span> <span class='ocrx_word' id='word_1_330' title='bbox 288 3841 348 3911; x_wconf 77' lang='lat' dir='ltr'><strong>fide</strong></span> <span class='ocrx_word' id='word_1_331' title='bbox 360 3873 469 3926; x_wconf 82' lang='lat' dir='ltr'><strong>rerum,</strong></span> <span class='ocrx_word' id='word_1_332' title='bbox 481 3855 530 3911; x_wconf 81' lang='lat' dir='ltr'><strong>&#39;vel</strong></span> <span class='ocrx_word' id='word_1_333' title='bbox 542 3855 601 3910; x_wconf 87' lang='lat' dir='ltr'><strong>iste</strong></span> <span class='ocrx_word' id='word_1_334' title='bbox 613 3855 661 3909; x_wconf 81' lang='lat' dir='ltr'><strong>vel</strong></span> <span class='ocrx_word' id='word_1_335' title='bbox 674 3851 793 3930; x_wconf 72' lang='lat' dir='ltr'><strong>Trogus</strong></span> <span class='ocrx_word' id='word_1_336' title='bbox 806 3850 971 3922; x_wconf 74' lang='lat' dir='ltr'><strong>scripserit3</strong></span> <span class='ocrx_word' id='word_1_337' title='bbox 994 3867 1066 3906; x_wconf 68' lang='lat' dir='ltr'><strong>usus,</strong></span> 
     </span>
    </p>
   </div>
   <div class='ocr_carea' id='block_1_4' title="bbox 0 0 1300 4396">
    <p class='ocr_par' dir='ltr' id='par_1_5' title="bbox 0 0 1300 4396">
     <span class='ocr_line' id='line_1_43' title="bbox 0 0 1300 4396; baseline 0 0"><span class='ocrx_word' id='word_1_338' title='bbox 0 0 1300 4396; x_wconf 95' lang='lat' dir='ltr'><strong> </strong></span> 
     </span>
    </p>
   </div>
  </div>
 </body>
</html>
