2530 4392
171 235 225 293 DE
248 236 467 296 GlVl'l'ATE
490 238 577 297 Dan
596 240 675 298 LlB.
698 241 776 299 XX.
924 249 986 308 289

52 391 101 444 ium
114 398 153 445 est
164 392 354 462 resurrectio,
381 391 487 448 cedunt
499 403 597 450 sutem
610 403 640 450 et
653 396 785 468 annuae,
811 397 941 472 profecto
956 411 986 456 ct

52 491 84 528 ns
104 491 245 550 resurgere
265 474 460 533 confitendum
473 486 526 532 est.
566 477 650 545 Quod
662 488 759 534 cutem
772 499 836 537 cum
850 480 985 554 dixisset,

52 559 88 612 tio
99 557 216 614 soconda
225 574 303 614 mors
316 577 373 616 non
385 557 474 617 ltobet
479 570 659 638 potestatem
664 581 676 636 ,·
688 561 824 620 adiunxit
833 573 919 640 atque
932 569 987 637 eit,

52 650 125 697 erunt
134 642 293 699 sacerdotes
305 641 368 702 Dei
380 652 410 700 ei
425 642 548 714 Christi,
562 655 591 701 et
604 646 772 722 regnabunt
785 665 849 704 cum
863 667 895 706 eo
907 649 987 707 mille

52 741 73 779 s:
96 741 150 780 non
163 725 261 799 utique
275 725 311 781 de
324 727 394 782 solis
409 728 551 801 episcopis
566 737 596 783 ct
612 729 791 805 presbyteris
810 729 986 804 dictumest,

53 809 140 883 roprie
152 808 205 863 ianr
217 819 359 866 vocantur
371 811 402 865 in
415 807 549 866 Ecclesia
562 811 740 870 secerdotes:
768 814 819 870 sed
833 817 910 874 sieu‘t
923 834 985 873 om-

52 889 204 948 lhristianos
217 891 340 949 dicirnus
352 903 470 967 proptor
483 896 638 969 mysticum
651 894 791 970 chrisma,
819 901 862 956 sic
884 919 986 956 omnes

52 974 144 1046 dotes,
158 977 292 1050 quoniam
303 975 431 1033 membra
445 987 514 1034 sunt
525 979 612 1034 unius
626 981 796 1038 sacerdotis,
823 982 869 1040 De
882 983 986 1060 quibus

52 1061 116 1115 tolus
129 1057 241 1131 Petrus,
268 1057 364 1130 Plebs,
380 1062 490 1137 inquit,
511 1073 633 1132 sancto,
654 1065 757 1141 regale
778 1063 985 1124 sacerdotium.

55 1184 63 1215 ‚
88 1145 153 1200 licet
165 1143 290 1200 breviter
304 1154 390 1220 atque
404 1154 608 1217 transeunter,
634 1148 798 1205 insinuavit
809 1147 903 1206 Deum
924 1167 988 1205 esse

53 1237 125 1299 tum,
138 1226 274 1299 dicendo,
292 1225 468 1286 Sacerdotes
484 1227 543 1288 Dei
556 1239 586 1287 et
602 1227 732 1303 Christi,
746 1230 801 1288 lroe
816 1242 875 1304 est,
889 1232 986 1290 Patris

53 1312 88 1382 ii;
112 1312 246 1386 quumvis⁴
253 1321 371 1386 propter
389 1311 512 1368 formam
523 1315 622 1384 servi,
649 1315 726 1370 sicut
747 1315 827 1372 filius
849 1315 987 1386 hominis,

52 1396 103 1450 iam
116 1393 246 1451 sacerdos
261 1393 394 1452 Christus
408 1393 529 1454 effectus
543 1398 583 1453 sit
596 1400 627 1454 in
641 1407 807 1470 aeternum,
828 1399 987 1456 secundum

52 1498 92 1534 em
104 1477 300 1535 Melchisedec.
340 1478 385 1534 Dc
406 1497 463 1554 qus
482 1499 514 1535 re
532 1482 563 1536 in
576 1479 631 1538 lroc
646 1481 742 1556 Opere
756 1501 816 1539 non
834 1485 923 1538 semel
942 1484 986 1539 di-

52 1581 65 1618 ι.

355 1647 476 1705 CAP.
519 1647 587 1705 Xl.

52 1760 73 1812 g
83 1740 229 1814 efflngwg,
256 1759 303 1812 roos
313 1745 351 1796 cd
358 1746 564 1814 persequendam
569 1746 720 1800 Ecclesiam
726 1745 782 1800 Dei
792 1751 895 1800 solutus
902 1764 988 1818 prope

220 1762 306 1884 sptem
320 1816 422 1868 saeculi
436 1815 557 1869 diabolus
570 1815 707 1870 incitabit.

52 1902 372 1978 tcumfinitifuerint‚
394 1905 505 1980 inquit,
515 1907 598 1979 ¹atille
612 1911 698 1978 anni,
717 1908 847 1966 solvetur
860 1917 987 1964 satanas

52 1986 137 2043 *todia
151 2004 222 2056 ecc,
249 1997 278 2043 et
292 1987 385 2045 exibit
398 1989 440 2045 od
452 1990 633 2047 seducendos
647 1993 802 2060 notiones,
828 2009 904 2066 quoe
917 2001 987 2047 sunt

52 2080 133 2126 otuor
151 2070 271 2147 angulis
294 2081 413 2141 terroe,
444 2070 509 2148 Gog
522 2083 551 2128 et
564 2071 693 2149 Mogog,
719 2085 749 2129 et
768 2071 870 2129 troloet
890 2087 937 2130 eos
956 2075 987 2128 in

52 2173 72 2222 c,
87 2172 205 2230 quorum
217 2171 354 2211 numerus
366 2163 412 2212 est
424 2164 457 2210 ot
470 2174 564 2211 oceno
577 2158 679 2210 neoris.
706 2155 750 2211 Au
763 2153 817 2211 hoc
832 2173 904 2232 ergo
916 2164 988 2210 tunc

53 2246 89 2308 et,
115 2239 194 2295 utin
207 2236 264 2294 hoc
277 2238 385 2294 bellum
398 2235 503 2294 mahat.
544 2237 619 2294 Nam
633 2247 762 2301 etentes
775 2236 868 2294 modis
883 2238 987 2314 quibus

53 2332 77 2394 t,
103 2341 157 2398 per
169 2324 246 2378 nualc
259 2324 351 2378 multo
364 2331 395 2378 ct
412 2323 494 2378 veria
512 2321 678 2378 reducebat.
716 2321 821 2380 Exibit
834 2332 930 2378 cutem
944 2321 988 2378 di-

53 2416 102 2476 ist,
130 2408 162 2462 in
177 2415 307 2482 apertam
320 2407 555 2483 persecutionem
569 2405 604 2462 de
622 2407 743 2463 latebris
761 2415 892 2480 erumpet
906 2405 987 2462 odio-

58 2488 142 2546 Haec
157 2493 236 2546 enim
251 2491 308 2546 crit
326 2491 486 2547 novissima
502 2493 684 2565 persecutio,
711 2491 872 2547 novissimo
890 2491 986 2545 immi.-

54 2574 188 2645 iudicio,
216 2592 301 2650 quam
315 2583 417 2631 sancta
430 2572 563 2630 Ecclesia
575 2583 637 2630 toto
652 2583 797 2630 terrarum
811 2573 879 2629 orbe
892 2569 986 2646 pntiess

54 2660 161 2715 ,iversa
172 2659 288 2715 seilicet
300 2656 411 2715 Civitas
419 2655 528 2715 Christi
540 2655 576 2713 als
587 2655 986 2726 universaliaboliCiuitate,

55 2761 173 2817 cunque
188 2743 246 2800 erit
258 2749 382 2818 utraque
396 2750 613 2816 superterram.
659 2739 769 2798 Gentes
783 2740 887 2815 quippe
901 2741 986 2808 istae,

55 2828 159 2901 spellnt
174 2825 243 2904 Gog
257 2835 287 2882 et
301 2825 429 2904 Magog,
454 2843 514 2882 non
537 2826 579 2881 sic
604 2834 675 2882 sunt
696 2823 897 2899 accipiendae,
922 2832 988 2880 tan-

55 2913 112 2966 sint
137 2911 233 2987 aliqui
251 2912 283 2967 in
300 2911 399 2986 alique
417 2919 500 2986 parte
518 2918 664 2965 terrarum
683 2908 799 2965 barbari
823 2909 986 2977 constituti,

56 3012 89 3050 os
106 2993 230 3069 quidam
253 2996 439 3071 suspicantur
453 2993 542 3052 Getas
556 3003 585 3050 et
597 2993 796 3072 Massagetes,
819 3003 936 3068 propter
950 2992 986 3048 li·

56 3095 141 3134 srum
156 3079 311 3135 nominum
324 3081 448 3152 primus,
463 3079 525 3134 sive
538 3079 649 3154 aliquos
663 3079 736 3134 alios
750 3078 944 3155 alienigenas,
959 3087 988 3132 ct

56 3180 108 3218 sno
131 3163 203 3218 iu're
223 3163 380 3218 seiunctos.
424 3161 500 3217 Toto
514 3179 637 3236 nemque
651 3161 720 3217 orbe
733 3170 878 3216 terrerum
892 3162 986 3237 signi-

57 3255 113 3302 unt
136 3246 193 3302 isti
217 3263 299 3316 esse,
326 3263 392 3300 eum
410 3243 521 3299 dictum
540 3251 600 3298 cst:
627 3235 769 3299 Nationes
787 3262 861 3319 poce
874 3252 943 3297 sont
956 3244 987 3296 in

57 3350 63 3364 ·
87 3327 221 3405 angulis
244 3337 362 3384 terroe:
390 3344 499 3401 casque
520 3324 645 3381 subiecit
662 3342 726 3379 esse
744 3323 810 3398 Gog
824 3334 853 3381 et
866 3323 987 3398 Mogog.

57 3432 67 3467 1
94 3411 382 3487 interpretationem¹
398 3409 548 3483 nominum
568 3426 632 3464 esse
651 3407 842 3482 comperimus
857 3404 924 3482 Gog
943 3415 988 3461 te-

57 3495 182 3574 Magog
204 3495 352 3551 detecto:
378 3491 647 3568 tanquamdomus‚
675 3499 705 3546 et
718 3491 780 3564 ipse
794 3489 845 3564 qui
857 3487 988 3564 procedit

58 3599 81 3636 ι.
105 3579 230 3636 Gentes
245 3580 337 3656 igitur
350 3587 431 3649 sunt,
444 3577 476 3632 in
490 3575 593 3652 quibus
607 3573 753 3631 diabolum
765 3573 889 3628 velutin
902 3572 989 3649 abys-

58 3665 134 3719 :rius
162 3661 404 3740 intelligebamus
429 3661 587 3730 inclusum;
613 3668 642 3714 et
659 3659 721 3732 ipse
736 3656 772 3712 sle
786 3657 844 3711 illis
864 3655 988 3731 quodam

58 3766 101 3804 ise
118 3743 255 3804 efferens
270 3755 299 3803 et
312 3744 486 3820 procedens,
510 3753 544 3801 ut
567 3744 635 3799 illue
655 3742 716 3798 sint
729 3749 854 3813 tectum,
877 3741 939 3815 ipse
952 3741 988 3797 de

59 3832 85 3888 ii
101 3839 217 3888 autern
229 3840 386 3905 utrumque
397 3828 556 3886 reseremus
570 3825 606 3883 ad
620 3835 739 3904 gentes,
759 3843 819 3882 non
832 3844 923 3882 unum
934 3822 988 3880 lro-

60 3917 157 3986 illas,
184 3915 312 3971 alterum
323 3912 532 3972 antisticium:
560 3923 589 3968 et
603 3919 713 3968 tectum
727 3909 806 3985 ipsse
820 3919 904 3981 sunt,
921 3911 988 3985 quia

673 3992 698 4051 T
