2576 4396
202 213 266 269 294
430 203 528 263 ulvl
547 201 735 262 Avnunll
758 199 1015 262 AVGVSTINI

208 357 428 428 commendent,
443 374 476 412 ea
488 373 557 412 vere
570 357 604 413 ab
619 357 660 412 eis
673 357 722 414 vel
733 375 785 431 per
800 373 865 425 ees,
880 355 929 429 qni
942 371 996 410 nos
1009 353 1170 412 seeundum
1184 377 1234 413 ve-

206 447 322 500 ritatem
334 443 531 517 pietatemque
545 439 689 518 diligunt,
707 440 785 509 fieri,
807 441 871 514 ipso
886 437 950 494 Deo
965 439 1069 494 inillis
1084 450 1234 512 operante,

208 527 382 584 eredendum
395 533 449 580 est.
492 521 593 598 Neque
607 524 685 578 enim
699 523 835 580 audiendi
852 531 934 594 sunt,
960 523 1010 597 qui
1023 520 1117 578 Deum
1130 523 1235 580 invisi-

205 612 293 667 bilem
305 609 432 666 visibilia
444 608 585 662 miraeula
598 609 712 680 operari
725 615 849 684 negant3
873 607 1014 679 cumipse
1028 607 1115 662 etiam
1128 625 1235 663 seeun-

207 695 301 750 dum'
293 711 372 768 ipses
391 692 497 748 feeerit
514 691 669 762 mundum,
696 709 780 766 quem
800 700 878 746 eerte
895 689 1040 746 visibilem
1052 708 1161 768 negare
1175 710 1235 747 non

205 785 339 856 possunt.
382 773 546 849 Quicquid'
538 775 773 852 rgiturmirabile
787 773 845 830 fit·
837 793 868 830 ιιι
886 771 941 829 hoe
954 771 1077 844 mundo,
1103 774 1234 848 profecto

205 863 303 916 minus
322 868 366 914 est
383 876 469 932 quam
486 867 563 914 tetus
583 855 630 912 hie
647 856 786 929 mundus,
814 858 845 913 id
858 865 918 928 est,
946 857 1058 912 eoelum
1072 865 1101 912 et
1113 867 1193 913 terra
1207 867 1236 914 et

207 945 307 999 omnia
323 961 401 1042 quae
419 943 451 997 in
469 943 511 996 eis
532 949 620 1012 sunt,
648 959 720 1016 quae
734 950 812 996 certe
824 940 903 998 Deus
917 940 997 996 feeit.
1041 938 1125 997 Siout
1137 949 1236 997 autem

207 1029 269 1102 ipse
283 1045 332 1102 qur
323 1027 430 1096 feeit,
450 1027 492 1080 itu
504 1024 606 1084 modus
620 1043 676 1100 quo
689 1024 759 1080 feeit
771 1027 901 1081 occultus
915 1033 960 1080 est
973 1032 1002 1078 et
1014 1022 1235 1098 incompreben-

189 1106 300 1166 ’sibilis
313 1109 434 1166 homini.
478 1109 615 1175 Quanrvis
632 1110 729 1184 itaque
742 1110 881 1164 miracula
894 1108 1054 1166 visibilium
1066 1117 1237 1164 naturarum

206 1193 325 1250 videndi
338 1191 511 1250 assiduitate
524 1193 679 1264 viluerint3
692 1201 791 1250 tamen
801 1212 865 1249 eum
876 1212 910 1249 ea
919 1193 1065 1266 sapienter
1076 1193 1236 1263 intuemur,

207 1277 442 1334 inusitatissimis
455 1277 674 1351 rarissimisque
685 1279 797 1332 maiora
811 1285 888 1332 sunt.
924 1275 1000 1332 Nam
1013 1285 1043 1331 et
1056 1277 1134 1331 omni
1145 1277 1235 1331 mira-

208 1363 273 1416 eulo
288 1359 364 1436 quod
376 1361 410 1416 fit
422 1379 474 1435 per
486 1358 649 1432 hominem,
673 1362 766 1416 maius
779 1362 950 1416 ndraeulum
963 1369 1008 1415 est
1020 1357 1115 1415 bomo.
1157 1359 1237 1424 Qua-

207 1443 412 1519 propterDeus
427 1461 477 1518 qur
468 1444 561 1500 feeit
573 1445 701 1500 visibilia
715 1445 828 1500 eoelum
841 1453 871 1499 et
884 1454 1006 1515 terram,
1019 1461 1080 1500 non
1095 1441 1237 1520 dedigna-

207 1537 258 1584 tur
271 1528 367 1582 faeere
380 1527 508 1584 visibilia
519 1529 680 1584 miracula
672 1547 703 1582 ιιι
718 1529 798 1583 eoelu
811 1529 880 1584 vel'
872 1547 903 1582 ιιι
917 1535 1011 1598 terra,
1037 1526 1164 1606 quibus
1155 1526 1191 1582 ad
1205 1545 1236 1581 se

207 1611 384 1667 invisibilem
398 1611 549 1666 colendum
561 1612 672 1666 exeitet
681 1611 807 1666 animam
819 1609 911 1666 adhue
923 1609 1085 1667 visibilibus
1096 1594 1237 1666 deditam·

208 1695 259 1750 ubi
270 1713 340 1750 vero
351 1704 381 1749 et
390 1695 503 1769 quondo
514 1693 613 1763 faeiat,
628 1694 860 1749 incommutabile
874 1696 1029 1751 eonsilium
1040 1711 1129 1768 penes
1143 1694 1239 1768 ipsunt

210 1788 268 1850 est,
294 1779 326 1834 in
345 1780 428 1834 euius
449 1777 639 1850 dispositione
656 1778 716 1832 iam
727 1786 858 1852 tempora
870 1777 947 1834 faeta
961 1786 1031 1834 sunt
1050 1795 1239 1854 quaeeunque

209 1861 397 1918 futurasunt.
434 1859 692 1934 Nam'temporalia
703 1877 842 1932 movens,
855 1861 1053 1936 temporaliter
1065 1879 1127 1916 non
1139 1880 1238 1917 meve-

210 1956 273 2017 tur3
299 1961 354 2002 nee
372 1946 457 2001 aliter
475 1945 558 2000 novit
571 1943 720 2016 facienda,
732 1973 734 1977 v
746 1963 834 2020 quam
846 1945 940 2017 faeta3
968 1964 1023 2001 nee
1045 1945 1131 2000 aliter
1152 1947 1238 2001 inve-

208 2039 310 2086 eantes
324 2028 459 2098 exaudit,
486 2029 772 2102 quaminvoeaturos
786 2027 876 2086 videt.
919 2027 994 2085 Nam
1014 2037 1043 2084 et
1060 2046 1128 2083 eum
1146 2046 1237 2084 exau-

210 2113 296 2170 diunt
308 2113 417 2190 Angeli
429 2113 508 2182 eius,
532 2113 639 2186 ipsein
652 2114 694 2168 eis
708 2112 843 2183 exaudit,
868 2122 1008 2188 tanquam
1019 2113 1051 2168 in
1063 2130 1151 2184 vero,
1178 2131 1239 2168 non

209 2196 376 2252 manufacto
390 2196 498 2266 templu
512 2199 580 2266 suo,
608 2197 686 2252 sieut
697 2198 729 2254 in
744 2197 877 2252 omnibus
891 2198 1000 2252 sanetis
1013 2198 1090 2268 suis3
1117 2197 1241 2272 eiusque

209 2280 408 2352 temperaliter
419 2276 494 2332 fiunt
506 2279 603 2348 iussa,
621 2288 743 2336 aeterna
756 2281 817 2336 eius
830 2282 895 2358 lege
910 2289 1073 2354 conspeetu.

904 2351 940 2437 (i
951 2364 991 2419 al.
1008 2361 1090 2419 ΟΑΡ.
1106 2360 1201 2440 XII.)

581 2443 704 2502 CAP.
746 2443 867 2501 XIII.

210 2537 253 2592 De
262 2531 392 2592 invisibili
401 2537 475 2606 Deo,
495 2541 542 2610 qui
555 2559 582 2594 se
596 2539 725 2594 visibilem
740 2557 818 2611 saepe
829 2541 1016 2610 praestiterit,
1035 2559 1087 2596 aaa
1097 2545 1245 2598 secundum

321 2611 392 2677 quod
402 2614 454 2676 etl,
474 2614 522 2664 ted
529 2614 671 2665 seeuadum
682 2612 972 2684 quodpoterantferre
983 2623 1128 2666 ιιιιιιιιιιι.

271 2699 334 2757 Νιι
346 2719 462 2759 movere
477 2701 578 2776 debet,
601 2703 678 2779 quod
691 2721 757 2760 eum
770 2703 810 2757 sit
821 2703 996 2775 invisibills,
1016 2719 1103 2776 saepe
1115 2703 1244 2760 visibili-

210 2793 257 2840 ter
269 2783 404 2841 Patribus
418 2787 586 2859 apparuisse
599 2794 785 2842 memoratur.
822 2785 908 2842 Sient
921 2789 1000 2844 enim
1012 2805 1100 2842 sonus
1113 2805 1171 2862 que
1188 2807 1244 2844 au·
1278 2853 1279 2856 Ἰ

212 2867 292 2922 ditur
317 2870 464 2924 sententia
481 2871 513 2925 in
537 2871 656 2925 silentio
677 2866 891 2946 intelligentiae
918 2872 1093 2942 constituta,
1119 2889 1181 2926 non
1198 2883 1247 2928 est

210 2948 266 3004 boe
286 2949 361 3024 qnod
377 2952 455 3024 ipsa:
483 2953 526 3007 iee
539 2961 569 3008 et
582 2955 693 3027 speeies
708 2969 765 3028 qna
776 2954 859 3009 visus
874 2963 919 3010 est
931 2954 1013 3011 Deus
1027 2955 1060 3010 in
1072 2963 1179 3010 natura
1192 2957 1244 3012 in-

209 3033 323 3090 visibili
336 3035 528 3107 constitutus,
554 3055 615 3092 non
629 3045 692 3092 erat
705 3035 782 3112 quod
795 3038 867 3110 ipse.
910 3036 1117 3094 Verumtamen
1130 3039 1195 3113 ipae
1210 3041 1246 3096 in

212 3115 313 3174 eadem
331 3117 426 3190 speeie
445 3122 588 3193 corporali
605 3121 772 3192 videbatur,
799 3123 877 3177 sieut
893 3122 944 3177 illa
962 3123 1111 3178 sententia
1130 3123 1197 3196 ipsa
1211 3125 1246 3179 in

210 3217 285 3256 sono
298 3201 380 3256 vocis
395 3200 526 3260 auditur:
552 3223 608 3260 nee
626 3207 671 3260 illi
689 3204 880 3284 ignorabant,
906 3205 1085 3263 invisibilem
1097 3204 1199 3262 Deum
1211 3210 1247 3263 iu

211 3285 307 3358 speeie
321 3287 481 3359 corporali,
509 3289 584 3362 qnod
601 3291 742 3363 ipsenea
762 3297 839 3359 emt,
864 3307 899 3346 se
912 3289 1023 3346 videre.
1063 3288 1140 3346 Nom
1154 3293 1246 3347 etlo-

210 3369 352 3443 quebatur
364 3388 430 3436 eum
442 3372 580 3445 loquente
593 3373 720 3449 Moyses,
734 3380 764 3426 et
776 3373 804 3426 ei
816 3381 915 3429 tamen
927 3373 1054 3430 dicebat:
1078 3371 1115 3430 Si
1141 3375 1249 3432 inveni
1278 3365 1279 3368 ¹

207 3455 342 3528 gratiam
354 3464 425 3512 ante
437 3462 467 3512 te
474 3491 483 3525 ‚
498 3459 619 3516 ostendo
631 3457 703 3514 mibi
716 3457 917 3534 temetipsum,
938 3459 1067 3516 scienter
1077 3468 1111 3514 ut
1123 3459 1248 3516 uideam

208 3536 453 3616 ee.0um'1gitnr
466 3550 617 3614 oporteret
626 3541 684 3598 Dal
693 3541 809 3638 legera'
800 3558 833 3596 ιιι
845 3539 950 3596 edretrs
956 3541 1135 3620 Angelorum
1151 3545 1247 3598 terri-

210 3619 310 3676 biliter
322 3621 402 3694 dari,
427 3639 488 3680 nan
502 3626 555 3682 uni
567 3623 679 3680 homini
690 3625 828 3699 paucisve
841 3625 1039 3697 sapientibus,
1054 3623 1106 3680 sed
1118 3627 1249 3682 univer·

212 3718 261 3758 sae
275 3707 358 3780 genti
371 3715 402 3760 at
410 3710 542 3789 popule
533 3709 664 3786 ingenti,
690 3723 788 3764 eoram
802 3703 904 3762 eodem
920 3711 1027 3784 populo
1040 3724 1158 3785 magna
1163 3707 1250 3766 laeta

211 3788 326 3844 suntin
338 3797 453 3858 mente,
477 3791 528 3845 ubi
541 3793 590 3846 lex
602 3809 758 3864 perunum
771 3790 907 3862 dabatur,
925 3793 1125 3866 eonspieiante
1138 3794 1251 3851 multi·

210 3867 314 3925 tudine
326 3871 480 3928 metuenda
492 3888 525 3928 ue
539 3873 687 3932 ueniendo
700 3892 774 3952 quae
787 3873 905 3934 fiebant
944 3876 1011 3937 Non
1024 3876 1102 3934 enirn
1114 3877 1249 3952 popalus
