2538 4392
254 222 315 282 DE
339 223 555 290 crvlrstss
577 229 659 291 DEI
686 233 767 296 LlB.
789 236 901 304 xvir.
1040 257 1097 314 161

44 377 126 447 rivi,
141 375 600 443 et·d0distts·etttmanmear0.
626 386 712 454 Quod
724 385 876 467 exponens
890 400 945 458 ait:
973 391 1098 473 Quaado

1 486 5 510 υ
43 462 108 520 ussi
118 479 159 518 ιι
171 461 301 518 minimis
314 463 385 520 meis
390 463 530 539 feristis,
543 467 757 540 mihifeeistie.
774 474 814 534 Se
828 479 928 556 itaque
943 481 1019 543 dixit
1031 507 1097 564 spe-

1 569 3 601 ι
40 562 148 614 rasse,
166 543 244 620 quod
257 552 328 601 tune
342 559 532 620 speraverant
544 550 580 608 de
593 551 665 610 luda
678 555 815 635 discipuli
830 563 903 635 eius,
922 570 1038 642 quando
1051 585 1096 631 est

1 679 2 682 ,
41 636 285 686 connumeratus
298 628 453 704 Apostolis.

115 710 219 768 Iudaei
233 720 332 768 autem
346 711 511 790 Christum,
525 736 612 794 quem
624 735 753 798 sperant,
766 731 943 790 moriturum
955 753 1021 792 esse
1035 755 1096 796 non

39 804 185 872 sperant.
231 792 300 852 Ideo
319 814 407 872 quem
423 797 487 857 Lex
505 811 535 858 et
551 801 715 880 Prophetae
743 817 1013 892 aununtiaverunt,
1040 839 1095 879 no-

39 890 150 936 strum
164 895 228 934 esse
242 897 303 936 non
318 889 438 955 putent3
452 885 504 944 sed
517 890 618 945 neseio
636 907 723 967 quem
737 911 837 969 suum,
853 917 939 974 quem
952 903 1008 958 sihi
1021 905 1094 962 ulie-

37 983 122 1021 num
150 979 169 1018 a
194 963 297 1018 mortis
323 966 462 1038 passione
489 969 672 1052 confingunt.
722 975 791 1035 ldeo
813 983 941 1041 mirabili
964 989 1095 1044 vanitate

36 1058 142 1122 atque
157 1046 300 1102 coecitate
312 1049 403 1106 verbu
417 1068 492 1126 quae
510 1058 678 1129 posuimus,
705 1077 766 1118 non
779 1073 902 1123 mortem
917 1077 948 1125 et
959 1087 1094 1127 resurre-

36 1133 201 1200 ctionem,
213 1129 265 1186 sed
278 1147 411 1190 somnum
422 1143 453 1190 et
467 1137 687 1214 evigilationem
701 1145 869 1222 significare
899 1152 1092 1211 contendunt.

35 1214 108 1274 Sed
127 1215 237 1270 elamet
254 1214 298 1269 eis
317 1217 406 1273 etism
424 1216 556 1277 Psulmus
575 1225 857 1298 quintusdecimus:
885 1231 1015 1312 Propter
1039 1236 1095 1294 hoe

33 1298 243 1358 iocundutum
255 1307 301 1354 eet
313 1318 364 1356 our
376 1319 483 1388 meum,
498 1313 529 1361 et
541 1308 706 1367 exsultavit
719 1310 824 1390 lingua
834 1333 899 1373 meu
906 1355 916 1388 ,
928 1319 1051 1395 iusuper
1064 1331 1095 1377 et

32 1400 119 1440 euro
132 1399 202 1437 mea
219 1383 386 1457 requiescet
399 1387 430 1442 in
444 1403 515 1464 spe:
540 1391 676 1464 quoniam
695 1413 753 1450 non
766 1397 951 1476 derelinques
963 1403 1094 1460 unimam

29 1483 142 1523 measa
167 1465 199 1519 in
217 1463 353 1536 inferno,
377 1487 432 1524 nee
450 1470 536 1527 dubia
556 1484 692 1532 sanetum
710 1487 791 1534 tuum
807 1482 909 1540 videre
923 1487 1093 1562 corruptio·

28 1568 120 1607 nem.
168 1547 243 1613 Quis
254 1547 288 1602 in
300 1567 335 1606 eu
347 1568 398 1624 spe
409 1549 536 1624 diceret,
550 1559 732 1630 requievisse
746 1579 865 1621 earnem
876 1583 971 1638 suam,
985 1576 1093 1626 utnon

29 1631 191 1690 derelicto
203 1631 301 1687 eninm
313 1650 367 1689 sua
379 1633 410 1689 in
428 1635 562 1708 inferno,
585 1639 638 1695 sed
656 1643 715 1699 eito
729 1643 766 1699 ad
780 1663 845 1702 eam
857 1647 1000 1706 redeunte
1012 1653 1092 1708 revi-

26 1719 194 1785 visceret,
222 1731 260 1769 ne
288 1727 541 1792 corrumperetur,
568 1721 645 1779 sieut
658 1725 801 1784 cadevera
815 1734 964 1808 eorrumpi
984 1735 1092 1805 solent,

25 1801 100 1856 nisi
116 1797 173 1872 qui
191 1797 239 1854 die
259 1801 348 1854 tertio
366 1799 549 1858 resurrexiti
571 1805 657 1872 Quod
669 1811 770 1885 utique
783 1810 882 1871 disere
894 1833 955 1873 non
968 1827 1094 1892 possunt

24 1885 70 1940 de
78 1879 234 1958 prophete
241 1890 270 1936 et
277 1899 348 1960 rege
356 1881 462 1940 David.
478 1885 592 1944 Clamat
601 1898 631 1944 et
643 1896 844 1970 sexagesimus
860 1899 1092 1974 septimusPsel-

22 1985 121 2026 mus:
151 1961 240 2022 Deus
254 1975 355 2024 noster
370 1964 454 2024 Deus
470 1969 571 2026 saluus
578 1972 733 2045 faciendi,
747 1987 777 2034 et
790 1977 912 2038 Domini
925 1980 1090 2060 [,Domiai]

20 2053 146 2111 exitus
162 2049 277 2104 morsis.
321 2049 397 2116 Quid
410 2053 539 2124 apertius
554 2052 720 2112 dicereturi
744 2057 827 2116 Deus
842 2065 921 2120 enim
934 2067 1031 2121 salvos
1046 2067 1091 2123 lu·

19 2132 143 2192 ciendi
157 2129 304 2188 Dominus
318 2142 364 2188 est
375 2131 470 2204 lesus,
484 2134 561 2212 quod
573 2137 784 2214 interpretatur
797 2140 944 2218 Salvator,
958 2149 1021 2204 sire
1035 2147 1091 2205 Sa-

17 2217 163 2276 lutaris.
207 2212 283 2272 Nam
304 2217 380 2272 ratio
403 2218 531 2274 numinis
552 2213 641 2276 huim
660 2219 733 2278 haee
752 2223 866 2284 reddita
886 2239 947 2300 ιιι,
975 2229 1091 2306 quando

14 2303 122 2379 prius
143 2316 235 2374 quam
254 2316 293 2354 ex
311 2300 429 2376 virgine
447 2311 621 2360 nasceretur
642 2303 828 2366 dictumest:
854 2308 962 2369 Parios
977 2313 1089 2385 filium,

16 2398 58 2444 et
76 2381 211 2441 vocabis
223 2399 325 2440 nomeu
339 2385 402 2442 eius
415 2380 522 2442 Iesum.
544 2383 615 2464 Ipse
628 2390 704 2456 esim
715 2391 828 2448 saluum
834 2395 1091 2474 fauietpopulum

12 2485 126 2528 suum
148 2483 172 2522 a
183 2468 323 2542 peccatis
342 2485 449 2524 eurum.
493 2467 528 2524 ln
541 2487 665 2544 quorum
680 2484 869 2546 peccatorum
883 2481 1091 2536 remissionem

12 2551 187 2630 quoniam
205 2550 325 2626 sanguis
346 2551 408 2607 eius
431 2546 540 2608 effusus
558 2562 616 2623 est,
642 2573 703 2610 nou
713 2557 816 2631 utique
829 2563 961 2634 oportuit
975 2579 1041 2617 eum
1055 2561 1091 2618 de

5 2639 90 2696 hae
106 2633 179 2691 vitu
192 2633 291 2688 exitus
305 2635 378 2690 alios
391 2631 499 2690 hebere
520 2653 608 2711 quom
625 2639 739 2694 mortis.
782 2639 851 2698 ldeo
872 2661 961 2718 quum
979 2645 1090 2702 dietum

7 2727 136 2788 esset,
152 2713 239 2772 Deus
251 2726 353 2774 aester
364 2713 447 2774 Deus
460 2717 727 2794 saluosfaeiendi,
746 2726 887 2782 eentirum
901 2726 1090 2784 subiunctum

7 2813 97 2873 est,
112 2800 161 2858 Et
174 2797 299 2856 Domini
310 2801 409 2857 exitus
418 2803 542 2872 mortis‚·
558 2812 592 2860 ut
605 2803 812 2864 ostenderetur
824 2809 976 2866 moriende
990 2813 1088 2870 salros

10 2905 103 2946 Ιιιι
118 2882 266 2938 facturus.
288 2881 348 2940 Sed
360 2883 494 2942 mirande
508 2885 620 2944 dietum
638 2897 699 2960 est,
728 2889 771 2948 Ει
783 2889 922 2950 Domini:
947 2903 1089 2974 tunquam

7 3000 16 3026 ι
30 2975 206 3036 iceretur,
233 2963 314 3022 Telis
333 2975 378 3024 est
394 2969 453 3026 ista
466 2971 527 3027 vita
539 2972 723 3045 mortalium,
750 2984 784 3033 ut
796 2994 851 3033 neu
864 2977 927 3052 ipse
940 2977 1087 3038 Dominus

0 3088 9 3111 ι
23 3059 127 3116 liter
141 3048 180 3106 ab
194 3049 246 3104 ille
260 3050 369 3123 exiret,
381 3053 441 3110 nisi
453 3072 505 3128 per
518 3065 653 3114 mortem.
1079 3077 1082 3084 '

424 3201 547 3262 csP.
590 3203 705 3265 XIX.

0 3317 24 3359 Ι
39 3326 65 3362 e
84 3302 210 3358 Psalmo
225 3299 390 3370 sexagesimo
407 3300 637 3424 oetpumdiaupue
651 3303 813 3356 ludaeorum
824 3303 958 3374 pertines
973 3306 1088 3376 infideli-

467 3386 497 3422 us
531 3386 559 3424 et
588 3380 678 3428 ratur.

98 3473 169 3536 Sed
181 3484 215 3530 ut
227 3474 328 3532 ludaei
346 3484 414 3534 tam:
424 3475 589 3532 manifestis
607 3477 695 3535 huius
716 3475 888 3552 prophetiae
900 3467 1087 3547 testimoniis,

1 3572 130 3632 ,tiam
145 3557 237 3614 rebus
251 3559 287 3616 ad
299 3555 436 3615 effectum
449 3567 509 3616 tam
522 3562 632 3616 elerum
652 3568 821 3635 sertumque
833 3559 996 3634 perduetis,
1024 3577 1088 3616 om·

8 3662 111 3716 ino
126 3659 192 3700 uon
207 3641 313 3698 cedant
325 3637 488 3717 [eredenth
502 3643 634 3718 profesto
648 3645 681 3700 in
696 3639 825 3700 eisillud
838 3644 994 3718 impletur,
1009 3643 1089 3718 quod

71 3745 128 3788 eo
141 3723 263 3782 Psalmo
280 3723 425 3801 qui'huue
442 3727 575 3802 sequitur
592 3729 733 3804 seriptum
751 3735 804 3782 est.
849 3726 944 3794 Quum
963 3725 1041 3782 enim
1060 3735 1090 3783 et

27 3824 93 3882 io
116 3826 159 3866 ex
172 3825 301 3882 persona
313 3807 441 3881 Christi,
455 3827 529 3885 quae
542 3809 578 3866 ad
592 3812 655 3867 eius
668 3811 834 3886 passionem
845 3809 1006 3885 pertinent,
1020 3825 1088 3884 pre-

42 3895 162 3962 etioe
174 3890 363 3966 dicerentur,
377 3903 633 3952 commemoratum
647 3903 708 3966 est,
727 3893 804 3969 quod
814 3894 846 3951 in
858 3892 1023 3976 Evangelio
1036 3909 1089 3969 pa·

34 3975 127 4052 Il·
773 3975 796 4035 L
