2602 4416
264 205 329 264 DE
367 203 586 264 ClVlTATE
622 207 705 268 DEl
738 211 817 270 ΗΒ.
851 213 874 271 1.
1052 225 1089 279 17

105 357 222 416 Rident
240 357 317 414 hacc
342 357 405 428 illi,
439 365 544 413 contra
563 375 637 433 quos
667 360 881 424 defendendam
904 371 1087 445 suscepimus

54 441 207 498 Civitatem
222 441 292 498 Dei.
337 437 550 498 Verumtamen
563 443 733 516 sepulturae
751 465 853 504 curam
872 451 960 507 etiam
984 471 1087 512 eorum

50 524 213 600 philosophi
243 532 482 582 contemserunt:
512 532 542 578 et
567 542 653 599 saepe
672 528 809 585 universi
830 534 996 606 exercitus,
1018 535 1087 594 dum

49 627 94 682 pro
109 619 238 664 terrena
250 610 349 682 patria
361 615 567 679 morerentur,
589 609 641 664 ubi
652 619 756 683 postea
775 613 926 686 iacerent,
953 619 1000 672 vel
1020 621 1086 692 qui-

50 693 96 747 bus
108 693 217 747 bestiis
233 709 303 746 esca
316 691 437 761 fierent,
456 709 518 747 non
531 702 720 750 curaverunt.
763 694 922 773 Licuitque
936 697 972 756 de
986 698 1041 756 hac
1054 719 1087 758 re

48 777 138 847 poetis
150 774 353 848 plausibiliter
367 773 479 830 dicere:

105 857 197 914 Coelo
213 859 348 936 tegitur,
372 858 425 932 qni
438 855 600 914 nonhabet
619 875 733 917 urnam.

49 941 162 1006 Quanto
176 942 280 997 minus
295 940 405 997 debent
418 939 454 996 de
467 942 639 1016 corporibus
657 944 813 1019 insepultis
832 947 977 1004 insultare
996 947 1083 1006 Chri·

49 1025 165 1094 stianis,
193 1025 304 1100 quibus
319 1033 352 1079 et
365 1025 459 1098 ipsius
474 1026 572 1080 carnis
586 1034 618 1082 et
629 1028 827 1086 membrorum
842 1031 974 1086 omniurn
986 1032 1083 1088 refora

49 1109 133 1162 matio
147 1126 211 1164 non
227 1109 328 1164 solum
342 1116 489 1179 exterra,
508 1125 612 1166 verum
625 1110 715 1166 etiam
726 1129 764 1166 ex
779 1113 906 1169 aliorum
919 1115 1082 1170 elemento-

49 1206 109 1245 rum
122 1192 328 1246 secretissimo
350 1192 438 1262 sinu,
461 1208 519 1265 quo
533 1189 645 1266 dilapsa
659 1192 802 1251 cadevera
820 1205 1026 1268 recesserunt,
1050 1199 1083 1254 in

50 1275 184 1347 temporis
210 1283 327 1348 puncto
347 1273 497 1330 reddenda
523 1282 553 1330 et
572 1274 803 1354 redintegranda
816 1275 1018 1352 promittituri

419 1421 538 1480 CAP.
586 1422 708 1482 Xlll.

223 1517 304 1582 Quae
315 1518 354 1570 sit
363 1517 437 1571 ratio
447 1527 603 1572 sauctorum
618 1535 734 1588 corpora
746 1519 899 1589 sepeliendi.

107 1602 169 1662 Nee
181 1605 249 1663 ideo
264 1616 366 1664 tamen
387 1609 603 1666 contemnenda
629 1617 659 1668 et
679 1608 844 1666 abiicienda
864 1618 936 1666 sunt
956 1626 1083 1683 corpora

47 1687 267 1761 defunctorum,
295 1692 484 1765 maximeque
507 1693 656 1748 iustorum
681 1701 770 1768 atque
795 1691 941 1763 fidelium,
975 1695 1082 1768 quibus

46 1781 179 1847 tanquam
195 1775 322 1850 organis
337 1783 369 1830 et
380 1775 461 1830 vasis
484 1773 634 1830 adomnia
652 1775 731 1831 bona
754 1792 844 1849 opera
867 1783 990 1832 sanctus
1008 1793 1082 1832 usus

46 1865 85 1910 est
97 1855 241 1929 Spiritus.
280 1855 316 1914 Si
330 1859 410 1913 enim
432 1863 556 1929 paterna
578 1859 671 1913 vesti's
695 1866 726 1914 et
748 1859 889 1929 annulus,
914 1876 951 1914 ee
965 1859 992 1914 si
1011 1858 1083 1932 quid

45 1936 224 2011 huiusmodi,
252 1947 338 1996 tanto
361 1941 461 1996 carius
482 1948 528 1996 est
545 1941 691 2014 posteris,
718 1949 829 2015 quanto
849 1958 921 2018 erga
942 1951 1081 2014 parentes

46 2024 132 2077 maior
157 2019 305 2093 affectus3
336 2024 421 2080 nullo
446 2021 534 2078 modo
563 2025 629 2096 ipsa
654 2022 820 2096 spernenda
846 2033 919 2080 sunt
945 2041 1081 2096 corpora,

46 2123 111 2178 quae
142 2106 252 2180 utique
281 2107 375 2162 multo
409 2105 585 2163 familiarius
612 2113 702 2180 atque
736 2107 955 2176 coniunctius,
994 2123 1082 2180 quarn

47 2188 186 2260 quaelibet
204 2187 386 2244 indumento
402 2196 563 2266 gestamus.
607 2187 691 2246 Haec
709 2190 789 2246 enim
805 2206 868 2245 nen
885 2187 923 2243 ad
942 2197 1081 2246 ornatum

48 2272 85 2326 sel
97 2271 297 2342 adiutorium,
319 2271 399 2346 quod
410 2269 566 2329 adhibetur
580 2273 780 2344 extrinsecus,
804 2270 856 2328 sed
869 2270 907 2328 ad
919 2272 1014 2346 ipsam
1026 2290 1080 2328 na-

47 2363 133 2410 turam
144 2352 280 2410 bominis
295 2356 457 2427 pertinent.
500 2352 584 2411 Vnde
598 2364 629 2412 et
651 2357 842 2430 antiquorum
866 2355 1014 2412 iustorum
1031 2353 1079 2410 fu-

47 2454 109 2492 nera
123 2435 260 2492 officiosa
273 2438 387 2510 pietate
400 2445 504 2494 curata
517 2447 605 2509 sunt,
632 2446 663 2494 et
685 2439 830 2513 exequiae
844 2438 1024 2507 celebratae,
1051 2446 1081 2492 et

48 2522 194 2592 sepultura
212 2521 353 2592 provisa:
380 2522 497 2595 ipsique
511 2519 581 2578 dum
592 2522 739 2592 viverent,
766 2519 802 2575 dc
816 2519 1006 2592 sepeliendis,
1031 2521 1080 2575 vel

47 2604 130 2658 etiam
141 2602 363 2660 transferendis
376 2605 438 2660 suis
453 2605 627 2676 corporibus
640 2603 710 2658 filiis
723 2601 959 2669 mandaverunt,
973 2608 1003 2654 et
1018 2599 1079 2656 To·

48 2686 105 2739 uias
132 2686 303 2756 sepeliendo
330 2695 466 2742 mortuos
492 2685 593 2740 Deum
617 2683 840 2756 promeruisse,
867 2689 945 2735 teste
966 2680 1082 2757 Angelo

47 2765 273 2825 commendatur.
319 2766 387 2842 lpse
413 2785 531 2844 quoque
554 2766 703 2824 Dominus
729 2763 777 2820 die
790 2764 880 2820 tertio
893 2772 1081 2820 resurrectu-

48 2867 108 2919 rus,
134 2849 294 2928 religiosae
318 2853 453 2909 mulieris
479 2852 592 2908 bonurn
614 2867 689 2923 opus
715 2847 880 2922 praedicat,
905 2845 1081 2921 praedicau-

48 2931 169 3007 dumque
183 2933 389 3006 commendat,
417 2933 498 3010 quod
508 2942 697 3012 unguentum
709 2933 877 3006 preciosum
890 2947 979 3004 snper
989 2949 1080 2986 menr-

47 3015 91 3070 bra
105 3018 171 3072 eius
190 3013 347 3088 effuderit,
372 3027 461 3093 atque
473 3015 532 3074 hoe
546 3016 584 3072 ad
599 3035 667 3072 eum
680 3013 882 3088 sepeliendum
896 3013 1010 3070 fecerit.
1041 3011 1082 3069 Et

46 3098 231 3155 laudabiliter
244 3109 514 3157 commemorantur
527 3102 559 3156 in
572 3099 754 3176 Evangelio,
781 3098 833 3173 qui
846 3114 953 3169 corpus
967 3098 1032 3152 eius
1046 3094 1082 3150 de
1155 3093 1158 3098 ’

46 3200 130 3238 cruce
144 3192 304 3256 acceptum
323 3183 484 3261 diligenter
509 3192 598 3258 atque
623 3180 787 3237 honorifice
812 3179 972 3257 tegendum
997 3195 1081 3252 sepe-

45 3265 233 3342 liendumque
248 3275 404 3323 curarunt.
447 3265 560 3322 Verum
571 3267 648 3321 istae
666 3265 861 3320 auctoritates
879 3281 941 3319 non
958 3260 1015 3316 hoe
1030 3259 1081 3316 ad-

46 3359 174 3421 monent,
201 3349 283 3425 quod
295 3351 371 3406 insit
384 3351 461 3406 ullus
476 3347 668 3406 cadaveribus
682 3361 803 3418 sensus3
827 3345 879 3402 sed
891 3345 928 3400 ad
941 3343 1000 3401 Dei
1012 3359 1072 3415 pro.

47 3431 215 3504 ridentium,
241 3435 298 3490 eui
319 3435 440 3507 placent
465 3432 555 3488 etiam
579 3432 651 3487 talia
676 3430 796 3503 pietatis
820 3427 931 3500 officia,
958 3439 1084 3496 corpora

47 3529 158 3588 quoque
172 3525 367 3571 mortuorum
392 3517 543 3588 pertinere
569 3513 757 3591 significant,
782 3520 903 3585 propter
927 3508 1012 3564 fidem
1032 3521 1082 3559 re-

47 3600 240 3655 surrectionis
269 3598 490 3654 adstruendam.
539 3596 597 3653 Vbi
623 3605 653 3651 et
678 3592 750 3651 illud
776 3595 933 3650 salubriter
947 3586 1083 3658 discitur,

47 3689 151 3750 quanta
162 3683 268 3755 possit
282 3699 350 3736 esse
363 3681 563 3738 remuneratio
586 3697 640 3752 pro
655 3678 864 3752 elecmosynis,
891 3688 964 3745 quas
977 3670 1083 3727 viven-

46 3761 116 3818 tibus
132 3773 163 3819 et
176 3762 383 3820 sentientibus
399 3761 585 3833 exhibemus,
612 3763 639 3816 si
652 3778 748 3835 neque
761 3758 817 3814 hoc
832 3753 909 3829 apud
922 3752 1019 3809 Deum
1032 3771 1083 3827 pe-

47 3844 95 3917 rit,
121 3847 204 3922 quod
218 3846 370 3902 exanimis
396 3843 547 3902 bominum
573 3842 711 3900 membris
738 3839 828 3896 officii
854 3837 1084 3914 diligentiaeque

809 3919 833 3974 B
