2592 4396
216 190 278 246 362
449 180 546 242 DlVl
566 176 757 238 AVRELll
780 173 1039 234 AVGVSTlNl

603 329 626 388 C
648 331 674 386 A
695 327 728 384 Ρ.
771 325 870 383 Vll.

302 429 419 482 Causam
429 425 591 495 efficientem
601 427 688 478 mulce
698 421 847 474 vetantem
856 437 909 476 non
919 437 974 474 cate
984 424 1173 490 quaerendam.

282 520 376 577 Nemo
390 535 462 595 ergo
483 524 606 591 quaerut
624 511 800 570 efficientem
823 529 942 568 caueam
964 513 1058 569 molae
1080 514 1253 572 voluntatis:

220 624 280 663 non
295 605 374 659 enim
386 610 432 657 eat
445 598 585 668 efficiens,
608 595 661 653 aed
674 593 829 668 deficiem3
855 597 923 671 quia
936 613 992 652 nec
1007 597 1058 652 illa
1074 593 1187 654 effectio
1202 608 1254 670 cst,

220 688 271 744 sed
285 687 421 742 defectio.
453 681 590 739 Deficere
610 695 735 753 namque
754 678 789 734 ab
811 696 847 735 co
867 678 945 753 quod
964 697 1075 735 numme
1094 689 1158 751 eat,
1181 679 1255 736 adid

221 771 297 846 quod
315 771 412 826 minua
430 775 490 837 eet,
515 763 570 820 hoc
592 771 637 819 eat
658 762 791 836 incipere
813 759 920 818 habere
941 763 1125 820 voluntatem
1146 765 1254 819 melan.

224 854 332 911 Causas
345 868 433 925 porro
448 847 646 904 defectionum
658 847 791 916 istarum,
806 861 872 901 cum
885 843 1045 910 efficientes
1059 863 1120 902 non
1133 847 1207 916 sint,
1228 857 1256 901 ut

222 937 296 1005 dixi,
318 933 369 990 scd
383 931 564 1002 deficienter,
576 931 653 986 velle
667 930 815 1001 invenire,
829 931 887 985 tele
901 937 947 985 cst
958 947 993 983 ac
1007 931 1033 984 ai
1044 930 1196 1004 quiequam
1208 947 1256 984 ve-

222 1021 257 1074 lit
271 1017 370 1074 videre
383 1016 529 1086 tenebras,
543 1015 590 1070 vel
603 1011 705 1069 audire
717 1013 879 1069 cilentium:
903 1011 980 1087 quod
993 1021 1093 1068 tamen
1106 1021 1256 1086 utrumque

223 1102 308 1157 nobis
320 1108 422 1155 notum
433 1108 492 1168 eat3
507 1115 602 1171 neque
612 1093 686 1151 illud
700 1095 759 1150 niel
770 1114 823 1170 per
837 1097 946 1164 oculoa,
961 1113 1058 1169 neque
1070 1093 1126 1150 hoc
1140 1095 1197 1150 niai
1209 1113 1257 1170 per

223 1197 324 1254 aurea3
338 1199 398 1238 non
412 1199 483 1236 eane
495 1180 527 1235 in
540 1181 651 1254 specie,
665 1176 716 1233 rod
729 1179 761 1233 in
775 1180 884 1251 epeciei
895 1179 1071 1252 privatione.
1085 1177 1178 1234 Nemo
1190 1196 1257 1255 ergo

224 1283 262 1321 ex
274 1285 320 1321 me
335 1266 412 1320 scire
425 1271 557 1338 quaerat,
572 1263 650 1336 quod
662 1280 710 1316 une
724 1263 840 1317 nescire
854 1263 926 1332 scio,
941 1262 1001 1317 niai
1012 1260 1089 1317 forte
1101 1270 1135 1317 ut
1147 1263 1258 1317 nescire

223 1349 327 1419 discet,
341 1346 419 1423 quod
433 1347 504 1402 tciri
517 1361 577 1400 non
592 1362 679 1419 poaec
692 1343 845 1400 sciendum
859 1353 913 1400 eat.
936 1342 982 1398 Ea
995 1346 1100 1419 quippe
1115 1362 1189 1418 quae
1203 1362 1259 1400 non

225 1435 256 1490 in
270 1433 382 1505 specie,
409 1428 460 1486 aed
472 1431 505 1484 in
519 1428 583 1484 cius
596 1427 764 1502 privatione
776 1428 925 1497 coluntur,
949 1428 975 1481 ai
988 1425 1046 1483 dici
1064 1436 1116 1483 nut
1134 1428 1259 1504 intelligi

223 1523 331 1588 potest,
346 1511 469 1586 quodam
481 1509 567 1566 modo
580 1509 738 1566 nesciendo
758 1511 910 1580 sciuntur,
933 1518 966 1566 ut
985 1509 1105 1566 sciendo
1126 1512 1246 1566 nescian

223 1609 280 1654 tur.
304 1594 377 1652 cum
397 1595 476 1650 eninr
495 1595 573 1649 coiea
592 1596 681 1651 etiarn
700 1595 780 1650 oculi
800 1594 959 1668 corporalia
980 1594 1073 1648 currit
1085 1611 1139 1666 per
1152 1595 1260 1668 species

226 1679 403 1752 corporales,
418 1695 559 1752 nunquam
574 1678 710 1733 tenebrae
723 1677 815 1748 videt,
829 1678 888 1732 nini
901 1677 951 1732 ubi
964 1677 1094 1750 coeperit
1106 1695 1169 1732 non
1182 1675 1260 1733 vidc-

223 1781 264 1817 re.
288 1760 333 1836 lta
345 1762 433 1815 etiam
446 1779 507 1818 non
520 1760 557 1816 ad
571 1763 698 1836 aliquem
711 1762 800 1816 alium
814 1778 949 1830 aeneum,
973 1758 1024 1814 ted
1037 1758 1073 1816 ed
1087 1760 1165 1816 solas
1179 1778 1261 1816 auree

223 1846 352 1920 pertinet
365 1845 476 1898 sentire
489 1846 652 1901 silentium:
671 1842 748 1919 quod
761 1852 859 1898 temen
873 1843 953 1899 nullo
966 1841 1052 1898 modo
1064 1843 1125 1897 nini
1136 1861 1199 1898 non
1213 1862 1260 1898 uu·

148 1988 149 1992 1
225 1925 333 1982 diendo
346 1929 483 1982 sentitur.
519 1926 570 1984 Sic
586 1929 699 2001 apeciea
713 1927 916 2003 intelligibiles
933 1943 1016 1982 mene
1031 1925 1150 2000 quidem
1165 1936 1262 1981 nostra

224 2009 417 2087 intelligendo
433 2011 592 2083 conspicit;
616 2010 667 2064 aed
684 2010 735 2066 ubi
753 2009 907 2080 deficiunt,
935 2007 1095 2066 netciendo
1112 2008 1256 2066 condiscit

228 2091 348 2158 Delicta
362 2094 441 2148 cuim
454 2095 521 2169 quie
535 2091 696 2168 intelligit?

608 2241 731 2299 cnr.
774 2227 888 2299 vui.

223 2338 266 2391 Dc
277 2354 368 2391 amore
375 2352 517 2404 perterre,
537 2351 590 2404 quo
598 2339 723 2388 voluntat
733 2335 767 2388 ab
776 2337 992 2392 incommutabili
1000 2337 1066 2391 bono
1076 2337 1114 2390 cd
1122 2349 1266 2392 commuta·

608 2404 660 2456 lile
671 2403 768 2456 tonum
777 2404 876 2474 deficit.

286 2494 353 2552 Hoc
367 2497 440 2566 ecio,
455 2505 590 2552 naturam
603 2493 662 2552 Dei
675 2512 841 2568 nunquam,
862 2511 1021 2569 nunquam,
1036 2497 1118 2550 nulla
1131 2515 1173 2552 ex
1186 2509 1266 2572 parte

223 2599 310 2655 posse
324 2578 465 2650 delicere;
492 2588 521 2635 et
536 2597 570 2636 ea
582 2596 670 2653 posse
684 2577 825 2649 deficere,
847 2597 921 2654 quae
935 2595 973 2632 ex
986 2575 1078 2634 nihilo
1091 2578 1175 2636 fecta
1191 2593 1266 2638 aunt.

224 2665 308 2729 Quae
317 2672 415 2719 temen
430 2672 538 2736 quanto
548 2663 641 2738 magis
656 2671 738 2732 aunt,
751 2671 781 2717 et
793 2662 870 2718 bona
883 2660 1005 2732 faciunt,
1019 2655 1102 2736 (tunc
1117 2663 1203 2720 enim
1218 2667 1267 2720 ali-

223 2746 294 2821 quid
320 2745 463 2820 laciunt‚)
483 2763 584 2801 caum
610 2741 719 2800 habent
745 2743 919 2802 efficientes:
942 2745 975 2800 in
1000 2752 1143 2819 quantum
1170 2757 1268 2802 eutem

223 2827 381 2898 deficiunt,
405 2835 436 2881 et
449 2843 486 2880 ex
499 2825 555 2882 hoc
568 2827 644 2882 male
657 2825 788 2898 iaciunt,
803 2822 885 2901 (quid
898 2827 977 2882 enim
990 2836 1061 2882 tunc
1074 2826 1198 2886 iaciunt
1212 2831 1268 2886 nisi

223 2905 329 2983 vunai)
344 2926 447 2964 caueae
460 2906 568 2964 habent
581 2907 760 2966 deficientur.
780 2908 931 2985 *Itemque
945 2912 1007 2966 ecio
1021 2911 1051 2964 in
1066 2927 1125 2985 quo
1141 2910 1181 2968 fit
1193 2915 1268 2968 mala

223 2993 374 3061 voluntat,
387 2991 417 3048 id
427 2990 460 3046 in
474 3009 509 3046 co
522 2991 603 3062 fieri,
617 2992 695 3066 quod
708 2993 734 3048 si
747 2995 855 3065 nodet,
879 3012 941 3050 non
954 2993 1053 3050 fieret:
1078 3000 1108 3048 et
1120 2993 1194 3052 ideo
1209 3015 1267 3052 non

223 3074 422 3144 necessarias,
445 3073 498 3130 sed
510 3075 693 3131 voluntarios
713 3075 844 3134 defectus
862 3078 941 3132 iuata
952 3093 1047 3151 poena
1061 3081 1266 3152 consequitur.

221 3155 370 3212 Delicitur
382 3157 460 3212 enim
474 3176 534 3214 non
547 3156 583 3214 ed
596 3159 683 3230 mula,
697 3158 748 3214 aed
761 3160 847 3231 male,
861 3158 892 3215 id
905 3167 961 3230 eet,
975 3178 1036 3216 non
1050 3158 1087 3214 ad
1100 3162 1200 3218 mulas
1216 3181 1266 3217 na·

221 3248 313 3310 turea,
328 3237 380 3294 eod
393 3239 458 3296 ideo
471 3242 557 3311 male,
571 3242 638 3316 quia
650 3252 753 3300 contra
764 3241 897 3300 ordinem
907 3251 1080 3299 naturarum
1091 3243 1127 3300 al
1140 3263 1180 3300 eo
1191 3243 1265 3320 quod

221 3341 331 3380 numme
345 3332 408 3394 eet,
431 3324 467 3380 ed
481 3323 510 3378 id
524 3324 600 3399 quod
614 3326 710 3380 minua
725 3334 779 3382 eat.
812 3324 915 3400 Neque
928 3327 1006 3382 enim
1019 3327 1085 3380 auri
1098 3327 1212 3383 vitium
1226 3337 1266 3383 est

218 3407 354 3478 avaritie,
368 3405 419 3462 aed
431 3404 557 3462 hominia
567 3425 705 3480 perverse
716 3410 841 3464 amantis
853 3427 967 3479 aurum,
981 3409 1094 3464 iustitia
1107 3409 1265 3480 derelicta,

218 3507 292 3565 quac
306 3490 573 3564 incomparabiliter
589 3507 661 3546 auro
675 3489 775 3548 debuit
796 3493 943 3566 anteponi.
982 3490 1044 3546 Nec
1070 3492 1198 3550 luxuria
1226 3503 1266 3548 cst

217 3574 324 3628 vitium
348 3571 540 3647 pulchrorum
564 3574 755 3648 suaviumque
779 3592 951 3648 corporum,
979 3574 1030 3629 aed
1049 3576 1171 3632 animae
1201 3596 1266 3650 per-

220 3673 304 3710 verse
329 3657 455 3710 amantio
488 3672 643 3728 corporeas
673 3657 854 3730 voluptates,
892 3657 1027 3734 neglecta
1052 3661 1267 3732 temperantia,

221 3737 271 3808 qui
289 3735 376 3791 rebus
391 3737 561 3810 spiritaliter
571 3735 783 3809 pulchrioribus
798 3748 828 3795 et
841 3741 1103 3813 incorruptibiliter
1116 3742 1268 3798 suaviori-

220 3816 273 3872 bue
289 3827 455 3892 coaptamur
491 3817 553 3874 Nec
576 3819 717 3876 iactantia
728 3822 835 3878 vitium
855 3831 900 3879 cet
916 3820 1009 3878 laudis
1022 3819 1191 3896 humanae,
1220 3823 1270 3879 scd
