<?xml version="1.0" encoding="UTF-8"?>
<!DOCTYPE html PUBLIC "-//W3C//DTD XHTML 1.0 Transitional//EN"
    "http://www.w3.org/TR/xhtml1/DTD/xhtml1-transitional.dtd">
<html xmlns="http://www.w3.org/1999/xhtml" xml:lang="en" lang="en">
 <head>
  <title>
</title>
<meta http-equiv="Content-Type" content="text/html;charset=utf-8" />
  <meta name='ocr-system' content='tesseract 3.04.00' />
  <meta name='ocr-capabilities' content='ocr_page ocr_carea ocr_par ocr_line ocrx_word'/>
</head>
<body>
  <div class='ocr_page' id='page_1' title='image "./saureliiaugusti02augugoog_0014.png"; bbox 0 0 2602 4416; ppageno 0'>
   <div class='ocr_carea' id='block_1_1' title="bbox 293 217 1102 430">
    <p class='ocr_par' dir='ltr' id='par_1_1' title="bbox 293 217 1102 430">
     <span class='ocr_line' id='line_1_1' title="bbox 293 217 1102 288; baseline 0.015 -12"><span class='ocrx_word' id='word_1_1' title='bbox 293 218 356 276; x_wconf 88' lang='lat' dir='ltr'><strong>DE</strong></span> <span class='ocrx_word' id='word_1_2' title='bbox 379 217 595 279; x_wconf 78' lang='lat' dir='ltr'><strong>olvl&#39;rsTE</strong></span> <span class='ocrx_word' id='word_1_3' title='bbox 625 221 705 280; x_wconf 78' lang='lat' dir='ltr'><strong>DEI</strong></span> <span class='ocrx_word' id='word_1_4' title='bbox 731 224 813 282; x_wconf 76' lang='grc' dir='ltr'><strong>ΗΒ.</strong></span> <span class='ocrx_word' id='word_1_5' title='bbox 839 227 861 284; x_wconf 88' lang='lat'><strong>1.</strong></span> <span class='ocrx_word' id='word_1_6' title='bbox 1084 235 1102 288; x_wconf 85' lang='lat'>7</span> 
     </span>
     <span class='ocr_line' id='line_1_2' title="bbox 462 369 688 430; baseline 0.009 -2"><span class='ocrx_word' id='word_1_7' title='bbox 462 369 485 428; x_wconf 86' lang='lat' dir='ltr'>C</span> <span class='ocrx_word' id='word_1_8' title='bbox 506 372 530 428; x_wconf 79' lang='lat' dir='ltr'><strong>A</strong></span> <span class='ocrx_word' id='word_1_9' title='bbox 550 371 582 428; x_wconf 88' lang='lat' dir='ltr'><strong>P.</strong></span> <span class='ocrx_word' id='word_1_10' title='bbox 627 371 688 430; x_wconf 86' lang='lat' dir='ltr'><strong>lv.</strong></span> 
     </span>
    </p>
   </div>
   <div class='ocr_carea' id='block_1_2' title="bbox 58 448 1097 602">
    <p class='ocr_par' dir='ltr' id='par_1_2' title="bbox 58 448 1097 602">
     <span class='ocr_line' id='line_1_3' title="bbox 58 448 1097 524; baseline 0.012 -20"><span class='ocrx_word' id='word_1_11' title='bbox 58 452 97 505; x_wconf 88' lang='lat' dir='ltr'><strong>De</strong></span> <span class='ocrx_word' id='word_1_12' title='bbox 102 454 175 522; x_wconf 75' lang='lat' dir='ltr'><strong>asylo</strong></span> <span class='ocrx_word' id='word_1_13' title='bbox 180 450 331 504; x_wconf 70' lang='lat' dir='ltr'><strong>lenonicia</strong></span> <span class='ocrx_word' id='word_1_14' title='bbox 342 448 645 518; x_wconf 62' lang='lat' dir='ltr'><strong>limnqmlamtuem</strong></span> <span class='ocrx_word' id='word_1_15' title='bbox 652 453 805 510; x_wconf 81' lang='lat' dir='ltr'><strong>lileraos&#39;lu</strong></span> <span class='ocrx_word' id='word_1_16' title='bbox 815 459 936 524; x_wconf 74' lang='lat' dir='ltr'><strong>Graecis,</strong></span> <span class='ocrx_word' id='word_1_17' title='bbox 945 461 1097 516; x_wconf 83' lang='lat' dir='ltr'><strong>etloss&#39;lieis</strong></span> 
     </span>
     <span class='ocr_line' id='line_1_4' title="bbox 60 521 1095 602; baseline 0.011 -30"><span class='ocrx_word' id='word_1_18' title='bbox 60 522 259 591; x_wconf 74' lang='lat' dir='ltr'><em>Apostolorum,</em></span> <span class='ocrx_word' id='word_1_19' title='bbox 272 537 344 589; x_wconf 81' lang='lat' dir='ltr'><strong>quoe</strong></span> <span class='ocrx_word' id='word_1_20' title='bbox 355 537 445 572; x_wconf 83' lang='lat' dir='ltr'><strong>onsnes</strong></span> <span class='ocrx_word' id='word_1_21' title='bbox 455 521 527 573; x_wconf 84' lang='lat' dir='ltr'><strong>adse</strong></span> <span class='ocrx_word' id='word_1_22' title='bbox 536 522 723 593; x_wconf 73' lang='lat' dir='ltr'><strong>confugientes</strong></span> <span class='ocrx_word' id='word_1_23' title='bbox 733 544 750 578; x_wconf 86' lang='lat' dir='ltr'><strong>a</strong></span> <span class='ocrx_word' id='word_1_24' title='bbox 762 525 898 580; x_wconf 81' lang='lat' dir='ltr'><strong>Barbaria</strong></span> <span class='ocrx_word' id='word_1_25' title='bbox 909 530 1095 602; x_wconf 76' lang='lat' dir='ltr'><strong>defenderunt.</strong></span> 
     </span>
    </p>
   </div>
   <div class='ocr_carea' id='block_1_3' title="bbox 41 591 1096 2917">
    <p class='ocr_par' dir='ltr' id='par_1_3' title="bbox 41 591 1096 2917">
     <span class='ocr_line' id='line_1_5' title="bbox 118 591 1096 674; baseline 0.012 -24"><span class='ocrx_word' id='word_1_26' title='bbox 118 594 206 670; x_wconf 90' lang='lat' dir='ltr'><strong>ipsa,</strong></span> <span class='ocrx_word' id='word_1_27' title='bbox 232 603 266 650; x_wconf 90' lang='lat' dir='ltr'><strong>ut</strong></span> <span class='ocrx_word' id='word_1_28' title='bbox 279 593 365 665; x_wconf 84' lang='lat' dir='ltr'>dixi,</span> <span class='ocrx_word' id='word_1_29' title='bbox 392 591 503 665; x_wconf 89' lang='lat' dir='ltr'><strong>Troia,</strong></span> <span class='ocrx_word' id='word_1_30' title='bbox 525 605 620 652; x_wconf 83' lang='lat' dir='ltr'><strong>mater</strong></span> <span class='ocrx_word' id='word_1_31' title='bbox 641 593 766 655; x_wconf 87' lang='lat' dir='ltr'><strong>Romani</strong></span> <span class='ocrx_word' id='word_1_32' title='bbox 779 603 898 674; x_wconf 88' lang='lat' dir='ltr'><strong>populi,</strong></span> <span class='ocrx_word' id='word_1_33' title='bbox 927 606 1051 662; x_wconf 85' lang='lat' dir='ltr'><strong>sacratis</strong></span> <span class='ocrx_word' id='word_1_34' title='bbox 1064 607 1096 662; x_wconf 89' lang='lat' dir='ltr'><strong>in</strong></span> 
     </span>
     <span class='ocr_line' id='line_1_6' title="bbox 61 673 1096 763; baseline 0.006 -27"><span class='ocrx_word' id='word_1_35' title='bbox 61 681 132 735; x_wconf 87' lang='lat' dir='ltr'><strong>loeis</strong></span> <span class='ocrx_word' id='word_1_36' title='bbox 147 675 273 733; x_wconf 88' lang='lat' dir='ltr'><strong>deorum</strong></span> <span class='ocrx_word' id='word_1_37' title='bbox 287 695 416 733; x_wconf 89' lang='lat' dir='ltr'><strong>suorum</strong></span> <span class='ocrx_word' id='word_1_38' title='bbox 429 678 546 734; x_wconf 89' lang='lat' dir='ltr'><strong>munire</strong></span> <span class='ocrx_word' id='word_1_39' title='bbox 560 697 620 735; x_wconf 92' lang='lat' dir='ltr'><strong>non</strong></span> <span class='ocrx_word' id='word_1_40' title='bbox 634 683 734 752; x_wconf 89' lang='lat' dir='ltr'><strong>potuit</strong></span> <span class='ocrx_word' id='word_1_41' title='bbox 747 685 826 738; x_wconf 82' lang='lat' dir='ltr'><strong>cives</strong></span> <span class='ocrx_word' id='word_1_42' title='bbox 842 673 913 740; x_wconf 85' lang='lat' dir='ltr'><strong>suos</strong></span> <span class='ocrx_word' id='word_1_43' title='bbox 927 686 962 740; x_wconf 88' lang='lat' dir='ltr'><strong>ab</strong></span> <span class='ocrx_word' id='word_1_44' title='bbox 978 687 1096 763; x_wconf 88' lang='lat' dir='ltr'><strong>ignibus</strong></span> 
     </span>
     <span class='ocr_line' id='line_1_7' title="bbox 59 760 1096 844; baseline 0.006 -25"><span class='ocrx_word' id='word_1_45' title='bbox 59 765 196 835; x_wconf 82' lang='lat' dir='ltr'><strong>ferroque</strong></span> <span class='ocrx_word' id='word_1_46' title='bbox 225 760 432 830; x_wconf 83' lang='lat' dir='ltr'><strong>Graecorum,</strong></span> <span class='ocrx_word' id='word_1_47' title='bbox 467 760 583 820; x_wconf 86' lang='lat' dir='ltr'><strong>eosdem</strong></span> <span class='ocrx_word' id='word_1_48' title='bbox 610 763 690 836; x_wconf 86' lang='lat' dir='ltr'><strong>ipsos</strong></span> <span class='ocrx_word' id='word_1_49' title='bbox 717 763 788 820; x_wconf 92' lang='lat' dir='ltr'><strong>deos</strong></span> <span class='ocrx_word' id='word_1_50' title='bbox 815 768 991 824; x_wconf 84' lang='lat' dir='ltr'><strong>colentium:</strong></span> <span class='ocrx_word' id='word_1_51' title='bbox 1024 771 1096 844; x_wconf 88' lang='lat' dir='ltr'><strong>quin</strong></span> 
     </span>
     <span class='ocr_line' id='line_1_8' title="bbox 62 843 922 918; baseline 0 -17"><span class='ocrx_word' id='word_1_52' title='bbox 62 843 289 902; x_wconf 88' lang='lat' dir='ltr'><strong>etiam·lunonia</strong></span> <span class='ocrx_word' id='word_1_53' title='bbox 308 845 394 918; x_wconf 84' lang='lat' dir='ltr'><strong>asylo</strong></span> <span class='ocrx_word' id='word_1_54' title='bbox 919 859 922 864; x_wconf 85' lang='grc'><strong><em>·</em></strong></span> 
     </span>
     <span class='ocr_line' id='line_1_9' title="bbox 119 923 842 1006; baseline 0.007 -24"><span class='ocrx_word' id='word_1_55' title='bbox 119 926 267 983; x_wconf 73' lang='lat' dir='ltr'><strong>Custodes</strong></span> <span class='ocrx_word' id='word_1_56' title='bbox 281 927 365 996; x_wconf 85' lang='lat' dir='ltr'><strong>lecti,</strong></span> <span class='ocrx_word' id='word_1_57' title='bbox 392 923 539 998; x_wconf 75' lang='lat' dir='ltr'><strong>Phoenix,</strong></span> <span class='ocrx_word' id='word_1_58' title='bbox 568 938 598 984; x_wconf 91' lang='lat' dir='ltr'><strong>et</strong></span> <span class='ocrx_word' id='word_1_59' title='bbox 613 928 695 986; x_wconf 91' lang='lat' dir='ltr'><strong>dirus</strong></span> <span class='ocrx_word' id='word_1_60' title='bbox 710 929 842 1006; x_wconf 84' lang='lat' dir='ltr'><strong>Vlyases,</strong></span> 
     </span>
     <span class='ocr_line' id='line_1_10' title="bbox 119 1009 914 1094; baseline 0.008 -28"><span class='ocrx_word' id='word_1_61' title='bbox 119 1009 265 1066; x_wconf 85' lang='lat' dir='ltr'><strong>Praedam</strong></span> <span class='ocrx_word' id='word_1_62' title='bbox 281 1009 493 1080; x_wconf 69' lang='lat' dir='ltr'><strong>asservabant,</strong></span> <span class='ocrx_word' id='word_1_63' title='bbox 519 1009 577 1067; x_wconf 90' lang='lat' dir='ltr'><strong>huo</strong></span> <span class='ocrx_word' id='word_1_64' title='bbox 588 1012 720 1087; x_wconf 88' lang='lat' dir='ltr'><strong>undique</strong></span> <span class='ocrx_word' id='word_1_65' title='bbox 733 1012 825 1070; x_wconf 84' lang='lat' dir='ltr'><strong>Troia</strong></span> <span class='ocrx_word' id='word_1_66' title='bbox 839 1033 914 1094; x_wconf 83' lang='lat' dir='ltr'><strong>gaso</strong></span> 
     </span>
     <span class='ocr_line' id='line_1_11' title="bbox 118 1091 860 1171; baseline 0.005 -21"><span class='ocrx_word' id='word_1_67' title='bbox 118 1092 256 1150; x_wconf 85' lang='lat' dir='ltr'><strong>incensis</strong></span> <span class='ocrx_word' id='word_1_68' title='bbox 269 1101 372 1165; x_wconf 83' lang='lat' dir='ltr'><strong>erepta</strong></span> <span class='ocrx_word' id='word_1_69' title='bbox 389 1091 502 1167; x_wconf 79' lang='lat' dir='ltr'><strong>adytis,</strong></span> <span class='ocrx_word' id='word_1_70' title='bbox 528 1113 707 1171; x_wconf 85' lang='lat' dir='ltr'><strong>mensaeque</strong></span> <span class='ocrx_word' id='word_1_71' title='bbox 727 1096 860 1169; x_wconf 88' lang='lat' dir='ltr'><strong>deorum,</strong></span> 
     </span>
     <span class='ocr_line' id='line_1_12' title="bbox 120 1175 830 1254; baseline 0.006 -21"><span class='ocrx_word' id='word_1_72' title='bbox 120 1175 407 1254; x_wconf 82' lang='lat' dir='ltr'><strong>Crateresqueauro</strong></span> <span class='ocrx_word' id='word_1_73' title='bbox 422 1177 521 1248; x_wconf 88' lang='lat' dir='ltr'><strong>solidi,</strong></span> <span class='ocrx_word' id='word_1_74' title='bbox 548 1180 724 1254; x_wconf 75' lang='lat' dir='ltr'><strong>captivaque</strong></span> <span class='ocrx_word' id='word_1_75' title='bbox 736 1183 830 1238; x_wconf 85' lang='lat' dir='ltr'><strong>vestis</strong></span> 
     </span>
     <span class='ocr_line' id='line_1_13' title="bbox 41 1257 980 1340; baseline 0.006 -25"><span class='ocrx_word' id='word_1_76' title='bbox 41 1273 47 1282; x_wconf 91' lang='grc'><strong>’</strong></span> <span class='ocrx_word' id='word_1_77' title='bbox 119 1258 310 1337; x_wconf 88' lang='lat' dir='ltr'><strong>Congeritur.</strong></span> <span class='ocrx_word' id='word_1_78' title='bbox 354 1257 446 1316; x_wconf 88' lang='lat' dir='ltr'><strong>Pueri</strong></span> <span class='ocrx_word' id='word_1_79' title='bbox 459 1269 490 1318; x_wconf 93' lang='lat' dir='ltr'><strong>et</strong></span> <span class='ocrx_word' id='word_1_80' title='bbox 503 1260 628 1334; x_wconf 75' lang='lat' dir='ltr'><strong>pavidae</strong></span> <span class='ocrx_word' id='word_1_81' title='bbox 644 1264 737 1340; x_wconf 86' lang='lat' dir='ltr'><strong>longo</strong></span> <span class='ocrx_word' id='word_1_82' title='bbox 752 1263 858 1320; x_wconf 88' lang='lat' dir='ltr'><strong>ordine</strong></span> <span class='ocrx_word' id='word_1_83' title='bbox 872 1275 980 1321; x_wconf 83' lang='lat' dir='ltr'><strong>matres</strong></span> 
     </span>
     <span class='ocr_line' id='line_1_14' title="bbox 120 1341 350 1398; baseline -0.009 0"><span class='ocrx_word' id='word_1_84' title='bbox 120 1341 208 1398; x_wconf 84' lang='lat' dir='ltr'><strong>Stant</strong></span> <span class='ocrx_word' id='word_1_85' title='bbox 226 1343 350 1398; x_wconf 88' lang='lat' dir='ltr'><strong>eiroum.</strong></span> 
     </span>
     <span class='ocr_line' id='line_1_15' title="bbox 62 1424 1093 1501; baseline 0.008 -21"><span class='ocrx_word' id='word_1_86' title='bbox 62 1425 179 1480; x_wconf 77' lang='lat' dir='ltr'><strong>Electus</strong></span> <span class='ocrx_word' id='word_1_87' title='bbox 200 1433 246 1481; x_wconf 84' lang='lat' dir='ltr'><strong>est</strong></span> <span class='ocrx_word' id='word_1_88' title='bbox 262 1424 407 1482; x_wconf 78' lang='lat' dir='ltr'><strong>videlieet</strong></span> <span class='ocrx_word' id='word_1_89' title='bbox 425 1428 509 1482; x_wconf 82' lang='lat' dir='ltr'><strong>loeus</strong></span> <span class='ocrx_word' id='word_1_90' title='bbox 535 1437 639 1485; x_wconf 88' lang='lat' dir='ltr'><strong>tantae</strong></span> <span class='ocrx_word' id='word_1_91' title='bbox 665 1428 737 1484; x_wconf 90' lang='lat' dir='ltr'><strong>deae</strong></span> <span class='ocrx_word' id='word_1_92' title='bbox 759 1438 910 1501; x_wconf 82' lang='lat' dir='ltr'><strong>saeratus3</strong></span> <span class='ocrx_word' id='word_1_93' title='bbox 934 1447 994 1488; x_wconf 90' lang='lat' dir='ltr'><strong>non</strong></span> <span class='ocrx_word' id='word_1_94' title='bbox 1014 1432 1093 1489; x_wconf 88' lang='lat' dir='ltr'><strong>undo</strong></span> 
     </span>
     <span class='ocr_line' id='line_1_16' title="bbox 63 1508 1092 1586; baseline 0.009 -23"><span class='ocrx_word' id='word_1_95' title='bbox 63 1511 195 1580; x_wconf 76' lang='lat' dir='ltr'><strong>captivos</strong></span> <span class='ocrx_word' id='word_1_96' title='bbox 207 1526 266 1566; x_wconf 86' lang='lat' dir='ltr'><strong>uon</strong></span> <span class='ocrx_word' id='word_1_97' title='bbox 278 1509 390 1566; x_wconf 85' lang='lat' dir='ltr'><strong>lioeret</strong></span> <span class='ocrx_word' id='word_1_98' title='bbox 407 1508 551 1582; x_wconf 78' lang='lat' dir='ltr'><strong>educere,</strong></span> <span class='ocrx_word' id='word_1_99' title='bbox 577 1510 630 1566; x_wconf 88' lang='lat' dir='ltr'><strong>sed</strong></span> <span class='ocrx_word' id='word_1_100' title='bbox 650 1512 700 1568; x_wconf 91' lang='lat' dir='ltr'><strong>ubi</strong></span> <span class='ocrx_word' id='word_1_101' title='bbox 719 1514 852 1586; x_wconf 74' lang='lat' dir='ltr'><strong>captivos</strong></span> <span class='ocrx_word' id='word_1_102' title='bbox 872 1514 980 1570; x_wconf 88' lang='lat' dir='ltr'><strong>liberet</strong></span> <span class='ocrx_word' id='word_1_103' title='bbox 996 1517 1092 1572; x_wconf 88' lang='lat' dir='ltr'><strong>inolu-</strong></span> 
     </span>
     <span class='ocr_line' id='line_1_17' title="bbox 62 1588 1091 1676; baseline 0.008 -30"><span class='ocrx_word' id='word_1_104' title='bbox 62 1591 139 1646; x_wconf 88' lang='lat' dir='ltr'><strong>dere.</strong></span> <span class='ocrx_word' id='word_1_105' title='bbox 166 1588 308 1664; x_wconf 80' lang='lat' dir='ltr'><strong>Compara</strong></span> <span class='ocrx_word' id='word_1_106' title='bbox 322 1610 404 1648; x_wconf 88' lang='lat' dir='ltr'><strong>nuno</strong></span> <span class='ocrx_word' id='word_1_107' title='bbox 413 1595 530 1667; x_wconf 84' lang='lat' dir='ltr'><strong>asylum</strong></span> <span class='ocrx_word' id='word_1_108' title='bbox 543 1594 627 1666; x_wconf 87' lang='lat' dir='ltr'><strong>illud,</strong></span> <span class='ocrx_word' id='word_1_109' title='bbox 640 1613 702 1652; x_wconf 90' lang='lat' dir='ltr'><strong>uon</strong></span> <span class='ocrx_word' id='word_1_110' title='bbox 716 1596 876 1653; x_wconf 78' lang='lat' dir='ltr'><strong>cuiuslibet</strong></span> <span class='ocrx_word' id='word_1_111' title='bbox 888 1595 936 1652; x_wconf 87' lang='lat' dir='ltr'><strong>dei</strong></span> <span class='ocrx_word' id='word_1_112' title='bbox 949 1601 1091 1676; x_wconf 75' lang='lat' dir='ltr'><strong>gregalia,</strong></span> 
     </span>
     <span class='ocr_line' id='line_1_18' title="bbox 60 1673 1090 1759; baseline 0.005 -28"><span class='ocrx_word' id='word_1_113' title='bbox 60 1677 106 1731; x_wconf 83' lang='lat' dir='ltr'><strong>vel</strong></span> <span class='ocrx_word' id='word_1_114' title='bbox 120 1673 156 1730; x_wconf 89' lang='lat' dir='ltr'><strong>de</strong></span> <span class='ocrx_word' id='word_1_115' title='bbox 169 1674 256 1732; x_wconf 87' lang='lat' dir='ltr'><strong>turha</strong></span> <span class='ocrx_word' id='word_1_116' title='bbox 268 1677 376 1748; x_wconf 87' lang='lat' dir='ltr'><strong>plebis,</strong></span> <span class='ocrx_word' id='word_1_117' title='bbox 404 1675 456 1732; x_wconf 85' lang='lat' dir='ltr'><strong>sed</strong></span> <span class='ocrx_word' id='word_1_118' title='bbox 469 1675 548 1734; x_wconf 82' lang='lat' dir='ltr'><strong>lovis</strong></span> <span class='ocrx_word' id='word_1_119' title='bbox 562 1679 656 1752; x_wconf 85' lang='lat' dir='ltr'><strong>ipsius</strong></span> <span class='ocrx_word' id='word_1_120' title='bbox 670 1681 783 1735; x_wconf 87' lang='lat' dir='ltr'><strong>sororia</strong></span> <span class='ocrx_word' id='word_1_121' title='bbox 798 1688 829 1736; x_wconf 90' lang='lat' dir='ltr'><strong>et</strong></span> <span class='ocrx_word' id='word_1_122' title='bbox 842 1681 980 1759; x_wconf 79' lang='lat' dir='ltr'><strong>coniugis</strong></span> <span class='ocrx_word' id='word_1_123' title='bbox 999 1691 1030 1738; x_wconf 88' lang='lat' dir='ltr'><strong>et</strong></span> <span class='ocrx_word' id='word_1_124' title='bbox 1042 1699 1090 1737; x_wconf 85' lang='lat' dir='ltr'><strong>re·</strong></span> 
     </span>
     <span class='ocr_line' id='line_1_19' title="bbox 59 1757 1091 1838; baseline 0.007 -25"><span class='ocrx_word' id='word_1_125' title='bbox 59 1761 145 1836; x_wconf 86' lang='lat' dir='ltr'><strong>ginae</strong></span> <span class='ocrx_word' id='word_1_126' title='bbox 166 1760 299 1814; x_wconf 89' lang='lat' dir='ltr'><strong>omnium</strong></span> <span class='ocrx_word' id='word_1_127' title='bbox 317 1757 459 1830; x_wconf 85' lang='lat' dir='ltr'><strong>deorum,</strong></span> <span class='ocrx_word' id='word_1_128' title='bbox 485 1779 553 1818; x_wconf 88' lang='lat' dir='ltr'><strong>eum</strong></span> <span class='ocrx_word' id='word_1_129' title='bbox 571 1763 722 1818; x_wconf 86' lang='lat' dir='ltr'><strong>memoriis</strong></span> <span class='ocrx_word' id='word_1_130' title='bbox 741 1771 914 1820; x_wconf 86' lang='lat' dir='ltr'><strong>nostrorum</strong></span> <span class='ocrx_word' id='word_1_131' title='bbox 933 1765 1091 1838; x_wconf 85' lang='lat' dir='ltr'><strong>Apostolo-</strong></span> 
     </span>
     <span class='ocr_line' id='line_1_20' title="bbox 58 1840 1091 1920; baseline 0.006 -22"><span class='ocrx_word' id='word_1_132' title='bbox 58 1861 129 1898; x_wconf 86' lang='lat' dir='ltr'><strong>rum.</strong></span> <span class='ocrx_word' id='word_1_133' title='bbox 172 1840 249 1898; x_wconf 82' lang='lat' dir='ltr'><strong>illue</strong></span> <span class='ocrx_word' id='word_1_134' title='bbox 262 1843 395 1898; x_wconf 78' lang='lat' dir='ltr'><strong>incensis</strong></span> <span class='ocrx_word' id='word_1_135' title='bbox 409 1845 527 1916; x_wconf 90' lang='lat' dir='ltr'><strong>templis</strong></span> <span class='ocrx_word' id='word_1_136' title='bbox 545 1853 576 1900; x_wconf 90' lang='lat' dir='ltr'><strong>et</strong></span> <span class='ocrx_word' id='word_1_137' title='bbox 588 1844 645 1900; x_wconf 93' lang='lat' dir='ltr'><strong>diis</strong></span> <span class='ocrx_word' id='word_1_138' title='bbox 659 1855 761 1920; x_wconf 91' lang='lat' dir='ltr'><strong>erepta</strong></span> <span class='ocrx_word' id='word_1_139' title='bbox 777 1848 873 1920; x_wconf 86' lang='lat' dir='ltr'><strong>spolia</strong></span> <span class='ocrx_word' id='word_1_140' title='bbox 885 1849 1091 1920; x_wconf 87' lang='lat' dir='ltr'><strong>portabantur,</strong></span> 
     </span>
     <span class='ocr_line' id='line_1_21' title="bbox 59 1923 1091 2000; baseline 0.005 -18"><span class='ocrx_word' id='word_1_141' title='bbox 59 1945 116 1982; x_wconf 84' lang='lat' dir='ltr'><strong>non</strong></span> <span class='ocrx_word' id='word_1_142' title='bbox 139 1923 292 1982; x_wconf 89' lang='lat' dir='ltr'><strong>reddenda</strong></span> <span class='ocrx_word' id='word_1_143' title='bbox 309 1926 417 1996; x_wconf 86' lang='lat' dir='ltr'><strong>vietis,</strong></span> <span class='ocrx_word' id='word_1_144' title='bbox 444 1925 496 1982; x_wconf 84' lang='lat' dir='ltr'><strong>sed</strong></span> <span class='ocrx_word' id='word_1_145' title='bbox 514 1926 672 1984; x_wconf 85' lang='lat' dir='ltr'><strong>dividenda</strong></span> <span class='ocrx_word' id='word_1_146' title='bbox 697 1929 878 1986; x_wconf 83' lang='lat' dir='ltr'><strong>vietorihus:</strong></span> <span class='ocrx_word' id='word_1_147' title='bbox 904 1927 962 1987; x_wconf 83' lang='lat' dir='ltr'><strong>hue</strong></span> <span class='ocrx_word' id='word_1_148' title='bbox 981 1940 1091 2000; x_wconf 84' lang='lat' dir='ltr'><strong>autem,</strong></span> 
     </span>
     <span class='ocr_line' id='line_1_22' title="bbox 59 2007 1092 2087; baseline 0.004 -23"><span class='ocrx_word' id='word_1_149' title='bbox 59 2019 88 2066; x_wconf 88' lang='lat' dir='ltr'><strong>et</strong></span> <span class='ocrx_word' id='word_1_150' title='bbox 100 2007 180 2084; x_wconf 87' lang='lat' dir='ltr'><strong>quod</strong></span> <span class='ocrx_word' id='word_1_151' title='bbox 193 2008 268 2064; x_wconf 79' lang='lat' dir='ltr'><strong>alibi</strong></span> <span class='ocrx_word' id='word_1_152' title='bbox 281 2008 319 2063; x_wconf 89' lang='lat' dir='ltr'><strong>sd</strong></span> <span class='ocrx_word' id='word_1_153' title='bbox 338 2026 375 2064; x_wconf 87' lang='lat' dir='ltr'><strong>ess</strong></span> <span class='ocrx_word' id='word_1_154' title='bbox 388 2010 454 2066; x_wconf 80' lang='lat' dir='ltr'><strong>loeo</strong></span> <span class='ocrx_word' id='word_1_155' title='bbox 472 2020 655 2084; x_wconf 77' lang='lat' dir='ltr'><strong>compertum</strong></span> <span class='ocrx_word' id='word_1_156' title='bbox 678 2022 725 2070; x_wconf 87' lang='lat' dir='ltr'><strong>est</strong></span> <span class='ocrx_word' id='word_1_157' title='bbox 748 2014 917 2087; x_wconf 87' lang='lat' dir='ltr'><strong>pertinere,</strong></span> <span class='ocrx_word' id='word_1_158' title='bbox 945 2031 1013 2069; x_wconf 88' lang='lat' dir='ltr'><strong>eum</strong></span> <span class='ocrx_word' id='word_1_159' title='bbox 1038 2012 1092 2068; x_wconf 88' lang='lat' dir='ltr'><strong>ho-</strong></span> 
     </span>
     <span class='ocr_line' id='line_1_23' title="bbox 58 2091 1092 2170; baseline 0.002 -22"><span class='ocrx_word' id='word_1_160' title='bbox 58 2111 127 2148; x_wconf 90' lang='lat' dir='ltr'><strong>nore</strong></span> <span class='ocrx_word' id='word_1_161' title='bbox 147 2101 178 2148; x_wconf 90' lang='lat' dir='ltr'><strong>et</strong></span> <span class='ocrx_word' id='word_1_162' title='bbox 199 2091 346 2165; x_wconf 86' lang='lat' dir='ltr'><strong>obsequio</strong></span> <span class='ocrx_word' id='word_1_163' title='bbox 366 2093 595 2170; x_wconf 85' lang='lat' dir='ltr'><strong>religiosissimo</strong></span> <span class='ocrx_word' id='word_1_164' title='bbox 618 2105 802 2168; x_wconf 87' lang='lat' dir='ltr'><strong>reportatum</strong></span> <span class='ocrx_word' id='word_1_165' title='bbox 820 2105 875 2151; x_wconf 85' lang='lat' dir='ltr'><strong>est.</strong></span> <span class='ocrx_word' id='word_1_166' title='bbox 916 2095 960 2151; x_wconf 90' lang='lat' dir='ltr'><strong>lbi</strong></span> <span class='ocrx_word' id='word_1_167' title='bbox 972 2097 1092 2166; x_wconf 86' lang='lat' dir='ltr'><strong>amissa,</strong></span> 
     </span>
     <span class='ocr_line' id='line_1_24' title="bbox 58 2173 1093 2252; baseline 0.004 -22"><span class='ocrx_word' id='word_1_168' title='bbox 58 2174 102 2232; x_wconf 87' lang='lat' dir='ltr'><strong>hio</strong></span> <span class='ocrx_word' id='word_1_169' title='bbox 114 2184 237 2234; x_wconf 83' lang='lat' dir='ltr'><strong>servata</strong></span> <span class='ocrx_word' id='word_1_170' title='bbox 250 2173 387 2232; x_wconf 84' lang='lat' dir='ltr'><strong>libertas:</strong></span> <span class='ocrx_word' id='word_1_171' title='bbox 415 2176 456 2231; x_wconf 92' lang='lat' dir='ltr'><strong>ibi</strong></span> <span class='ocrx_word' id='word_1_172' title='bbox 469 2178 585 2248; x_wconf 85' lang='lat' dir='ltr'><strong>olausa,</strong></span> <span class='ocrx_word' id='word_1_173' title='bbox 611 2176 660 2234; x_wconf 88' lang='lat' dir='ltr'><strong>hio</strong></span> <span class='ocrx_word' id='word_1_174' title='bbox 673 2178 833 2236; x_wconf 84' lang='lat' dir='ltr'><strong>interdieta</strong></span> <span class='ocrx_word' id='word_1_175' title='bbox 852 2179 1024 2252; x_wconf 79' lang='lat' dir='ltr'><strong>eaptivitas:</strong></span> <span class='ocrx_word' id='word_1_176' title='bbox 1050 2179 1093 2235; x_wconf 91' lang='lat' dir='ltr'><strong>ibi</strong></span> 
     </span>
     <span class='ocr_line' id='line_1_25' title="bbox 59 2256 1091 2336; baseline 0.002 -22"><span class='ocrx_word' id='word_1_177' title='bbox 59 2258 229 2332; x_wconf 86' lang='lat' dir='ltr'><strong>possidendi</strong></span> <span class='ocrx_word' id='word_1_178' title='bbox 247 2276 266 2316; x_wconf 91' lang='grc' dir='ltr'><strong>ιι</strong></span> <span class='ocrx_word' id='word_1_179' title='bbox 285 2256 506 2316; x_wconf 87' lang='lat' dir='ltr'><strong>dominantibus</strong></span> <span class='ocrx_word' id='word_1_180' title='bbox 523 2258 659 2318; x_wconf 90' lang='lat' dir='ltr'><strong>hostibus</strong></span> <span class='ocrx_word' id='word_1_181' title='bbox 682 2263 907 2336; x_wconf 85' lang='lat' dir='ltr'><strong>premebantur,</strong></span> <span class='ocrx_word' id='word_1_182' title='bbox 934 2259 992 2318; x_wconf 86' lang='lat' dir='ltr'><strong>hue</strong></span> <span class='ocrx_word' id='word_1_183' title='bbox 1017 2261 1091 2317; x_wconf 86' lang='lat' dir='ltr'><strong>liba-</strong></span> 
     </span>
     <span class='ocr_line' id='line_1_26' title="bbox 57 2339 1091 2400; baseline 0.003 -3"><span class='ocrx_word' id='word_1_184' title='bbox 57 2342 139 2398; x_wconf 88' lang='lat' dir='ltr'><strong>randi</strong></span> <span class='ocrx_word' id='word_1_185' title='bbox 153 2361 171 2400; x_wconf 85' lang='lat' dir='ltr'><strong>a</strong></span> <span class='ocrx_word' id='word_1_186' title='bbox 184 2342 399 2398; x_wconf 72' lang='lat' dir='ltr'><strong>miserantibus</strong></span> <span class='ocrx_word' id='word_1_187' title='bbox 412 2339 546 2398; x_wconf 78' lang='lat' dir='ltr'><strong>hostibus</strong></span> <span class='ocrx_word' id='word_1_188' title='bbox 560 2342 753 2400; x_wconf 77' lang='lat' dir='ltr'><strong>ducebantur.</strong></span> <span class='ocrx_word' id='word_1_189' title='bbox 785 2343 939 2400; x_wconf 86' lang='lat' dir='ltr'><strong>Postremo</strong></span> <span class='ocrx_word' id='word_1_190' title='bbox 954 2342 1029 2400; x_wconf 89' lang='lat' dir='ltr'><strong>illud</strong></span> <span class='ocrx_word' id='word_1_191' title='bbox 1041 2342 1091 2400; x_wconf 89' lang='lat' dir='ltr'><strong>lu-</strong></span> 
     </span>
     <span class='ocr_line' id='line_1_27' title="bbox 57 2424 1090 2502; baseline 0.001 -22"><span class='ocrx_word' id='word_1_192' title='bbox 57 2427 142 2482; x_wconf 89' lang='lat' dir='ltr'><strong>nonis</strong></span> <span class='ocrx_word' id='word_1_193' title='bbox 156 2426 301 2498; x_wconf 89' lang='lat' dir='ltr'><strong>templum</strong></span> <span class='ocrx_word' id='word_1_194' title='bbox 313 2424 372 2480; x_wconf 87' lang='lat' dir='ltr'><strong>sibi</strong></span> <span class='ocrx_word' id='word_1_195' title='bbox 392 2425 524 2502; x_wconf 80' lang='lat' dir='ltr'><strong>elegerat</strong></span> <span class='ocrx_word' id='word_1_196' title='bbox 537 2427 665 2484; x_wconf 82' lang='lat' dir='ltr'><strong>avaritia</strong></span> <span class='ocrx_word' id='word_1_197' title='bbox 678 2435 709 2482; x_wconf 87' lang='lat' dir='ltr'><strong>at</strong></span> <span class='ocrx_word' id='word_1_198' title='bbox 721 2427 859 2500; x_wconf 85' lang='lat' dir='ltr'><strong>superbia</strong></span> <span class='ocrx_word' id='word_1_199' title='bbox 871 2428 982 2486; x_wconf 82' lang='lat' dir='ltr'><strong>levium</strong></span> <span class='ocrx_word' id='word_1_200' title='bbox 996 2426 1090 2483; x_wconf 84' lang='lat' dir='ltr'><strong>Grae-</strong></span> 
     </span>
     <span class='ocr_line' id='line_1_28' title="bbox 57 2506 1092 2579; baseline -0.001 -15"><span class='ocrx_word' id='word_1_201' title='bbox 57 2527 171 2579; x_wconf 77' lang='lat' dir='ltr'><strong>corum,</strong></span> <span class='ocrx_word' id='word_1_202' title='bbox 194 2510 269 2564; x_wconf 87' lang='lat' dir='ltr'><strong>istas</strong></span> <span class='ocrx_word' id='word_1_203' title='bbox 281 2506 393 2566; x_wconf 84' lang='lat' dir='ltr'><strong>Christi</strong></span> <span class='ocrx_word' id='word_1_204' title='bbox 410 2507 548 2564; x_wconf 78' lang='lat' dir='ltr'><strong>basilicas</strong></span> <span class='ocrx_word' id='word_1_205' title='bbox 572 2508 778 2566; x_wconf 77' lang='lat' dir='ltr'><strong>misericordia</strong></span> <span class='ocrx_word' id='word_1_206' title='bbox 791 2518 822 2565; x_wconf 87' lang='lat' dir='ltr'><strong>et</strong></span> <span class='ocrx_word' id='word_1_207' title='bbox 833 2507 983 2566; x_wconf 85' lang='lat' dir='ltr'><strong>humilitas</strong></span> <span class='ocrx_word' id='word_1_208' title='bbox 1001 2511 1092 2564; x_wconf 85' lang='lat' dir='ltr'><strong>etiam</strong></span> 
     </span>
     <span class='ocr_line' id='line_1_29' title="bbox 56 2579 1093 2663; baseline -0.005 -15"><span class='ocrx_word' id='word_1_209' title='bbox 56 2579 227 2648; x_wconf 83' lang='lat' dir='ltr'><strong>immanium</strong></span> <span class='ocrx_word' id='word_1_210' title='bbox 240 2589 450 2648; x_wconf 85' lang='lat' dir='ltr'><strong>Barbarorum.</strong></span> <span class='ocrx_word' id='word_1_211' title='bbox 472 2594 488 2630; x_wconf 65' lang='lat'><strong><em>⁴</em></strong></span> <span class='ocrx_word' id='word_1_212' title='bbox 501 2590 569 2648; x_wconf 85' lang='lat' dir='ltr'><strong>Nisi</strong></span> <span class='ocrx_word' id='word_1_213' title='bbox 582 2591 660 2647; x_wconf 80' lang='lat' dir='ltr'><strong>forte</strong></span> <span class='ocrx_word' id='word_1_214' title='bbox 673 2591 782 2648; x_wconf 75' lang='lat' dir='ltr'><strong>Graeci</strong></span> <span class='ocrx_word' id='word_1_215' title='bbox 796 2591 915 2663; x_wconf 87' lang='lat' dir='ltr'><strong>quidem</strong></span> <span class='ocrx_word' id='word_1_216' title='bbox 928 2593 1025 2646; x_wconf 85' lang='lat' dir='ltr'><strong>inilia</strong></span> <span class='ocrx_word' id='word_1_217' title='bbox 1038 2607 1093 2644; x_wconf 87' lang='lat' dir='ltr'><strong>sua</strong></span> 
     </span>
     <span class='ocr_line' id='line_1_30' title="bbox 58 2672 1092 2746; baseline -0.004 -18"><span class='ocrx_word' id='word_1_218' title='bbox 58 2676 184 2730; x_wconf 80' lang='lat' dir='ltr'><strong>viatoria</strong></span> <span class='ocrx_word' id='word_1_219' title='bbox 202 2675 321 2746; x_wconf 86' lang='lat' dir='ltr'><strong>templis</strong></span> <span class='ocrx_word' id='word_1_220' title='bbox 341 2672 465 2730; x_wconf 86' lang='lat' dir='ltr'><strong>deorum</strong></span> <span class='ocrx_word' id='word_1_221' title='bbox 484 2675 685 2728; x_wconf 83' lang='lat' dir='ltr'><strong>communium</strong></span> <span class='ocrx_word' id='word_1_222' title='bbox 697 2681 913 2744; x_wconf 79' lang='lat' dir='ltr'><strong>pepercerunt,</strong></span> <span class='ocrx_word' id='word_1_223' title='bbox 939 2681 1028 2744; x_wconf 87' lang='lat' dir='ltr'><strong>atque</strong></span> <span class='ocrx_word' id='word_1_224' title='bbox 1040 2672 1092 2724; x_wconf 91' lang='lat' dir='ltr'><strong>illo</strong></span> 
     </span>
     <span class='ocr_line' id='line_1_31' title="bbox 57 2753 1093 2834; baseline -0.003 -23"><span class='ocrx_word' id='word_1_225' title='bbox 57 2757 263 2832; x_wconf 83' lang='lat' dir='ltr'><strong>eonissgieutos</strong></span> <span class='ocrx_word' id='word_1_226' title='bbox 275 2757 404 2814; x_wconf 85' lang='lat' dir='ltr'><strong>miseros</strong></span> <span class='ocrx_word' id='word_1_227' title='bbox 418 2757 575 2830; x_wconf 85' lang='lat' dir='ltr'><strong>victosque</strong></span> <span class='ocrx_word' id='word_1_228' title='bbox 589 2753 738 2812; x_wconf 85' lang='lat' dir='ltr'><strong>Troianos</strong></span> <span class='ocrx_word' id='word_1_229' title='bbox 756 2753 848 2810; x_wconf 80' lang='lat' dir='ltr'><strong>ferire</strong></span> <span class='ocrx_word' id='word_1_230' title='bbox 870 2754 932 2834; x_wconf 53' lang='lat' dir='ltr'><strong>vel⁸</strong></span> <span class='ocrx_word' id='word_1_231' title='bbox 942 2753 1093 2826; x_wconf 78' lang='lat' dir='ltr'><strong>captivare</strong></span> 
     </span>
     <span class='ocr_line' id='line_1_32' title="bbox 55 2836 1092 2917; baseline -0.003 -23"><span class='ocrx_word' id='word_1_232' title='bbox 55 2857 115 2896; x_wconf 92' lang='lat' dir='ltr'><strong>non</strong></span> <span class='ocrx_word' id='word_1_233' title='bbox 136 2840 201 2896; x_wconf 89' lang='lat' dir='ltr'><strong>ausi</strong></span> <span class='ocrx_word' id='word_1_234' title='bbox 225 2847 316 2910; x_wconf 79' lang='lat' dir='ltr'><strong>sunt3</strong></span> <span class='ocrx_word' id='word_1_235' title='bbox 348 2836 402 2894; x_wconf 84' lang='lat' dir='ltr'><strong>sed</strong></span> <span class='ocrx_word' id='word_1_236' title='bbox 422 2837 567 2917; x_wconf 83' lang='lat' dir='ltr'><strong>Virgilius</strong></span> <span class='ocrx_word' id='word_1_237' title='bbox 586 2847 743 2912; x_wconf 80' lang='lat' dir='ltr'><strong>poetarum</strong></span> <span class='ocrx_word' id='word_1_238' title='bbox 759 2855 859 2908; x_wconf 87' lang='lat' dir='ltr'><strong>more,</strong></span> <span class='ocrx_word' id='word_1_239' title='bbox 879 2838 930 2893; x_wconf 84' lang='lat' dir='ltr'><strong>illa</strong></span> <span class='ocrx_word' id='word_1_240' title='bbox 948 2838 1092 2892; x_wconf 86' lang='lat' dir='ltr'><strong>mentitus</strong></span> 
     </span>
    </p>
   </div>
   <div class='ocr_carea' id='block_1_4' title="bbox 54 2919 1091 3086">
    <p class='ocr_par' dir='ltr' id='par_1_4' title="bbox 54 2919 1091 3086">
     <span class='ocr_line' id='line_1_33' title="bbox 55 2919 1091 2980; baseline -0.002 -4"><span class='ocrx_word' id='word_1_241' title='bbox 55 2931 106 2978; x_wconf 88' lang='lat' dir='ltr'><strong>eat.</strong></span> <span class='ocrx_word' id='word_1_242' title='bbox 150 2920 212 2980; x_wconf 88' lang='lat' dir='ltr'><strong>Imo</strong></span> <span class='ocrx_word' id='word_1_243' title='bbox 232 2941 304 2980; x_wconf 86' lang='lat' dir='ltr'><strong>vero</strong></span> <span class='ocrx_word' id='word_1_244' title='bbox 325 2937 440 2978; x_wconf 83' lang='lat' dir='ltr'><strong>morem</strong></span> <span class='ocrx_word' id='word_1_245' title='bbox 453 2919 584 2978; x_wconf 84' lang='lat' dir='ltr'><strong>hostium</strong></span> <span class='ocrx_word' id='word_1_246' title='bbox 605 2923 741 2978; x_wconf 70' lang='lat' dir='ltr'><strong>civitates</strong></span> <span class='ocrx_word' id='word_1_247' title='bbox 760 2921 959 2977; x_wconf 83' lang='lat' dir='ltr'><strong>evertentium</strong></span> <span class='ocrx_word' id='word_1_248' title='bbox 972 2921 1022 2975; x_wconf 89' lang='lat' dir='ltr'><strong>iile</strong></span> <span class='ocrx_word' id='word_1_249' title='bbox 1040 2919 1091 2975; x_wconf 87' lang='lat' dir='ltr'><strong>de-</strong></span> 
     </span>
     <span class='ocr_line' id='line_1_34' title="bbox 54 2991 1049 3086; baseline 0.002 -28"><span class='ocrx_word' id='word_1_250' title='bbox 54 3007 181 3079; x_wconf 74' lang='lat' dir='ltr'><strong>scripsit.</strong></span> <span class='ocrx_word' id='word_1_251' title='bbox 478 2991 1049 3086; x_wconf 58' lang='lat' dir='ltr'><strong>(scarorumsnospanosss)</strong></span> 
     </span>
    </p>
   </div>
   <div class='ocr_carea' id='block_1_5' title="bbox 474 3100 676 3160">
    <p class='ocr_par' dir='ltr' id='par_1_5' title="bbox 474 3100 676 3160">
     <span class='ocr_line' id='line_1_35' title="bbox 474 3100 676 3160; baseline -0.015 0"><span class='ocrx_word' id='word_1_252' title='bbox 474 3101 597 3160; x_wconf 79' lang='lat' dir='ltr'><strong>CAP.</strong></span> <span class='ocrx_word' id='word_1_253' title='bbox 641 3100 676 3158; x_wconf 88' lang='lat' dir='ltr'><strong>V.</strong></span> 
     </span>
    </p>
   </div>
   <div class='ocr_carea' id='block_1_6' title="bbox 53 3181 1095 3304">
    <p class='ocr_par' dir='ltr' id='par_1_6' title="bbox 53 3181 1095 3304">
     <span class='ocr_line' id='line_1_36' title="bbox 53 3181 1095 3256; baseline -0.004 -20"><span class='ocrx_word' id='word_1_254' title='bbox 53 3184 94 3238; x_wconf 88' lang='lat' dir='ltr'><strong>De</strong></span> <span class='ocrx_word' id='word_1_255' title='bbox 101 3184 232 3256; x_wconf 73' lang='lat' dir='ltr'><strong>generali</strong></span> <span class='ocrx_word' id='word_1_256' title='bbox 241 3181 436 3237; x_wconf 74' lang='lat' dir='ltr'><strong>eonsumdisse</strong></span> <span class='ocrx_word' id='word_1_257' title='bbox 446 3181 563 3234; x_wconf 77' lang='grc' dir='ltr'>Ῑιιιιίιιιι</span> <span class='ocrx_word' id='word_1_258' title='bbox 573 3181 661 3234; x_wconf 84' lang='lat' dir='ltr'><strong>oietas</strong></span> <span class='ocrx_word' id='word_1_259' title='bbox 672 3181 798 3239; x_wconf 68' lang='lat' dir='ltr'><strong>oioitnes</strong></span> <span class='ocrx_word' id='word_1_260' title='bbox 818 3182 1010 3244; x_wconf 78' lang='lat' dir='ltr'><strong>evertentium,</strong></span> <span class='ocrx_word' id='word_1_261' title='bbox 1029 3181 1095 3249; x_wconf 76' lang='lat' dir='ltr'><strong>quid</strong></span> 
     </span>
     <span class='ocr_line' id='line_1_37' title="bbox 454 3249 699 3304; baseline -0.004 -1"><span class='ocrx_word' id='word_1_262' title='bbox 454 3249 558 3304; x_wconf 78' lang='lat' dir='ltr'><strong>Caesus·</strong></span> <span class='ocrx_word' id='word_1_263' title='bbox 576 3251 699 3304; x_wconf 69' lang='lat' dir='ltr'><strong>mosem.</strong></span> 
     </span>
    </p>
   </div>
   <div class='ocr_carea' id='block_1_7' title="bbox 56 3323 1194 3912">
    <p class='ocr_par' dir='ltr' id='par_1_7' title="bbox 56 3323 1194 3912">
     <span class='ocr_line' id='line_1_38' title="bbox 112 3323 1092 3398; baseline -0.008 -14"><span class='ocrx_word' id='word_1_264' title='bbox 112 3327 211 3394; x_wconf 82' lang='lat' dir='ltr'><strong>Quem</strong></span> <span class='ocrx_word' id='word_1_265' title='bbox 222 3343 339 3382; x_wconf 84' lang='lat' dir='ltr'><strong>morem</strong></span> <span class='ocrx_word' id='word_1_266' title='bbox 352 3325 442 3382; x_wconf 85' lang='lat' dir='ltr'><strong>etiam</strong></span> <span class='ocrx_word' id='word_1_267' title='bbox 455 3323 565 3382; x_wconf 85' lang='lat' dir='ltr'><strong>Caesar</strong></span> <span class='ocrx_word' id='word_1_268' title='bbox 583 3327 678 3398; x_wconf 70' lang='lat' dir='ltr'><strong>(siout</strong></span> <span class='ocrx_word' id='word_1_269' title='bbox 689 3325 796 3382; x_wconf 88' lang='lat' dir='ltr'><strong>seribit</strong></span> <span class='ocrx_word' id='word_1_270' title='bbox 817 3323 980 3394; x_wconf 82' lang='lat' dir='ltr'><strong>Salustius,</strong></span> <span class='ocrx_word' id='word_1_271' title='bbox 1006 3324 1092 3379; x_wconf 87' lang='lat' dir='ltr'><strong>uobi-</strong></span> 
     </span>
     <span class='ocr_line' id='line_1_39' title="bbox 56 3402 1093 3486; baseline -0.006 -22"><span class='ocrx_word' id='word_1_272' title='bbox 56 3413 136 3466; x_wconf 90' lang='lat' dir='ltr'><strong>litate</strong></span> <span class='ocrx_word' id='word_1_273' title='bbox 161 3410 303 3468; x_wconf 82' lang='lat' dir='ltr'><strong>veritatis</strong></span> <span class='ocrx_word' id='word_1_274' title='bbox 320 3402 503 3486; x_wconf 85' lang='lat' dir='ltr'><strong>historiens)</strong></span> <span class='ocrx_word' id='word_1_275' title='bbox 531 3409 680 3465; x_wconf 87' lang='lat' dir='ltr'><strong>sententia</strong></span> <span class='ocrx_word' id='word_1_276' title='bbox 705 3425 779 3478; x_wconf 87' lang='lat' dir='ltr'><strong>sua,</strong></span> <span class='ocrx_word' id='word_1_277' title='bbox 813 3425 901 3482; x_wconf 81' lang='lat' dir='ltr'><strong>quam</strong></span> <span class='ocrx_word' id='word_1_278' title='bbox 927 3406 964 3461; x_wconf 88' lang='lat' dir='ltr'><strong>da</strong></span> <span class='ocrx_word' id='word_1_279' title='bbox 988 3405 1093 3460; x_wconf 83' lang='lat' dir='ltr'><strong>eoniu-</strong></span> 
     </span>
     <span class='ocr_line' id='line_1_40' title="bbox 58 3484 1095 3564; baseline -0.006 -19"><span class='ocrx_word' id='word_1_280' title='bbox 58 3495 125 3548; x_wconf 84' lang='lat' dir='ltr'><strong>ratis</strong></span> <span class='ocrx_word' id='word_1_281' title='bbox 143 3495 177 3550; x_wconf 88' lang='lat' dir='ltr'><strong>in</strong></span> <span class='ocrx_word' id='word_1_282' title='bbox 197 3500 308 3550; x_wconf 87' lang='lat' dir='ltr'><strong>senatu</strong></span> <span class='ocrx_word' id='word_1_283' title='bbox 320 3489 435 3561; x_wconf 82' lang='lat' dir='ltr'><strong>habuit,</strong></span> <span class='ocrx_word' id='word_1_284' title='bbox 457 3507 688 3548; x_wconf 83' lang='lat' dir='ltr'><strong>commemorare</strong></span> <span class='ocrx_word' id='word_1_285' title='bbox 700 3508 762 3547; x_wconf 84' lang='lat' dir='ltr'><strong>nan</strong></span> <span class='ocrx_word' id='word_1_286' title='bbox 775 3489 998 3564; x_wconf 81' lang='lat' dir='ltr'><strong>praetermittit:</strong></span> <span class='ocrx_word' id='word_1_287' title='bbox 1018 3484 1095 3558; x_wconf 85' lang='lat' dir='ltr'><strong>Rapi</strong></span> 
     </span>
     <span class='ocr_line' id='line_1_41' title="bbox 58 3572 1094 3651; baseline -0.008 -21"><span class='ocrx_word' id='word_1_288' title='bbox 58 3576 205 3651; x_wconf 80' lang='lat' dir='ltr'><strong>virgines,</strong></span> <span class='ocrx_word' id='word_1_289' title='bbox 219 3589 349 3650; x_wconf 80' lang='lat' dir='ltr'><strong>pueroa3</strong></span> <span class='ocrx_word' id='word_1_290' title='bbox 368 3572 470 3630; x_wconf 86' lang='lat' dir='ltr'><strong>divelli</strong></span> <span class='ocrx_word' id='word_1_291' title='bbox 482 3573 592 3630; x_wconf 82' lang='lat' dir='ltr'><strong>liberos</strong></span> <span class='ocrx_word' id='word_1_292' title='bbox 604 3590 623 3629; x_wconf 90' lang='lat' dir='ltr'><strong>a</strong></span> <span class='ocrx_word' id='word_1_293' title='bbox 632 3582 791 3646; x_wconf 84' lang='lat' dir='ltr'><strong>pareutum</strong></span> <span class='ocrx_word' id='word_1_294' title='bbox 804 3574 971 3644; x_wconf 72' lang='lat' dir='ltr'><strong>amplexu,</strong></span> <span class='ocrx_word' id='word_1_295' title='bbox 984 3576 1094 3624; x_wconf 85' lang='lat' dir='ltr'><strong>matres</strong></span> 
     </span>
     <span class='ocr_line' id='line_1_42' title="bbox 56 3648 1094 3732; baseline -0.013 -15"><span class='ocrx_word' id='word_1_296' title='bbox 56 3656 231 3716; x_wconf 80' lang='lat' dir='ltr'><strong>familiarum</strong></span> <span class='ocrx_word' id='word_1_297' title='bbox 249 3659 315 3730; x_wconf 87' lang='lat' dir='ltr'><strong>pati</strong></span> <span class='ocrx_word' id='word_1_298' title='bbox 334 3673 413 3732; x_wconf 84' lang='lat' dir='ltr'><strong>quae</strong></span> <span class='ocrx_word' id='word_1_299' title='bbox 434 3657 598 3714; x_wconf 84' lang='lat' dir='ltr'><strong>vietoribus</strong></span> <span class='ocrx_word' id='word_1_300' title='bbox 619 3656 819 3726; x_wconf 84' lang='lat' dir='ltr'><strong>eollibuisaet‚</strong></span> <span class='ocrx_word' id='word_1_301' title='bbox 845 3654 916 3709; x_wconf 84' lang='lat' dir='ltr'><strong>fana</strong></span> <span class='ocrx_word' id='word_1_302' title='bbox 936 3658 1026 3724; x_wconf 82' lang='lat' dir='ltr'><strong>atque</strong></span> <span class='ocrx_word' id='word_1_303' title='bbox 1041 3648 1094 3705; x_wconf 91' lang='lat' dir='ltr'><strong>do-</strong></span> 
     </span>
     <span class='ocr_line' id='line_1_43' title="bbox 56 3734 1093 3815; baseline -0.006 -21"><span class='ocrx_word' id='word_1_304' title='bbox 56 3758 114 3796; x_wconf 87' lang='lat' dir='ltr'><strong>mos</strong></span> <span class='ocrx_word' id='word_1_305' title='bbox 141 3741 284 3815; x_wconf 84' lang='lat' dir='ltr'><strong>spoliari,</strong></span> <span class='ocrx_word' id='word_1_306' title='bbox 314 3736 451 3809; x_wconf 85' lang='lat' dir='ltr'><strong>eaedem,</strong></span> <span class='ocrx_word' id='word_1_307' title='bbox 476 3737 709 3808; x_wconf 81' lang='lat' dir='ltr'><strong>iuoendiafiari3</strong></span> <span class='ocrx_word' id='word_1_308' title='bbox 741 3745 891 3810; x_wconf 86' lang='lat' dir='ltr'><strong>postremo</strong></span> <span class='ocrx_word' id='word_1_309' title='bbox 910 3734 1017 3803; x_wconf 85' lang='lat' dir='ltr'><strong>armis,</strong></span> <span class='ocrx_word' id='word_1_310' title='bbox 1044 3749 1093 3788; x_wconf 87' lang='lat' dir='ltr'><strong>oa·</strong></span> 
     </span>
     <span class='ocr_line' id='line_1_44' title="bbox 56 3814 1194 3912; baseline -0.01 -34"><span class='ocrx_word' id='word_1_311' title='bbox 56 3820 225 3894; x_wconf 80' lang='lat' dir='ltr'><strong>daveribus,</strong></span> <span class='ocrx_word' id='word_1_312' title='bbox 260 3839 372 3878; x_wconf 85' lang='lat' dir='ltr'><strong>eruore</strong></span> <span class='ocrx_word' id='word_1_313' title='bbox 396 3830 485 3894; x_wconf 83' lang='lat' dir='ltr'><strong>atque</strong></span> <span class='ocrx_word' id='word_1_314' title='bbox 503 3823 586 3878; x_wconf 90' lang='lat' dir='ltr'><strong>luotu</strong></span> <span class='ocrx_word' id='word_1_315' title='bbox 614 3821 713 3878; x_wconf 84' lang='lat' dir='ltr'><strong>omnia</strong></span> <span class='ocrx_word' id='word_1_316' title='bbox 737 3819 860 3891; x_wconf 87' lang='lat' dir='ltr'><strong>repleri.</strong></span> <span class='ocrx_word' id='word_1_317' title='bbox 901 3814 959 3872; x_wconf 86' lang='lat' dir='ltr'><strong>Hie</strong></span> <span class='ocrx_word' id='word_1_318' title='bbox 979 3817 1006 3870; x_wconf 89' lang='lat' dir='ltr'><strong>si</strong></span> <span class='ocrx_word' id='word_1_319' title='bbox 1025 3814 1096 3870; x_wconf 83' lang='lat' dir='ltr'><strong>fana</strong></span> <span class='ocrx_word' id='word_1_320' title='bbox 1179 3883 1194 3912; x_wconf 60' lang='lat' dir='ltr'>x</span> 
     </span>
    </p>
   </div>
   <div class='ocr_carea' id='block_1_8' title="bbox 0 0 1306 4416">
    <p class='ocr_par' dir='ltr' id='par_1_8' title="bbox 0 0 1306 4416">
     <span class='ocr_line' id='line_1_45' title="bbox 0 0 1306 4416; baseline 0 2"><span class='ocrx_word' id='word_1_321' title='bbox 0 0 1306 4416; x_wconf 95' lang='lat' dir='ltr'><strong> </strong></span> 
     </span>
    </p>
   </div>
  </div>
 </body>
</html>
