2576 4396
267 197 327 255 DE
351 199 574 261 CIVITATE
596 204 676 261 DEI
702 205 782 262 ΗΒ.
804 207 864 264 XI.
1015 216 1075 274 ³15

38 370 169 410 neceam
184 349 335 420 doctrina,
359 350 464 424 idest,
488 353 609 410 aliunde
622 354 771 427 discendo,
797 361 947 432 percipere
960 381 1076 422 aurare-

37 451 111 508 mus3
142 443 174 490 et
191 443 296 508 noster
314 453 395 490 amor
407 453 425 490 a
438 437 523 492 nobis
540 438 709 511 profectus,
736 442 814 498 etad
827 460 880 498 nos
893 446 1014 518 relatus,
1040 446 1075 505 ad

37 521 116 576 beate
130 515 293 574 vivendum
306 515 462 590 sufficeret,
477 539 532 576 nea
545 520 622 578 bono
635 523 692 580 alio
707 542 765 599 quo
779 524 943 582 frueremur
956 530 1016 584 ullo
1029 533 1076 586 in-

38 603 165 680 digeret:
194 619 275 672 nuno
287 619 360 658 vero
374 603 442 676 quia
455 612 563 659 natura
575 615 694 678 nostra,
720 616 754 663 ut
772 619 860 679 esset,
884 609 981 666 Deum
992 609 1079 668 habet

37 695 204 755 auctarem3
229 686 332 758 proeul
346 683 433 741 dubio
447 695 482 742 ιιι
496 705 567 743 vera
580 690 741 764 sapiamus,
766 692 861 767 ipsum
875 693 1012 750 debemur
1025 692 1078 752 ha-

36 770 101 825 bere
115 767 283 840 doctorem,
300 769 395 841 ipsum
408 770 497 827 etiam
511 779 545 827 ut
556 770 635 830 beati
654 773 761 847 sinsus,
787 778 940 834 suavitatis
958 779 1079 836 intimae

36 854 213 932 largitorem.

402 1005 525 1064 CAP.
567 1005 719 1068 XXVI.

35 1101 74 1156 De
88 1102 213 1173 imagine
228 1117 347 1152 summae
361 1099 522 1166 Trinitatis,
543 1120 611 1170 qaae
626 1107 770 1158 secandam
785 1110 916 1175 quendam
930 1111 1034 1162 madum
1048 1110 1077 1164 ia

169 1180 274 1225 natura
284 1171 368 1222 etiam
379 1189 426 1224 aee
438 1174 500 1224 dum
510 1172 663 1242 beatificati
673 1175 787 1228 dominis
797 1177 942 1230 invenitur.

94 1276 136 1333 Et
149 1295 206 1332 nos
220 1276 338 1351 quidem
351 1278 383 1333 in
398 1277 502 1348 nobis,
529 1279 648 1333 tametsi
661 1296 721 1334 non
735 1281 902 1352 aequalem,
922 1282 981 1338 imo
994 1284 1078 1340 valde

37 1364 185 1438 longeque
199 1359 373 1432 distantem,
399 1379 497 1435 nequa
516 1369 718 1431 coaeternam,
742 1370 772 1416 et
785 1379 842 1435 quo
854 1364 972 1421 brevius
985 1373 1079 1422 totum

37 1444 157 1515 dieitur,
186 1461 249 1498 uon
263 1443 393 1500 eiusdem
408 1443 604 1514 substantiae,
629 1444 712 1500 euius
726 1453 771 1500 est
783 1443 881 1518 Deus,
903 1457 1001 1504 tamen
1022 1466 1079 1523 qua

34 1527 94 1584 Deo
108 1525 187 1582 nihil
200 1527 241 1582 sit
253 1527 285 1582 in
297 1526 384 1584 rebus
398 1526 434 1583 ab
456 1545 490 1582 eo
509 1525 596 1582 saetis
617 1535 724 1584 natura
740 1530 948 1606 propinquius,
972 1532 1077 1609 imagi-

33 1630 98 1667 nem
111 1608 188 1680 Dei,
211 1607 267 1666 hoe
281 1618 325 1666 ιιι
338 1628 467 1666 summae
480 1611 558 1665 illius
572 1608 740 1683 Trinitatis,
754 1614 959 1690 agnoscimus,
984 1613 1077 1672 adhue

33 1693 247 1750 reformatione
259 1692 482 1768 perficiendam,
509 1703 543 1750 nt
556 1695 596 1750 sit
614 1696 703 1750 etiam
721 1695 915 1753 similitudine
933 1700 1076 1771 proxima.

34 1777 105 1833 Nam
126 1785 157 1833 et
171 1794 283 1847 ιιιιιιιιι,
310 1786 341 1833 ιι
353 1795 408 1833 nos
430 1795 495 1833 esse
508 1779 660 1850 novimus,
682 1786 713 1834 et
730 1777 761 1834 id
780 1773 937 1857 [nostrum]
958 1799 1024 1836 ιιιι
1042 1799 1077 1836 ao

35 1879 120 1918 nosse
135 1859 298 1936 diligimus.
324 1859 359 1916 ln
371 1858 417 1916 his
430 1870 528 1918 autem
540 1861 636 1918 tribus
649 1879 725 1937 quae
737 1861 810 1935 dixi,
833 1866 913 1920 nulla
926 1883 980 1921 nos
993 1863 1075 1920 falsi-

34 1955 74 2000 tas
87 1945 262 2002 verisimilia
276 1943 383 1999 turbat.
407 1943 475 2001 Non
489 1946 568 2001 enim
581 1964 631 2017 ea,
655 1946 733 2002 sieut
749 1946 801 2002 illa
816 1965 891 2023 quae
909 1947 982 2004 foris
996 1957 1077 2019 sunt,

34 2030 89 2084 ullo
103 2045 198 2084 ιιιιιιι
211 2028 343 2101 eorporis
356 2029 524 2106 tangimus,
541 2030 623 2085 velut
634 2031 748 2086 colores
761 2028 900 2102 videndo,
920 2048 1008 2088 sonos
1023 2049 1076 2086 au-

35 2111 158 2184 diendo,
183 2109 289 2166 odores
307 2109 488 2183 olfaciendo,
513 2130 632 2187 sapores
656 2111 820 2190 gustando,
845 2112 918 2168 dura
931 2121 961 2167 et
977 2114 1079 2168 mollia

34 2192 245 2252 contrectando
260 2195 421 2267 sentimus,
441 2213 565 2271 quorum
578 2195 762 2270 sensibilium
774 2197 863 2252 etiam
876 2197 1021 2274 imagines
1035 2198 1077 2251 eis

34 2280 210 2348 simillimas,
231 2297 286 2334 nee
299 2279 359 2334 iam
373 2297 544 2352 corporeas,
562 2280 743 2357 cogitatione
755 2298 921 2351 versamus,
938 2281 1078 2336 memoria

34 2373 180 2431 tenemus,
195 2369 225 2416 et
237 2378 291 2433 per
302 2361 380 2437 ipsas
393 2363 426 2418 in
439 2365 563 2419 istorum
576 2361 723 2420 desideria
737 2365 934 2421 concitamur:
948 2363 1000 2419 sed
1013 2364 1077 2420 sine

33 2448 89 2501 ulia
102 2444 330 2520 phantasiarum
340 2447 385 2500 vel
395 2443 632 2520 phantasmatum
643 2447 857 2522 imaginatione
869 2446 1077 2517 ludificatoria,

33 2528 102 2584 mihi
116 2546 185 2584 esse
198 2547 263 2598 me,
284 2527 371 2603 idque
391 2547 479 2585 ιιοιιι
493 2537 522 2584 ιι
537 2546 635 2584 amare
653 2529 851 2584 certissimum
864 2537 917 2583 ιιι.
945 2528 1032 2583 Nulla
1046 2530 1077 2583 in

33 2610 75 2668 his
89 2614 171 2668 veris
185 2609 426 2668 Academicorum
438 2619 613 2688 argumenta
626 2609 765 2680 formido,
793 2608 973 2680 dicentium,
1001 2610 1079 2676 Quid

32 2697 57 2750 si
70 2690 204 2751 fallerisi
227 2692 263 2751 Si
276 2695 354 2750 enim
367 2695 465 2765 fallor,
490 2711 564 2750 sum.
591 2691 668 2748 Nam
682 2693 732 2766 qui
746 2709 806 2749 non
820 2701 881 2763 ιιι,
904 2693 1008 2766 utique
1022 2711 1078 2748 neo

32 2778 93 2834 falli
105 2786 220 2853 potest:
235 2795 269 2833 aa
284 2795 337 2852 per
350 2777 405 2834 hoo
419 2795 498 2848 sum,
512 2777 539 2832 si
552 2776 648 2832 fallor.
685 2777 762 2842 Quia
775 2794 846 2854 ergo
860 2794 927 2832 sum
939 2777 966 2831 si
979 2775 1076 2847 fallor,

33 2861 179 2936 quomodo
194 2878 260 2916 esse
273 2878 320 2916 me
333 2859 429 2931 fallor,
452 2859 568 2935 quando
583 2869 697 2916 eertum
710 2869 756 2916 est
766 2878 813 2916 me
827 2878 905 2932 esse,
930 2861 957 2916 si
969 2856 1076 2916 fallari

34 2945 107 3009 Quia
119 2945 217 3022 igitur
231 2961 327 2998 essem
341 2945 391 3018 qui
404 2943 534 3014 fallerer,
549 2944 637 2999 etiam
648 2945 674 3000 si
683 2943 817 3017 fallerer3
830 2945 933 3018 procul
945 2943 1076 3002 dubioin

35 3025 219 3103 eoquodme
233 3027 397 3096 noviense,
424 3045 485 3082 non
498 3025 592 3084 fallor.
627 3025 819 3103 Consequens
838 3037 1015 3101 astantem,
1043 3038 1076 3084 ut

34 3112 120 3167 etiam
134 3111 167 3168 in
187 3129 223 3167 eo
242 3108 320 3185 quod
336 3128 384 3166 me
402 3112 473 3166 novi
487 3127 585 3182 nossa,
603 3128 664 3167 non
677 3110 771 3167 fallar.
811 3110 899 3170 Siout
913 3113 992 3169 enim
1005 3113 1076 3169 novi

32 3211 77 3248 me
91 3212 173 3265 esse,
198 3195 241 3248 ita
253 3194 325 3250 novi
338 3193 426 3248 etiam
437 3190 493 3248 hoa
507 3194 618 3266 ipsum,
640 3213 727 3251 nosse
739 3215 795 3252 me.
822 3195 925 3270 anue
939 3195 995 3251 duo
1008 3215 1075 3252 eum

31 3294 111 3348 amo,
137 3275 267 3332 eundem
287 3293 402 3351 quoque
425 3294 552 3332 amorem
571 3276 706 3351 quiddam
723 3280 860 3350 tertium,
882 3297 936 3334 nee
955 3280 1074 3351 imparis

32 3361 258 3431 aestimationis,
281 3360 324 3414 eis
337 3376 409 3434 quas
422 3361 494 3416 novi
507 3359 593 3416 rebus
607 3359 746 3436 adiungo.
780 3359 883 3435 Neque
896 3362 974 3416 enim
987 3361 1074 3416 fallor

31 3459 130 3498 amare
142 3461 204 3513 me,
230 3461 296 3498 oum
309 3443 342 3498 in
355 3440 486 3516 hisquae
499 3460 564 3498 amo
577 3461 637 3499 ιιοιι
650 3444 749 3500 fallar:
772 3449 940 3517 quanquam
954 3443 1010 3496 etsi
1024 3443 1074 3494 illa

31 3523 105 3582 falsa
117 3535 230 3597 essent,
243 3525 319 3581 falsa
330 3544 377 3582 me
389 3543 488 3582 amare
500 3543 603 3581 verum
616 3535 703 3582 ιιιιι.
734 3523 811 3582 Nam
824 3542 882 3598 quo
894 3533 981 3598 pacto
995 3532 1074 3577 reete

31 3607 265 3680 reprehenderer
279 3618 309 3664 et
321 3618 401 3664 reete
414 3606 583 3683 prohiberer
594 3609 629 3666 ab
641 3627 740 3666 amore
753 3607 904 3676 falsorum,
931 3607 957 3661 si
966 3623 1013 3660 me
1023 3606 1075 3660 illa

31 3707 132 3746 amare
145 3693 254 3748 falsum
267 3688 364 3748 esseti
399 3691 474 3749 Cum
486 3709 557 3748 vero
571 3693 622 3748 illa
635 3711 707 3748 vera
720 3701 808 3767 atque
822 3689 991 3758 certatim,
1010 3689 1074 3763 quis

33 3769 145 3829 dubitet
158 3774 239 3849 quod
252 3791 365 3846 eorum,
380 3793 446 3831 eum
459 3783 605 3846 amantur,
619 3784 649 3832 et
663 3777 726 3848 ipse
739 3790 821 3830 amor
833 3790 921 3829 verus
936 3781 966 3828 et
978 3783 1075 3828 eertus

33 3849 98 3932 eati
120 3853 192 3914 Tam
205 3873 297 3934 porro
310 3876 395 3915 nemo
410 3867 455 3914 est
469 3857 519 3935 qui
533 3875 598 3914 esse
612 3877 644 3914 se
659 3859 748 3931 nolit,
768 3875 856 3935 quam
869 3875 954 3916 nemo
968 3853 1076 3932 estqui
