2538 4392
216 227 278 284 212
445 217 543 276 DlVl
564 213 754 274 AVRELll
777 211 1032 271 AVGVSTlNl

216 388 303 434 noste
323 372 436 431 studuit
449 367 607 428 ethabere.
642 365 717 424 Nam
735 375 802 441 post
814 362 976 423 Alexandri
988 362 1180 437 Macedonis,
1210 367 1258 442 qui

216 462 304 516 etiam
318 455 442 535 Magnus
457 454 681 531 cognominatus
695 459 749 520 est,
772 448 1062 505 mirificentissimam
1075 449 1249 525 minimeque

214 543 383 598 diuturnam
395 539 571 614 potentiam,
599 552 656 609 qua
675 533 842 590 universam
854 532 969 600 Asiam,
995 530 1053 584 imo
1067 549 1148 604 pene
1162 541 1247 588 totum

214 625 324 693 orbem,
337 623 443 697 partim
453 621 483 677 vi
495 627 525 674 et
537 618 637 687 armis,
650 617 755 690 partim
767 625 879 682 terrore
892 613 1061 690 subegerat,
1076 615 1196 688 quando
1207 617 1247 671 in·

215 719 260 764 ter
274 713 389 762 caetera
403 702 536 760 Orientis
556 695 673 776 [regna]
695 697 783 756 etiam
795 697 929 753 Iudaeam
946 697 1102 773 ingressus
1117 698 1245 766 obtinuit,

215 807 250 846 ec
263 797 377 845 mortuo
391 785 520 843 Comites
538 785 619 854 eius,
645 801 711 838 cum
728 799 853 858 regnum
871 777 944 834 illud
966 779 1182 852 amplissimum
1194 799 1245 836 nou

215 870 335 947 pacifice
348 871 427 924 inter
441 885 473 922 se
485 865 650 940 possessuri
663 863 844 934 divissisent,
867 861 918 918 sed
931 862 1030 937 potius
1045 859 1243 937 dissipassent,

214 955 298 1012 bellis
313 951 412 1009 omnia
424 949 585 1018 vastaturi,
610 946 792 1003 Ptolemaeos
813 960 899 1024 reges
917 943 1025 1002 habere
1044 946 1244 1022 coepitlegy·

215 1045 298 1111 ptus:
325 1049 449 1108 quorum
460 1033 570 1106 primus
584 1028 659 1108 Lagi
672 1028 767 1100 lilius,
786 1031 892 1085 multos
907 1045 944 1082 ex
957 1025 1065 1104 ludaea
1078 1029 1200 1101 captives
1212 1029 1244 1082 in

215 1119 379 1196 Aegyptum
392 1115 552 1171 transtulit.
586 1111 666 1170 Huic
680 1121 777 1168 autem
793 1109 951 1168 succedens
964 1110 1039 1165 alins
1054 1108 1245 1180 Ptolemaeus,

215 1203 268 1277 qui
280 1209 326 1256 cst
338 1189 499 1274 appellatus
512 1194 729 1271 Philadelphus,
743 1212 844 1250 omnes
860 1209 932 1269 quos
945 1194 994 1248 ille
1008 1192 1172 1248 adduxerat
1182 1193 1245 1248 suh-

215 1285 344 1362 iugatcs,
363 1282 470 1338 liberos
483 1279 580 1336 redire
593 1279 740 1354 permisit:
767 1279 889 1351 insuper
903 1285 932 1332 et
945 1274 1020 1332 dona
1033 1277 1118 1352 regia
1132 1277 1165 1332 in
1176 1285 1246 1332 tem·

215 1369 295 1442 plum
308 1365 365 1422 Dei
378 1365 469 1434 misit,
491 1363 652 1438 petivitque
666 1361 701 1417 ab
714 1359 856 1416 Eleazaro
870 1369 941 1415 tunc
952 1357 1104 1432 pontifice,
1120 1357 1184 1414 dari
1195 1359 1247 1414 sihi

215 1448 392 1524 Scripturas,
408 1464 479 1522 quas
492 1445 623 1520 profecto
637 1444 769 1500 audierat
781 1442 857 1498 lama
869 1441 1055 1517 praedicante
1070 1440 1204 1513 divinas,
1223 1455 1247 1497 et

214 1531 281 1586 ideo
296 1531 504 1603 concupiverat
516 1527 623 1584 habere
637 1529 669 1583 in
681 1525 866 1596 bibliotheca,
881 1542 967 1598 quam
980 1523 1195 1580 nobilissimam
1208 1525 1245 1580 se·

215 1622 304 1667 cerat.
330 1609 392 1666 Has
407 1611 434 1664 ei
448 1609 603 1665 cumidem
616 1610 751 1684 pontifex
763 1609 892 1664 misisset
905 1605 1070 1677 Hebraeas,
1083 1617 1153 1680 post
1166 1609 1246 1664 etisn

214 1695 265 1749 ille
278 1694 453 1766 interpretes
467 1693 641 1764 postulavit3
668 1701 698 1748 et
711 1691 771 1748 dati
786 1699 855 1747 sunt
869 1691 896 1746 ei
909 1690 1094 1766 septuaginta
1112 1687 1187 1760 duc,
1217 1690 1246 1744 de

215 1775 341 1853 singulis
364 1772 519 1828 duodecim
542 1773 673 1830 tribubus
695 1775 761 1830 seni
784 1772 928 1843 homines,
953 1775 1076 1849 linguae
1097 1774 1244 1848 utriusque

214 1857 388 1926 doctissimi,
402 1853 555 1912 Hebraeae
569 1857 682 1912 scilicet
695 1866 783 1931 atque
799 1855 937 1912 Graecae.
958 1855 1092 1922 Quorum
1103 1856 1243 1930 interpre-
1257 1849 1258 1858 ’

212 1941 287 1996 tatic
300 1947 333 1995 ut
346 1936 542 2016 Septuaginta
554 1947 687 2010 vocetur,
702 1940 760 1994 iam
775 1939 903 1995 obtinuit
916 1937 1106 1994 consuetudo.
1146 1937 1242 1994 Tradi-

212 2033 261 2080 tur
275 2033 357 2094 ssne,
371 2031 431 2078 tam
444 2021 606 2078 mirabilem
619 2039 653 2078 ac
667 2021 843 2096 stupendum
855 2023 998 2096 planeque
1008 2019 1145 2076 divinum
1157 2022 1188 2078 in
1200 2039 1242 2076 ee·

213 2123 277 2164 rum
290 2107 388 2163 verbis
401 2105 493 2160 firisse
507 2123 701 2176 consensum,
726 2115 760 2160 ut
779 2123 867 2180 quum
886 2102 922 2160 ad
939 2101 993 2158 hoc
1006 2119 1079 2177 opus
1092 2105 1241 2178 separatim

213 2191 325 2268 singuli
347 2187 494 2260 sederint,
527 2183 587 2266 (ita
610 2189 687 2244 enim
712 2205 814 2244 eorum
835 2187 921 2242 fidem
946 2185 1113 2242 Ptolemaeo
1142 2187 1242 2261 placuit

213 2267 378 2348 explorare)
392 2273 424 2326 in
437 2273 517 2326 nullo
531 2271 637 2342 verbo,
658 2269 735 2346 quod
748 2270 826 2326 idem
839 2269 1020 2347 significaret
1033 2277 1063 2324 et
1075 2271 1243 2326 tantundem

212 2356 342 2424 ualeret,
366 2353 416 2408 rel
434 2354 467 2408 in
485 2353 643 2408 verborum
661 2353 784 2424 ordine,
808 2353 882 2409 alter
899 2352 934 2408 ab
948 2353 1040 2408 altero
1054 2350 1242 2427 discreparet:

211 2436 264 2492 sad
276 2443 415 2510 tanquam
428 2452 506 2492 unus
520 2445 598 2492 esset
610 2437 773 2511 interpres,
800 2437 842 2490 ita
855 2434 934 2510 quod
948 2452 1049 2490 omnes
1063 2435 1243 2511 interpretati

212 2527 293 2591 sunt,
307 2535 398 2574 unum
413 2525 491 2574 erat:
518 2520 658 2594 quoniam
671 2537 704 2574 re
717 2537 787 2576 vera
801 2516 928 2592 Spiritus
944 2528 1007 2574 erat
1020 2535 1097 2573 unus
1110 2519 1145 2574 in
1159 2521 1244 2575 omni-

212 2602 274 2660 bus.
309 2601 350 2658 Et
368 2599 434 2658 ideo
453 2610 513 2658 tam
533 2603 665 2658 mirabile
680 2601 738 2658 Dei
750 2619 856 2658 munus
870 2611 1058 2675 acceperant,
1088 2610 1122 2657 ut
1136 2604 1258 2680 illamng

211 2683 441 2761 Scripturarum,
456 2702 517 2742 non
531 2694 672 2760 tanquam
684 2683 886 2754 humanarum,
910 2683 961 2739 sed
975 2685 1052 2758 sicut
1063 2695 1164 2756 erant,
1186 2687 1258 2742 tan-l

211 2785 299 2844 quam
315 2767 500 2838 divinarum,
528 2770 617 2824 etiam
636 2770 693 2824 isto
713 2767 800 2822 modo
822 2767 1075 2823 commendaretur
1088 2759 1258 2838 auctoritati

209 2851 366 2986 pretdituris
380 2849 553 2924 quandoque
566 2851 704 2927 gentibus
717 2850 883 2924 profutura,
897 2849 1045 2925 quodiam
1058 2849 1194 2908 videmus
1207 2849 1243 2905 ei·
1257 2847 1258 2920 ᾗ

221 2951 254 2987 ec
269 2949 327 2987 um.

569 3013 692 3072 CAP.
728 3013 886 3073 XLlll.

208 3105 252 3161 De
263 3107 429 3162 auctoritate
442 3107 625 3191 Septuaginta
634 3111 820 3180 interpretum
826 3151 834 3177 ,
848 3130 924 3182 quae,
935 3115 1008 3164 selca
1019 3111 1119 3166 honore
1130 3111 1244 3166 Hebraei

400 3178 467 3243 stili,
482 3179 601 3231 cannabus
611 3181 649 3232 ss't
658 3181 853 3250 interpretibus
859 3182 1053 3254 praeferenda.

270 3265 345 3326 Nam
359 3287 425 3326 eum
438 3268 551 3326 fuerint
565 3279 594 3326 et
608 3271 659 3327 alii
673 3272 865 3346 interpretes,
885 3272 934 3346 qui
948 3287 985 3324 ex
996 3269 1135 3327 Hebraea
1149 3274 1242 3348 lingas

208 3353 240 3408 in
253 3350 396 3410 Graecam
409 3371 491 3408 sacra
504 3353 554 3408 illa
569 3355 683 3429 eloquia
696 3357 922 3425 transtulerunt,
937 3353 1016 3408 sicut
1027 3353 1147 3428 Aquila,
1163 3353 1242 3429 sym·
1257 3421 1258 3428 ἵ

208 3434 342 3506 machus,
369 3433 569 3507 Theodotian3
596 3437 672 3492 sicut
685 3437 835 3493 etiamilla
849 3447 894 3492 cst
912 3437 1136 3509 interpretatio,
1166 3431 1258 3512 cuius]

208 3528 311 3574 auctor
324 3537 384 3574 non
398 3527 534 3594 apparct3
561 3527 590 3573 et
603 3519 638 3575 ob
654 3517 708 3576 hoc
722 3521 786 3574 sine
800 3521 918 3578 nominc
932 3520 1115 3592 interpretis,
1137 3521 1242 3586 Quinta
1257 3513 1258 3522 ³

209 3599 298 3657 editio
313 3611 514 3676 nuncupatur:
541 3599 617 3656 hanc
630 3609 727 3658 tamen
742 3620 814 3677 quae
828 3600 1023 3678 Septuaginta
1036 3611 1093 3672 est,
1106 3611 1242 3678 tanquam

208 3682 270 3735 sola
284 3692 377 3752 essct,
404 3685 447 3738 sic
461 3685 573 3756 recepit
585 3682 739 3755 Ecclesia,
766 3702 859 3759 eaque
881 3692 1006 3740 utuntur
1020 3682 1127 3740 Graeci
1148 3681 1243 3758 populi

209 3759 382 3832 Christiani,
398 3781 521 3838 quorum
535 3766 666 3839 plerique
680 3775 778 3823 utrum
791 3769 850 3824 alia
863 3768 902 3822 sit
915 3768 1012 3841 aliqua
1024 3767 1180 3844 ignorant.
1200 3763 1243 3820 Er

208 3838 264 3896 hac
277 3838 471 3919 Septuaginta
491 3847 735 3919 interpretatione
756 3851 844 3905 etiam
857 3851 889 3905 in
903 3847 1038 3906 Latinam
1050 3849 1187 3926 linguam
1200 3847 1241 3901 ia·
