2530 4392
192 216 250 276 DE
273 217 491 276 ClVl'l'A'l'E
518 217 599 278 DEI
624 219 704 280 LlB.
725 220 824 284 xlx
962 234 1024 293 266

51 367 164 427 ruitutem
175 369 226 444 ipsi
239 369 361 446 quodam
374 363 596 430 mouo'ltberam
608 368 734 448 faciant3
755 393 816 434 nou
830 377 937 438 timere
950 381 1020 440 sub-

51 455 88 524 lo,
109 451 154 508 sed
165 451 238 510 lideli
252 453 409 512 dilectione
423 453 594 528 serviendo,
617 455 710 514 donec
723 467 856 518 transeat
868 462 1018 538 iniquitas,

51 545 189 634 cracuetur
200 538 293 676 orlanis
305 539 497 614 principatus,
512 547 542 596 et
555 547 684 612 potestas
697 538 835 613 bumana,
850 554 879 602 et
890 547 929 601 sit
940 545 1019 606 Deua

53 638 98 676 nra
109 638 136 674 m
149 637 220 676 omna
239 638 282 676 us.
740 660 744 664 -

363 703 489 764 cll).
533 705 639 766 xv1.

295 783 339 840 De
359 777 443 858 ae'quo
463 785 523 842 iare
543 786 706 843 dominandi.

62 872 193 940 Quocirca
206 875 321 930 etiamsi
334 873 500 934 babuerunt
512 895 613 936 servos
633 879 704 936 iusti
721 891 820 956 patres
842 884 953 954 nostri,
980 887 1021 942 sic

51 955 109 1012 dem
122 955 354 1016 administrabant
373 958 562 1020 domesticam
580 978 699 1038 pacem,
723 973 756 1021 ut
776 965 935 1024 secundum
950 965 1022 1024 baec

51 1040 161 1115 rporalia
172 1040 261 1112 bona,
275 1040 402 1100 filiorum
415 1053 524 1102 sortem
537 1063 555 1102 a
568 1061 720 1104 serrorum
734 1047 902 1106 conditione
917 1049 1021 1108 distin·

51 1131 133 1196 =rent3
146 1122 179 1180 ad
192 1123 286 1182 Deum
299 1135 397 1184 autem
411 1125 582 1198 colendum,
607 1129 638 1186 in
653 1147 711 1204 quo
726 1139 848 1188 aeterna
861 1131 939 1188 bona
953 1151 1020 1206 spe-

51 1204 175 1280 dosunt,
198 1208 330 1266 omnibus
344 1209 447 1272 domus
461 1229 533 1268 suae
547 1210 683 1268 membris
696 1215 762 1288 pari
775 1212 934 1272 dilectione
948 1235 1019 1272 con-

51 1297 130 1346 arent.
151 1289 230 1358 Quod
242 1294 386 1351 naturalis
401 1291 473 1350 ordo
487 1294 529 1350 ita
541 1295 724 1369 praescribit,
737 1305 771 1354 ut
785 1315 892 1354 nomen
904 1307 1021 1372 patrum

51 1373 114 1430 ilias
126 1371 191 1430 binc
203 1383 340 1432 exortum
354 1377 404 1449 sit,
417 1387 448 1434 et
460 1385 520 1434 tam
528 1379 589 1434 late
601 1379 760 1457 vulgatum,
775 1389 807 1436 ut
820 1381 920 1455 inique
934 1383 1022 1438 etiam

51 1458 171 1514 anantes
187 1455 241 1516 boc
259 1476 292 1514 se
309 1458 458 1537 gaudeant
474 1462 623 1536 appellari.
660 1462 717 1530 Qui
735 1472 833 1520 autern
845 1465 910 1520 veri
923 1474 1020 1538 patrea

51 1541 112 1598 ilias
130 1550 212 1613 sunt,
239 1542 373 1600 omnibus
392 1545 423 1600 in
438 1543 550 1603 familia
563 1563 616 1604 sua
633 1554 774 1622 nuquam
787 1547 856 1604 filiis
870 1546 906 1604 ad
921 1549 1020 1605 colen-

51 1647 55 1678 ι
81 1632 110 1678 et
131 1624 351 1698 pronrerendum
377 1627 474 1684 Deum
501 1631 674 1701 consulunt3
706 1629 907 1688 desiderantes
933 1639 1021 1706 atque

51 1715 119 1762 ntes
133 1709 233 1764 venire
245 1707 282 1764 od
299 1712 455 1768 coelestem
469 1711 601 1784 domum,
628 1714 679 1773 ubi
697 1715 896 1772 necessarium
909 1732 969 1772 non
983 1715 1022 1770 sit

52 1791 113 1848 ium
126 1791 286 1864 imperandi
296 1793 485 1867 mortalibus,
511 1797 580 1872 quia
599 1800 802 1855 necessarium
814 1817 874 1856 non
888 1799 945 1854 erit
958 1797 1020 1855 offi-

51 1893 60 1928 ι
75 1873 245 1932 consudendl
258 1876 316 1933 iam
329 1878 361 1934 in
373 1879 424 1936 illa
436 1880 659 1938 immortalitate
681 1881 829 1939 felicibus:
855 1901 914 1957 quo
928 1881 1021 1938 donec

51 1965 129 2029 atur,
142 1959 235 2035 magis
248 1959 355 2018 debent
366 1971 464 2036 patres
477 1963 557 2038 quod
569 1963 767 2032 dominantur,
782 1983 868 2037 quam
880 1966 959 2021 servi
973 1975 1020 2021 to·

51 2059 77 2096 :e
90 2038 167 2118 quod
179 2043 321 2100 serviunt.
344 2042 379 2100 Si
391 2047 458 2118 quis
471 2055 570 2100 autern
582 2047 614 2100 in
628 2045 712 2100 domo
725 2063 778 2118 per
790 2045 1020 2102 inobedientiam

51 2125 163 2182 esticae
175 2127 242 2199 paci
255 2125 438 2198 adversatur,
458 2127 627 2200 corripitur,
642 2143 694 2183 seu
707 2127 807 2197 verbo,
822 2145 874 2182 scu
887 2128 1017 2200 verbere,

51 2208 179 2282 luolibet
191 2210 249 2266 alio
262 2227 372 2286 genere
384 2227 496 2284 poenae
509 2210 589 2266 iusto
602 2218 690 2284 atque
702 2210 801 2280 licito,
816 2218 956 2284 quantum
971 2229 1019 2266 so·

51 2310 66 2348 s
80 2290 209 2350 bumana
222 2292 365 2365 coneedit,
378 2311 431 2368 pro
445 2293 508 2350 eius
522 2293 572 2367 qui
585 2293 744 2366 corripitur
757 2293 896 2364 utilitate,
909 2301 943 2348 ut
954 2294 1021 2368 paci

66 2374 239 2432 dissiluerat
251 2385 412 2451 coaptetur.
427 2374 511 2434 Sicut
520 2377 600 2434 enim
611 2394 671 2432 non
684 2385 731 2434 est
743 2375 954 2448 beneficentiae
969 2375 1019 2432 ad-

51 2458 103 2514 rdo
126 2457 257 2530 efficere,
280 2469 313 2515 ut
325 2460 433 2516 bonum
446 2459 523 2534 quod
535 2460 630 2516 maius
644 2468 690 2516 est
702 2460 871 2530 amittatur3
898 2461 940 2514 ita
959 2477 1019 2516 non

51 2543 224 2599 inocentiae
237 2542 383 2617 parcendo
396 2545 505 2613 sinere,
519 2551 552 2597 ut
563 2543 595 2598 in
605 2543 713 2598 malum
725 2543 850 2618 gravius
863 2539 1019 2598 incidatur.

51 2634 109 2682 net
124 2643 198 2703 ergo
213 2626 249 2682 ad
262 2626 431 2682 innocentis
445 2623 585 2696 officium,
602 2633 663 2682 non
678 2626 774 2680 solum
787 2625 899 2680 nemini
911 2625 1021 2680 malum

51 2728 100 2780 re,
115 2727 222 2765 verum
235 2710 324 2766 etiam
338 2705 474 2764 cohibere
486 2726 505 2764 a
516 2716 650 2782 peccato,
674 2709 723 2765 uel
734 2707 842 2782 punire
853 2715 1020 2782 peccatum3

51 2803 66 2848 t
80 2794 148 2866 ipse
162 2794 216 2867 qui
226 2793 381 2867 plectitur,
405 2793 571 2870 corrigatur
590 2793 808 2866 experimento,
832 2800 883 2847 aut
895 2791 946 2846 alii
959 2799 1019 2846 ter·

54 2893 94 2930 ur
109 2877 258 2950 exemplo.
291 2875 367 2942 Quia
384 2876 475 2954 igitur
489 2874 615 2932 bominis
630 2875 731 2932 domus
746 2876 864 2930 initium
877 2875 941 2930 sive
952 2891 1019 2947 par-

51 2981 57 3014 ι
74 2957 169 3015 debet
183 2977 251 3015 esse
265 2959 411 3032 civitatis,
434 2977 521 3016 omne
541 2969 638 3016 autem
653 2959 770 3016 initium
783 2957 820 3014 ad
833 2959 960 3034 aliquem
973 2958 1021 3012 sui

51 3043 87 3098 is
102 3041 215 3112 finem,
238 3053 269 3101 ct
281 3044 376 3102 omnia
389 3061 456 3119 pars
470 3043 507 3100 ad
520 3043 664 3116 universi,
685 3043 769 3100 cuius
781 3060 849 3117 pars
864 3050 919 3112 ert,
943 3042 1021 3097 inte-

51 3143 109 3181 :orn
128 3125 278 3200 refertur3
301 3129 378 3184 satis
385 3136 507 3202 apparet
520 3145 584 3182 este
597 3145 796 3202 consequens,
821 3135 854 3181 ut
866 3125 902 3180 ad
919 3143 1020 3198 pacem

51 3227 91 3264 am
104 3226 172 3281 pax
186 3207 350 3267 domestica
363 3210 527 3278 referatur,
546 3208 576 3264 id
590 3219 648 3279 est,
662 3219 696 3265 ut
709 3209 844 3264 ordinata
856 3205 1021 3279 imperandi

51 3291 192 3367 endique
212 3291 371 3349 concordia
389 3290 618 3348 cohabitantium
636 3290 782 3346 referatur
800 3289 837 3344 ad
856 3288 1021 3344 ordinatam

51 3375 136 3430 *andi
149 3374 370 3450 obediendique
383 3372 573 3431 concordiam
588 3373 706 3428 civium.
738 3370 784 3426 lta
796 3370 841 3439 fit,
856 3377 891 3424 ut
904 3371 1022 3445 exlege

51 3460 96 3514 tis
111 3469 280 3534 praecepta
291 3477 407 3516 sumere
418 3467 532 3532 patrem
544 3455 672 3513 familias
686 3461 829 3529 oporteat,
848 3451 953 3526 quibus
968 3450 1021 3506 do·

51 3558 148 3596 snam
163 3543 212 3598 sie
225 3553 321 3621 regat,
336 3551 371 3598 ut
382 3543 422 3598 sit
434 3541 499 3614 paci
513 3537 728 3596 accommodata
743 3534 881 3592 civitatis.

349 3633 474 3714 ca'u.
517 3651 650 3711 xvir.

51 3729 187 3787 eoelestia
214 3732 335 3787 secata·
359 3744 545 3855 “mafm‘ssf‘
557 3731 677 3786 Ciuitate
683 3746 779 3800 pacem
794 3727 1024 3794 intemeranda

436 3819 506 3855 oscor
524 3819 588 3856 saar.

51 3876 82 3932 :d
100 3877 221 3934 domus
233 3875 384 3934 bominum
402 3877 453 3952 qui
468 3893 529 3932 non
546 3875 651 3932 vivunt
663 3889 702 3930 ex
714 3870 787 3944 fide,
807 3889 911 3948 pacem
931 3879 1009 3928 ιοιιι
