2590 4396
281 171 342 229 DE
371 169 592 230 ClVlTATE
615 171 692 231 DEl
713 171 791 231 LlB.
813 175 846 232 V.
1015 183 1069 240 141

52 325 231 409 germInont,
258 333 362 380 exorta
375 333 473 402 segete
487 325 572 381 simul
584 324 770 399 herbescunt,
791 325 960 403 pubescunt,
983 329 1072 390 dave-

50 422 137 484 scunt,
153 419 299 467 ettamen
312 408 382 464 inde
396 411 488 484 spicas
502 411 623 466 caeteris
637 427 768 482 coaevas,
782 420 878 487 atque,
890 423 924 470 ut
935 415 976 471 ita
989 416 1071 472 dixe-

46 501 106 568 rim,
130 494 381 572 congerminales,
405 494 476 548 alias
489 493 593 571 rubigo
606 494 759 566 interimit,
780 496 851 552 alias
865 513 933 554 aves
947 497 1071 574 depopu-

46 585 155 651 lantur,
184 580 258 634 alias
272 575 405 632 homines
422 579 559 633 avellunt.
592 577 740 644 Quomodo
753 579 818 634 istis
832 581 903 636 alias
919 584 1072 638 constella-

44 667 137 721 tiones
151 663 248 719 t'nisse
262 660 369 717 dicuni
382 671 460 732 sunt,
476 677 546 736 quas
560 670 619 718 tam
632 661 761 718 diversos
774 663 870 718 exitus
884 663 989 720 habere
1003 684 1072 722 con-

44 741 190 824 spiciunt‘l
216 746 264 802 An
284 763 333 801 eos
350 746 512 820 poenitebit
529 743 574 800 his
591 744 677 800 rebus
691 744 752 801 dies
766 748 891 824 eligere,
920 765 1025 824 easque
1037 749 1073 806 ad

44 835 168 889 coeleste
184 830 336 908 negabunt
348 829 495 904 pertinere
505 827 663 900 decretum,
677 837 706 884 et
715 831 792 887 solos
801 829 942 888 sideribus
951 831 1073 888 subdent

44 915 189 985 homines,
217 913 320 988 quibus
339 913 409 968 solis
426 914 459 968 in
477 921 556 968 terra
572 911 652 969 Deus
672 911 751 970 dedit
768 913 873 970 liberas
890 911 1072 972 voluntateri

44 999 92 1056 Hir
107 998 251 1054 omnibus
265 995 467 1066 consideratis,
481 1015 540 1052 non
553 997 697 1052 immerito
707 997 844 1070 creditur,
858 1015 923 1054 cum
933 1001 1074 1078 astrologi

43 1084 217 1140 mirabiliter
230 1083 321 1136 multa
334 1097 405 1136 vera
416 1079 604 1154 respondent,
627 1082 740 1138 occulto
753 1083 894 1138 instinctu
907 1082 972 1138 fieri
985 1085 1072 1157 spiri-

42 1177 122 1224 tuum
135 1185 200 1222 non
214 1166 374 1236 bonorum,
400 1181 520 1240 quorum
539 1183 608 1221 cura
627 1173 672 1220 est
683 1163 735 1219 has
749 1165 836 1220 falsas
850 1173 880 1221 et
892 1167 996 1222 noxior
1010 1168 1072 1241 opi-

43 1254 146 1308 niones
160 1249 198 1305 de
210 1247 369 1305 astralibus
382 1247 450 1304 latis
463 1249 594 1304 inserere
613 1246 745 1303 humanis
766 1247 910 1304 mentibus
923 1257 1010 1324 atque
1022 1249 1073 1307 fir-

42 1355 135 1406 mare,
161 1352 225 1391 non
239 1331 395 1406 horoscopi
408 1333 502 1388 notati
516 1342 546 1388 ct
558 1332 682 1406 inspecti
701 1333 797 1406 aliqua
810 1340 887 1402 arte,
907 1349 981 1406 qnae
995 1333 1073 1389 nulla

43 1429 95 1475 est.

422 1498 543 1557 CAP.
586 1497 698 1556 Vlll.

42 1599 84 1652 De
99 1599 196 1668 hirqui
210 1615 266 1652 non
281 1606 417 1649 astrorum
429 1597 601 1666 positionem,
621 1598 667 1648 sed
679 1597 865 1650 connexionem
884 1611 1026 1650 caurorum
1040 1615 1074 1650 en

204 1668 263 1722 Dei
272 1671 410 1720 voluntate
417 1669 575 1735 pendentem
578 1667 642 1737 sati
650 1668 754 1720 nominc
764 1670 909 1736 appellant.

100 1764 160 1830 Qui
172 1779 250 1818 vero
263 1776 325 1815 non
338 1766 484 1834 astrorum
494 1759 744 1831 constitutionem,
758 1760 845 1815 sicuti
854 1767 900 1814 est
912 1777 977 1816 cnm
990 1757 1073 1835 qnid·

43 1865 91 1922 que
103 1846 286 1920 concipitur,
299 1844 348 1899 vel
361 1843 502 1914 nascitur,
515 1843 563 1898 rel
575 1841 745 1913 inchoatur,
759 1841 810 1898 sed
823 1844 950 1898 omnium
962 1861 1073 1899 conne-

42 1932 156 1987 xionem
170 1929 340 2002 seriemque
357 1943 517 1998 causarum,
531 1943 587 2001 qua
600 1926 634 1982 fit
646 1945 732 1982 omne
745 1925 821 2002 quod
832 1926 876 1998 fit,
889 1927 943 1982 lati
955 1927 1073 1983 nominc

42 2015 204 2089 appellant3
232 2029 294 2067 nou
306 2011 428 2066 multum
442 2027 506 2065 oum
523 2011 565 2065 eis
581 2010 616 2065 de
629 2010 712 2066 verbi
726 2011 926 2066 controversia
938 2009 1073 2066 laboran-

42 2098 100 2154 dum
113 2107 210 2174 atque
226 2093 397 2151 certandum
412 2101 469 2149 est:
493 2094 607 2170 quando
622 2093 739 2169 quidem
751 2095 844 2168 ipsum
859 2109 1011 2150 causarum
1025 2109 1072 2147 or-

43 2182 133 2238 dinem
148 2190 181 2237 et
194 2179 345 2256 quandam
359 2179 574 2234 connexionem
587 2178 645 2234 Dei
662 2179 765 2233 summi
781 2177 913 2234 tribuunt
929 2177 1073 2233 voluntati

44 2275 70 2320 et
81 2265 242 2341 potestati,
271 2263 321 2338 qui
334 2263 442 2337 optime
456 2270 486 2317 et
497 2263 682 2319 veracissime
697 2260 825 2317 creditur
839 2270 869 2317 et
882 2269 986 2317 cuncta
997 2262 1073 2316 scire

42 2359 196 2426 antequam
217 2346 308 2417 fiant,
336 2355 366 2401 et
382 2344 454 2403 nihil
473 2345 670 2402 inordinatum
689 2347 868 2422 relinquerc3
895 2363 912 2401 a
931 2363 986 2420 quo
1005 2353 1073 2400 sunt

43 2451 137 2489 omncs
150 2439 334 2509 potestates,
356 2431 486 2506 quemvis
498 2429 533 2485 ab
546 2432 596 2486 illo
611 2448 671 2486 non
685 2431 745 2484 sint
758 2431 885 2485 omnium
897 2430 1072 2484 voluntates.

42 2515 134 2590 Ipsam
145 2519 250 2592 itaque
264 2515 418 2589 praecipue
431 2513 489 2570 Dei
502 2515 606 2570 summi
626 2515 819 2582 voluntatem,
845 2512 926 2571 euius
945 2519 1073 2584 potestas

41 2601 280 2674 insuperabiliter
298 2617 350 2672 per
369 2607 474 2653 cuncta
489 2599 667 2674 porrigitur,
694 2613 743 2649 eos
763 2594 907 2667 appellere
924 2592 1016 2647 fatum
1032 2593 1074 2647 sic

44 2683 192 2756 probatur.
217 2683 322 2740 Annae
335 2679 464 2738 Senecae
478 2688 556 2752 sunt,
569 2681 628 2734 nisi
641 2679 737 2750 lallor,
750 2675 781 2732 hi
793 2693 910 2733 versus:

130 2764 196 2822 Duc
208 2783 318 2822 summe
330 2775 423 2840 pater,
436 2765 544 2840 altique
558 2762 722 2820 dominator
734 2762 803 2838 poli,

128 2850 308 2926 Quocunque
320 2850 439 2924 placuit,
453 2850 533 2905 nulla
546 2847 667 2922 parendi
680 2864 761 2902 mora
775 2854 828 2902 est.

124 2933 236 2990 Adsum
247 2929 388 3012 impiger:
402 2933 446 2988 fac
459 2934 548 3005 nolle,
562 2930 722 2988 comitabor
735 2948 866 3009 gemens,

124 3017 281 3093 Maiusque
294 3018 391 3092 patiar
404 3017 500 3074 facere
514 3016 589 3092 quod
602 3015 686 3071 licuit
697 3015 782 3072 bono.

125 3100 249 3156 Ducunt
261 3102 410 3156 volentem
422 3101 492 3172 fata,
506 3102 655 3157 nolentem
667 3099 793 3156 trabunt.

40 3186 155 3260 Nempe
169 3183 391 3241 evidentissime
402 3182 458 3240 hoc
471 3185 574 3240 ultimo
587 3201 675 3240 versu
689 3201 724 3239 ea
736 3184 796 3240 lata
808 3184 972 3258 appellavit,
987 3201 1070 3258 quam

40 3289 132 3345 supra
146 3267 265 3324 dixerat
279 3269 386 3324 summi
397 3270 487 3344 patris
500 3270 694 3324 voluntatem:
708 3269 757 3324 cui
771 3285 802 3322 se
812 3277 945 3340 paratum
955 3266 1072 3324 obedire

40 3354 125 3425 dicit,
138 3363 174 3408 ut
186 3353 294 3408 volens
309 3350 444 3425 ducatur,
457 3371 495 3408 ne
508 3353 613 3408 nolens
624 3349 771 3422 trahatur;
798 3352 936 3426 quoniam
950 3351 1072 3420 scilicet,

39 3437 168 3494 Ducunt
178 3438 333 3493 volentem
346 3435 421 3508 iata,
450 3439 599 3492 nolentem
617 3433 747 3491 trabunt.
774 3432 820 3489 llli
836 3449 1071 3509 quoqueversus

37 3520 196 3592 Homerici
208 3519 279 3576 huic
293 3522 455 3577 sententiae
467 3517 677 3598 suffragantur,
692 3536 765 3592 quos
778 3517 880 3574 Cicero
894 3519 924 3572 in
936 3515 1072 3571 Latinum

37 3606 146 3672 vertit:

125 3684 214 3746 Tales
229 3696 303 3744 sunt
314 3685 463 3745 bominum
475 3697 599 3758 mentes,
614 3685 692 3762 quali
703 3693 786 3760 pater
799 3685 861 3758 ipse

124 3773 242 3850 iupiter
257 3772 417 3829 auctiferas
428 3773 566 3828 lustravit
577 3771 688 3826 lumine
701 3777 803 3824 terras.

40 3858 84 3915 Ne
104 3861 136 3916 in
148 3856 206 3914 hac
221 3857 397 3932 quaestione
422 3857 625 3912 auctoritatem
643 3852 763 3909 haberet
779 3851 894 3926 poetica
913 3853 1058 3908 sententia
