2538 4392
211 211 273 266 216
441 201 541 262 DlVl
569 200 757 260 AVRELll
782 196 1042 258 AVGVSTlNl

211 359 296 438 genis
311 358 441 435 regibus,
456 353 584 430 ipsisque
593 352 744 424 Romanis,
757 371 795 410 ne
808 350 883 408 hanc
892 352 1007 430 Aggaei
1020 351 1214 428 prophetiam
1230 360 1253 414 in

209 443 260 498 illa
271 441 487 497 instauratione
501 439 601 511 templi
615 438 783 510 opinaretur
795 436 952 508 impletam.

274 523 342 580 Non
358 524 449 580 multo
463 522 541 578 enim
558 530 625 594 post
642 519 816 576 adveniente
829 517 997 574 Alexandro
1012 518 1179 598 subiugata
1195 535 1251 592 ιιι,

209 606 325 682 quando
340 607 397 661 etsi
410 606 491 660 nulla
504 603 583 659 facta
596 612 642 658 est
654 605 796 674 vastatio,
824 603 962 676 quoniam
982 619 1044 658 non
1058 615 1134 660 sunt
1149 609 1213 661 ausi
1226 610 1250 662 ei

208 691 354 758 resistere,
370 697 399 744 et
409 687 475 742 ideo
487 689 632 760 placatum
642 685 780 742 facillime
794 683 901 741 subditi
910 696 1099 758 receperunt,
1115 701 1250 745 nouerat

209 782 308 829 tamen
322 771 417 848 gloria
430 779 514 826 tanta
532 768 632 824 domus
650 769 746 839 illius,
775 776 881 843 quanta
895 767 952 823 fuit
964 769 996 838 'ur
1009 787 1136 826 suorum
1150 789 1247 848 regan

207 856 299 912 libera
311 861 465 928 potestate.
489 850 610 907 Hostias
623 869 695 906 sane
705 851 871 907 Alexander
885 852 1046 907 immolavit
1059 852 1093 908 in
1105 851 1165 909 Dei
1178 865 1245 910 tem-

208 940 267 1012 plo,
281 955 340 992 non
354 935 390 990 ad
404 937 466 990 eius
482 936 594 991 cultum
606 952 677 990 vera
688 935 798 1008 pietate
812 952 982 1004 conversus,
995 933 1048 989 sed
1059 936 1152 1009 impia
1165 941 1245 992 vani-

208 1029 269 1074 tate
283 1037 348 1074 cum
362 1017 417 1073 diis
432 1037 499 1074 eum
511 1017 593 1074 salsis
613 1016 766 1076 colendum
784 1025 898 1090 putans.
935 1014 1051 1072 Deinde
1065 1015 1243 1075 Ptolemaeus

208 1100 283 1180 Lagi
296 1101 391 1173 iilius,
414 1101 494 1176 quod
507 1118 595 1174 supra
608 1101 845 1174 commemoravi,
870 1108 937 1175 post
949 1099 1112 1156 Alexandri
1126 1113 1245 1160 mortem

208 1186 339 1259 captivos
352 1184 421 1241 inde
434 1186 466 1240 in
479 1189 646 1262 Aegyptum
659 1184 822 1255 transtulit,
842 1201 914 1258 quos
930 1183 993 1238 eius
1006 1199 1166 1240 successor
1178 1184 1246 1241 Pto-

207 1270 335 1324 lemaeus
349 1266 554 1344 Philadelphus
569 1267 845 1324 benevolentissime
858 1265 927 1322 inde
939 1264 1069 1342 dimisit:
1095 1285 1244 1341 perquem

207 1350 395 1422 factumest,
413 1351 490 1428 quod
502 1352 588 1426 paulo
602 1361 671 1408 ante
685 1351 818 1420 narravI,
844 1357 878 1404 ut
890 1347 1088 1426 Septuaginta
1101 1351 1245 1424 interpre-

206 1443 271 1490 tum
284 1433 452 1509 Scripturas
465 1433 646 1491 haberemus.
669 1432 786 1490 Deinde
799 1432 921 1488 contriti
934 1441 1003 1487 sunt
1015 1431 1112 1503 bellis,
1127 1451 1203 1508 quae
1217 1436 1243 1490 iu

205 1515 450 1574 Machabaeorum
466 1518 549 1573 libris
569 1517 763 1590 explicantur.
798 1514 870 1570 Post
881 1512 953 1570 haec
967 1515 1045 1587 capti
1058 1533 1077 1570 a
1091 1533 1166 1593 rege
1178 1516 1243 1572 Ale-

205 1597 349 1656 xandriae
363 1597 543 1668 Ptolemaeo,
558 1601 609 1673 qui
623 1609 669 1654 est
682 1600 842 1673 appellatus
855 1595 1038 1671 Epiphanes;
1051 1596 1122 1653 inde
1135 1599 1173 1654 ab
1185 1599 1243 1655 An-

204 1679 302 1736 tiocho
317 1678 400 1757 Rege
413 1679 518 1756 Syriae
531 1683 629 1736 multis
644 1691 675 1736 et
686 1681 868 1758 gravissimis
881 1681 965 1736 malis
979 1679 1016 1735 ad
1028 1679 1109 1738 idola
1122 1683 1242 1738 colende

206 1763 364 1835 compulsi,
383 1765 579 1836 templumque
592 1765 686 1836 ipsum
698 1766 842 1838 repletum
856 1763 1007 1840 sacrilegis
1021 1766 1240 1837 superstitioni-

203 1843 259 1899 bus
273 1845 418 1920 gentium‚
433 1844 511 1918 quod
524 1853 622 1900 tamen
638 1844 698 1900 dux
712 1863 813 1902 eorum
825 1846 1045 1902 strenuissimus
1060 1844 1168 1918 ludas,
1195 1849 1238 1922 qui

204 1927 292 1982 etiam
305 1924 499 1983 Machabaeus
513 1926 608 1982 dictus
622 1937 678 1998 ιιι,
696 1927 835 1984 Antiochi
847 1927 968 1984 ducibus
980 1928 1091 2002 pulsis,
1113 1930 1152 1986 ab
1167 1933 1238 1987 omni

202 2009 254 2066 illa
265 2008 449 2066 idololatriae
463 2011 713 2068 contaminatione
726 2011 888 2068 mundavit.

242 2141 244 2144 .
266 2091 335 2149 Non
360 2101 458 2149 autem
476 2095 567 2149 multo
591 2102 658 2167 post
678 2093 809 2150 Alcimus
834 2093 949 2168 quidam
970 2111 1022 2168 per
1040 2095 1235 2166 ambitionem,

203 2193 270 2232 cum
283 2194 301 2232 a
313 2194 424 2253 genere
438 2175 614 2234 sacerdotali
628 2187 707 2233 esset
719 2179 843 2247 alienus,
868 2177 945 2251 quod
957 2175 1039 2232 nefas
1053 2187 1130 2250 erat,
1145 2181 1235 2254 ponti-

201 2259 252 2314 fex
266 2259 361 2314 faetus
374 2269 428 2316 est.
442 2259 522 2316 Hinc
535 2261 593 2316 iem
604 2269 774 2334 postannos
787 2260 879 2316 ferme
893 2260 1118 2338 quinquaginta,
1133 2263 1166 2318 in
1179 2264 1234 2337 qui-

200 2340 256 2396 bus
269 2341 311 2394 eis
326 2349 424 2396 tamen
437 2359 496 2414 pax
510 2343 658 2413 nonfuit,
686 2344 817 2417 quamvis
835 2343 932 2416 aliqua
945 2351 975 2396 et
985 2360 1128 2417 prospere
1141 2363 1235 2423 gesse-

199 2423 270 2491 rint,
284 2421 396 2494 primus
410 2423 486 2497 apud
500 2442 550 2480 eos
565 2425 746 2482 Aristobolus
761 2433 889 2481 assumto
903 2423 1082 2496 diademate,
1103 2435 1135 2483 ιι
1148 2446 1200 2483 ιιι
1212 2439 1237 2484 et

198 2504 336 2578 pontifex
348 2504 444 2562 faetus
458 2516 511 2562 est.
525 2507 619 2564 Antea
632 2510 748 2584 quippe,
762 2525 800 2564 ιι
811 2525 868 2583 quo
882 2505 1105 2582 deBabyloniae
1119 2513 1236 2586 captivi·

200 2595 261 2644 tute
274 2590 388 2644 reversi
401 2599 480 2660 suut,
494 2593 691 2666 templumque
705 2592 968 2660 instauraturum,
987 2609 1048 2646 uon
1060 2609 1168 2670 reges,
1189 2595 1235 2650 sed

202 2669 291 2727 duces
304 2673 352 2727 vel
364 2673 511 2748 principos
524 2672 706 2730 habuerunt:
732 2675 866 2749 quamvis
881 2683 911 2728 ct
923 2674 974 2748 qui
989 2691 1043 2728 rex
1057 2685 1121 2746 est,
1148 2679 1236 2751 possit
1257 2727 1258 2730 ,

200 2752 259 2810 dici
271 2755 440 2829 princepsa
452 2758 619 2831 principatu
633 2756 811 2832 imperandi,
829 2765 859 2812 et
872 2755 931 2811 dux
945 2774 980 2811 eo
995 2755 1070 2830 quod
1085 2759 1126 2814 sit
1138 2759 1235 2816 ductor
1257 2807 1258 2812 ,

199 2838 364 2892 exercitus:
390 2837 443 2892 sed
467 2855 526 2894 non
549 2841 689 2895 continuo
713 2840 879 2913 quicunque
902 2839 1052 2912 principes
1076 2843 1127 2896 vel
1151 2841 1232 2898 duces
1257 2833 1258 2873 l

197 2928 279 2987 sunt,
294 2919 382 2973 etiam
396 2937 483 2994 reges
498 2920 557 2975 diei
569 2931 703 2992 possunt,
718 2921 797 2995 quod
809 2923 866 2976 iste
877 2921 1064 2978 Aristobolus
1078 2923 1146 2980 fuit.
1185 2925 1231 2982 cn

196 2999 338 3054 successit
350 2999 531 3070 Alexander,
561 3002 649 3057 ctiam
662 3004 725 3076 ipse
737 3021 792 3059 rex
805 3013 836 3060 et
846 3004 992 3078 pontifex,
1013 3006 1065 3078 qui
1078 3007 1231 3064 crudeliter

195 3082 227 3135 in
242 3097 312 3134 suos
325 3097 468 3158 regnasse
482 3081 617 3138 traditur.
661 3082 732 3140 Post
744 3083 823 3142 hunc
835 3103 911 3142 uxor
929 3087 992 3142 eius
1005 3087 1177 3146 Alexandra
1188 3109 1230 3146 re·

195 3162 266 3239 gina
279 3160 451 3219 ludaeorum
463 3163 538 3236 fuit,
566 3182 604 3220 ex
617 3167 701 3222 cuius
721 3177 852 3242 tempore
870 3178 900 3224 ct
919 3169 1058 3244 deinceps
1077 3173 1157 3228 mala
1170 3183 1230 3228 sunt

195 3261 245 3301 cos
258 3253 359 3302 secuta
373 3249 520 3324 graviora.
552 3247 621 3304 Filii
634 3251 740 3325 quippe
754 3250 839 3306 huius
853 3251 1036 3307 Alexandrea
1048 3253 1229 3312 Aristobolus

194 3336 224 3384 ιι
232 3327 380 3386 Hireanus
391 3331 470 3386 iuter
483 3349 515 3386 ιι
529 3331 564 3387 de
578 3333 701 3406 imperio
715 3333 887 3389 dimicantes
897 3335 976 3389 vires
987 3332 1130 3391 adversus
1140 3335 1228 3392 lsrai-

193 3412 306 3468 litioam
318 3421 438 3490 gentem
449 3431 647 3488 provocavere
660 3413 818 3472 Romanas.
841 3413 989 3472 Hircanus
1003 3433 1130 3491 namque
1142 3419 1180 3474 ab
1192 3420 1229 3474 eis
1255 3455 1256 3462 .

194 3504 299 3552 eontra
311 3495 432 3551 fratrem
445 3497 579 3569 poposcit
591 3498 743 3553 auxilium.
776 3497 863 3553 'Punc
876 3499 935 3552 iam
948 3496 1041 3554 Roma
1054 3497 1227 3578 subiugsve·

190 3586 239 3632 rat
251 3578 395 3648 Africam,
422 3577 631 3655 subiugaverat
645 3579 815 3650 Graeciam,
841 3581 957 3655 lateque
970 3581 1058 3635 etiam
1070 3581 1139 3637 aliis
1154 3582 1227 3638 orbis

190 3660 325 3730 partibus
339 3661 485 3732 imperans
499 3669 638 3736 tanquam
651 3679 683 3716 ιι
695 3663 789 3736 ipsam
806 3661 885 3718 ferre
904 3679 966 3719 non
984 3663 1105 3734 valeus,
1133 3682 1189 3720 ιιιι
1201 3681 1227 3718 ιι
1254 3675 1255 3706 l

192 3736 317 3809 quodam
330 3739 415 3796 modo
430 3743 634 3819 magnitudine
649 3742 787 3820 fregerat.
821 3743 1001 3801 Pervenerat
1013 3745 1121 3818 quippe
1134 3745 1172 3801 ad
1184 3765 1226 3801 ιι-

191 3815 257 3871 ditis
266 3835 318 3872 nes
333 3819 506 3878 domesticas
521 3841 643 3900 graves,
667 3833 754 3900 atque
766 3825 835 3882 inde
849 3826 885 3883 ad
900 3825 975 3883 bella
990 3827 1121 3896 socialia,
1145 3843 1224 3884 mox·

1251 4305 1253 4363 l
