2592 4396
243 177 302 236 DE
330 177 550 240 ClVl'l'ATE
573 181 651 240 DEl
672 183 751 241 LlB.
773 184 848 243 Xll.
996 193 1055 254 383

17 333 225 414 praegnantis
247 334 343 392 valeat
359 333 500 408 aliquibus
516 337 597 391 velut
607 335 727 392 induere
741 339 924 414 qualitatibus
938 340 1057 416 loetum,

17 423 102 476 aient
116 417 200 472 de
169 418 266 495 vrrgia
277 417 395 472 variatio
406 416 579 490 fecitlacob,
592 429 625 476 ut
634 437 739 494 perora
750 424 847 478 colore
859 425 941 480 varia
953 427 1057 504 gigue-

17 513 143 573 rentur3
160 508 298 558 naturam
309 509 405 558 ιιιιιιιι
418 502 497 558 illam
511 521 585 578 quae
597 505 741 583 gignitur,
756 507 837 562 tam
827 525 892 581 upra
904 526 964 565 non
977 509 1058 570 feeit

19 606 111 663 quam
123 604 185 644 nec
198 585 264 659 ipaa
275 603 306 640 ae
319 584 397 642 fecit.
428 586 602 653 Quaelibet
593 591 683 666 igitur
698 591 861 688 corporales
875 593 923 648 vel
935 593 1061 649 canina·

18 674 61 728 lea
78 687 195 728 eauaae
208 667 365 746 gignendis
377 669 462 725 rebua
476 668 681 743 adhibeantur,
704 673 767 730 aive
780 675 995 750 operationibus
1009 695 1061 733 an-

19 757 167 833 gelorum
180 761 234 810 aut
245 751 405 825 homnem,
419 763 469 810 aut
483 772 718 832 quorumcunque
732 759 909 830 animalium,
924 761 986 817 aive
999 779 1061 816 ma-

18 841 102 896 rium
114 837 353 911 feminarumque
366 837 569 911 mixtionibua3
583 839 730 916 quaelibet
742 842 830 898 etiam
842 841 986 900 derideria
999 863 1061 902 mo·

19 933 110 980 tuave
123 922 246 980 animae
257 922 359 977 matria
368 923 486 978 valeant
496 922 604 998 aliquid
616 926 857 982 lineamentorum
870 935 920 984 aut
933 929 1062 985 colorum

19 1007 210 1084 adspergere
224 1006 334 1062 teneria
345 1005 535 1083 mollibusque
549 1008 746 1084 conceptibua‚
760 1011 836 1084 ipaaa
845 1013 964 1068 omnino
974 1021 1061 1069 natu-

19 1109 89 1161 raa,
115 1107 197 1168 quae
211 1089 254 1144 aie
267 1089 314 1146 vel
326 1091 370 1146 aic
383 1092 415 1146 in
429 1107 481 1146 auo
495 1110 604 1169 genere
628 1090 805 1164 afficiantur,
832 1114 891 1150 non
913 1093 982 1151 facit
1004 1095 1061 1151 nisi

20 1192 159 1230 aummua
174 1171 270 1229 Deua:
298 1175 380 1230 cuiua
399 1176 513 1230 occulta
529 1177 660 1250 potentia
673 1185 778 1232 cuneta
789 1187 946 1249 penetrans
958 1180 1061 1234 incon-

20 1257 195 1316 taminabili
207 1258 374 1331 praesentia
386 1257 457 1313 facit
466 1276 529 1313 erae
540 1258 677 1334 quicquid
690 1261 747 1315 alio
760 1258 844 1316 modo
857 1270 912 1332 eat,
925 1262 957 1316 in
971 1279 1062 1336 quan·

19 1353 211 1415 tumeunque
225 1349 285 1412 eat3
298 1341 365 1417 qula
379 1342 435 1398 niai
448 1340 574 1398 faciente
587 1343 652 1414 illo,
666 1344 769 1398 attale
781 1345 828 1399 vel
842 1345 899 1399 tale
912 1354 1000 1416 earet,
1014 1343 1063 1398 aed

16 1441 155 1502 proraua
171 1441 232 1480 eaae
243 1443 305 1480 non
317 1433 425 1498 poaaet.
461 1425 643 1501 Quapropter
655 1427 682 1482 ai
694 1427 726 1482 in
740 1427 790 1482 illa
809 1428 906 1502 apecie
919 1445 1005 1502 quam
1018 1427 1063 1483 fo-

17 1514 169 1568 rinsecus
182 1509 377 1582 corporalibus
391 1507 509 1583 opifices
520 1507 606 1566 rebus
619 1511 781 1584 imponunt,
794 1511 893 1566 urbem
904 1510 1025 1568 Romam
1035 1520 1065 1566 et

18 1595 130 1652 urbem
142 1591 352 1650 Alexandriam
367 1611 426 1650 non
440 1591 537 1652 fabros
553 1603 581 1649 et
600 1592 789 1666 architector,
814 1593 866 1650 aed
884 1613 970 1674 regen
991 1611 1063 1670 quo-

16 1698 92 1735 rum
104 1678 276 1748 voluntate,
298 1677 431 1748 consilio,
456 1685 486 1732 et
498 1677 619 1754 imperio
632 1677 790 1736 fabricatae
803 1687 887 1749 aunt,
911 1681 990 1735 illam
1003 1677 1063 1734 lto-

18 1763 150 1833 mulum,
164 1761 247 1816 illam
258 1759 454 1816 Alexandrum
468 1759 601 1818 babuisse
614 1762 736 1819 dicimur
750 1762 930 1820 conditorea:
954 1773 1063 1838 quanto

17 1848 123 1923 potius
146 1844 289 1900 nonnisi
306 1842 401 1900 Deum
416 1843 551 1902 debemus
572 1845 753 1904 conditorem
767 1846 863 1903 dicere
881 1857 1062 1918 naturarum,

18 1932 70 2006 qui
87 1947 191 2004 neque
204 1945 243 1983 ex
256 1946 291 1984 ea
302 1927 427 1984 materia·
437 1927 508 1986 facit
518 1927 626 2006 aliquid
639 1948 726 2006 quam
735 1931 797 2004 ipae
807 1949 868 1988 non
882 1931 995 2002 fecerit,
1008 1949 1063 1986 nec

18 2015 178 2092 operarios
192 2009 281 2068 babet
296 2012 355 2068 nisi
366 2030 439 2088 quoa
452 2013 514 2088 ipae
528 2015 687 2082 creaverit3
715 2023 744 2070 et
760 2015 786 2070 ai
799 2016 958 2089 potentiam
971 2032 1062 2081 auam,

16 2111 50 2156 ut
63 2103 110 2156 ita
124 2098 235 2168 dicam,
248 2095 464 2152 fabricatoriam
476 2097 563 2153 rebus
577 2094 737 2168 a,ubtrahat
751 2098 792 2152 ita
804 2115 864 2153 non
878 2106 973 2166 erunt,
987 2098 1064 2151 aieut

17 2195 92 2242 ante
105 2201 196 2258 quam
209 2180 326 2251 fierent,
339 2197 400 2236 noa
413 2175 549 2238 fueruotf
561 2177 620 2236 Sed
632 2189 700 2236 ante
714 2137 790 2251 dieo,
803 2181 989 2252 aeternitate,
1002 2195 1063 2236 aon

16 2281 168 2343 tempore.
203 2265 278 2332 Quia
292 2265 370 2322 enim
384 2263 458 2322 aliua
472 2274 589 2322 creator
603 2273 648 2322 cat
660 2273 836 2340 temporum,
858 2265 917 2322 niai
930 2281 980 2340 qur
971 2262 1064 2367 fecit

16 2373 68 2424 ea,
85 2369 213 2427 quorum
227 2348 351 2406 matibua
365 2358 518 2408 currerent
530 2343 679 2424 temporat

387 2498 508 2558 ΗΡ.
552 2496 702 2556 xxvi.

15 2603 63 2656 De
70 2600 285 2656 Platonicorum
295 2595 427 2664 opimone,
438 2611 490 2664 qua
497 2603 665 2664 putauerunt
675 2596 786 2664 angelos
797 2593 899 2662 quidem
910 2613 927 2646 a
937 2593 996 2647 Dec
1007 2611 1065 2647 coa·

149 2671 234 2733 ditor,
243 2667 308 2720 aed
297 2683 367 2736 aptot
378 2681 432 2718 eme
443 2665 617 2720 bumanorum
628 2680 769 2732 corporum
779 2663 936 2716 conditores.

88 2779 138 2836 lta
152 2797 228 2835 rane
239 2775 322 2832 Plato
335 2776 463 2831 minoren
477 2783 508 2831 et
520 2789 538 2829 a
548 2791 660 2830 aummo
674 2771 738 2830 Deo
756 2771 849 2829 factoa
863 2771 932 2829 deca
947 2769 1064 2828 effecto-

14 2885 75 2923 res
97 2879 166 2918 eane
183 2863 279 2920 voluit
295 2859 465 2916 animalium
481 2867 678 2927 caeterorum,
704 2865 736 2913 ιιι
749 2857 940 2914 immortalem
953 2865 1066 2931 partem

15 2952 58 3006 ab
75 2950 145 3022 ipao
157 2953 319 3014 cumeram,
333 2943 388 3018 ipai
401 2961 470 3001 vero
482 2943 633 3000 mortalem
648 2951 825 2998 attexerent.
852 2940 979 2998 Proinde
1000 2943 1065 2998 ani-

14 3050 143 3090 marum
157 3038 327 3088 normarum
339 3045 389 3084 eoa
406 3036 552 3084 creatores
566 3045 631 3082 ease
644 3027 750 3096 noluit,
764 3025 814 3082 aed
828 3043 989 3101 corporum.
1003 3023 1065 3081 Vn-

14 3120 58 3175 de
76 3116 220 3192 quoniam
233 3109 412 3187 Porphyrius
424 3122 541 3185 propter
553 3111 667 3167 animae
681 3113 886 3190 purgationem
898 3111 970 3168 dicit
980 3127 1066 3167 omne

12 3217 133 3276 corpur
152 3195 343 3276 fugiendum,
363 3197 506 3269 aimulque
522 3213 587 3250 cum
600 3213 652 3250 ιιιο
665 3193 787 3252 Platone
800 3197 922 3269 alliaque
934 3193 1064 3250 Platoni-

11 3290 64 3342 eia
80 3285 182 3340 sentit
195 3299 261 3351 eoa,
283 3279 333 3354 qui
352 3277 540 3336 immoderate
558 3296 592 3336 ac
610 3277 765 3335 inhoneatc
777 3279 923 3346 vixerint,
948 3287 1067 3351 propter

9 3365 151 3428 luendae
165 3383 277 3440 paenas
291 3361 327 3418 ad
340 3379 463 3438 corpora
473 3360 570 3416 redire
582 3363 733 3432 mortalia,
752 3359 835 3416 Plato
849 3358 964 3434 quidem
980 3361 1067 3414 etiam

10 3456 57 3512 ad
77 3452 263 3520 bestiarum,
289 3444 469 3522 Porphyrius
481 3445 679 3501 tantummodo
698 3444 734 3500 ad
746 3441 909 3512 hominunm
936 3442 1067 3514 requitur

12 3557 96 3607 eoa,
115 3544 152 3592 ιιι
166 3531 267 3588 dicant
279 3531 370 3587 deor
362 3539 446 3600 ιιιοι,
462 3545 533 3602 quoa
546 3546 564 3584 a
576 3528 659 3587 nebia
674 3529 779 3584 volunt
792 3525 876 3599 quaai
889 3531 1024 3598 parentes
1039 3531 1068 3576 et

12 3619 205 3680 conditam
219 3624 335 3672 noatroa
350 3615 418 3684 coli,
443 3610 516 3668 nihil
526 3629 590 3666 aare
600 3611 680 3668 aliud
693 3628 785 3686 quam
784 3607 885 3663 fabros
898 3603 1067 3678 compedum

11 3719 225 3764 carcerumve
239 3707 421 3769 noatromuu3
446 3715 500 3752 nee
512 3696 711 3766 institutores,
725 3691 776 3750 aed
790 3692 950 3747 inclusores
964 3688 1066 3767 alliga-

10 3803 175 3861 tei-eaque
188 3793 305 3840 nostros
320 3781 476 3860 ergastulia
490 3781 671 3836 aerumnosis
689 3787 719 3834 et
741 3775 922 3855 gravissimis
932 3773 1066 3830 vinculis

10 3879 87 3934 Aut
105 3887 182 3947 ergo
195 3867 331 3924 desinant
343 3865 486 3922 Platonici
499 3881 607 3939 poanaa
621 3864 783 3920 animarum
803 3877 840 3914 ex
859 3859 922 3914 iotis
938 3855 1065 3932 eorpori-
