<?xml version="1.0" encoding="UTF-8"?>
<!DOCTYPE html PUBLIC "-//W3C//DTD XHTML 1.0 Transitional//EN"
    "http://www.w3.org/TR/xhtml1/DTD/xhtml1-transitional.dtd">
<html xmlns="http://www.w3.org/1999/xhtml" xml:lang="en" lang="en">
 <head>
  <title>
</title>
<meta http-equiv="Content-Type" content="text/html;charset=utf-8" />
  <meta name='ocr-system' content='tesseract 3.04.00' />
  <meta name='ocr-capabilities' content='ocr_page ocr_carea ocr_par ocr_line ocrx_word'/>
</head>
<body>
  <div class='ocr_page' id='page_1' title='image "./saureliiaugusti02augugoog_0091.png"; bbox 0 0 2590 4396; ppageno 0'>
   <div class='ocr_carea' id='block_1_1' title="bbox 218 196 1030 262">
    <p class='ocr_par' dir='ltr' id='par_1_1' title="bbox 218 196 1030 262">
     <span class='ocr_line' id='line_1_1' title="bbox 218 196 1030 262; baseline -0.005 0"><span class='ocrx_word' id='word_1_1' title='bbox 218 203 259 262; x_wconf 78' lang='grc'><strong>64</strong></span> <span class='ocrx_word' id='word_1_2' title='bbox 446 197 543 256; x_wconf 89' lang='lat' dir='ltr'><strong>DlVl</strong></span> <span class='ocrx_word' id='word_1_3' title='bbox 564 196 754 256; x_wconf 83' lang='lat' dir='ltr'><strong>AVRELll</strong></span> <span class='ocrx_word' id='word_1_4' title='bbox 778 196 1030 258; x_wconf 84' lang='lat' dir='ltr'>AVGVSTINI</span> 
     </span>
    </p>
   </div>
   <div class='ocr_carea' id='block_1_2' title="bbox 212 347 1261 2576">
    <p class='ocr_par' dir='ltr' id='par_1_2' title="bbox 212 347 1261 2576">
     <span class='ocr_line' id='line_1_2' title="bbox 220 347 1248 430; baseline 0.001 -19"><span class='ocrx_word' id='word_1_5' title='bbox 220 352 352 412; x_wconf 83' lang='lat' dir='ltr'><strong>Romano</strong></span> <span class='ocrx_word' id='word_1_6' title='bbox 365 352 473 410; x_wconf 90' lang='lat' dir='ltr'><strong>bellum</strong></span> <span class='ocrx_word' id='word_1_7' title='bbox 487 350 621 430; x_wconf 75' lang='lat' dir='ltr'>gerebat:</span> <span class='ocrx_word' id='word_1_8' title='bbox 649 348 794 404; x_wconf 85' lang='lat' dir='ltr'><strong>nescimus</strong></span> <span class='ocrx_word' id='word_1_9' title='bbox 808 347 877 423; x_wconf 91' lang='lat' dir='ltr'><strong>quid</strong></span> <span class='ocrx_word' id='word_1_10' title='bbox 890 349 1015 422; x_wconf 84' lang='lat' dir='ltr'><strong>laceret,</strong></span> <span class='ocrx_word' id='word_1_11' title='bbox 1029 352 1055 406; x_wconf 84' lang='lat' dir='ltr'><strong>si</strong></span> <span class='ocrx_word' id='word_1_12' title='bbox 1067 350 1104 408; x_wconf 87' lang='lat' dir='ltr'><strong>sd</strong></span> <span class='ocrx_word' id='word_1_13' title='bbox 1117 353 1178 409; x_wconf 86' lang='lat' dir='ltr'><strong>eius</strong></span> <span class='ocrx_word' id='word_1_14' title='bbox 1192 371 1248 413; x_wconf 89' lang='lat' dir='ltr'><strong>no·</strong></span> 
     </span>
     <span class='ocr_line' id='line_1_3' title="bbox 219 428 1248 514; baseline -0.002 -20"><span class='ocrx_word' id='word_1_15' title='bbox 219 437 315 494; x_wconf 91' lang='lat' dir='ltr'><strong>titiam</strong></span> <span class='ocrx_word' id='word_1_16' title='bbox 326 435 473 514; x_wconf 82' lang='lat' dir='ltr'><strong>flagitium</strong></span> <span class='ocrx_word' id='word_1_17' title='bbox 485 435 538 492; x_wconf 89' lang='lat' dir='ltr'><strong>filii</strong></span> <span class='ocrx_word' id='word_1_18' title='bbox 549 431 721 490; x_wconf 79' lang='lat' dir='ltr'><strong>deferretur.</strong></span> <span class='ocrx_word' id='word_1_19' title='bbox 763 428 804 487; x_wconf 90' lang='lat' dir='ltr'><strong>Et</strong></span> <span class='ocrx_word' id='word_1_20' title='bbox 818 439 916 488; x_wconf 86' lang='lat' dir='ltr'><strong>tamen</strong></span> <span class='ocrx_word' id='word_1_21' title='bbox 927 433 1111 508; x_wconf 88' lang='lat' dir='ltr'><strong>inexplorato</strong></span> <span class='ocrx_word' id='word_1_22' title='bbox 1125 437 1186 492; x_wconf 87' lang='lat' dir='ltr'><strong>eius</strong></span> <span class='ocrx_word' id='word_1_23' title='bbox 1200 439 1248 493; x_wconf 90' lang='lat' dir='ltr'><strong>iu-</strong></span> 
     </span>
     <span class='ocr_line' id='line_1_4' title="bbox 219 511 1250 595; baseline 0 -19"><span class='ocrx_word' id='word_1_24' title='bbox 219 519 295 576; x_wconf 92' lang='lat' dir='ltr'><strong>dicio</strong></span> <span class='ocrx_word' id='word_1_25' title='bbox 309 528 339 576; x_wconf 85' lang='lat' dir='ltr'><strong>et</strong></span> <span class='ocrx_word' id='word_1_26' title='bbox 351 521 520 594; x_wconf 86' lang='lat' dir='ltr'><strong>inexperto,</strong></span> <span class='ocrx_word' id='word_1_27' title='bbox 547 515 575 570; x_wconf 87' lang='lat' dir='ltr'><strong>oi</strong></span> <span class='ocrx_word' id='word_1_28' title='bbox 599 514 723 588; x_wconf 92' lang='lat' dir='ltr'><strong>populus</strong></span> <span class='ocrx_word' id='word_1_29' title='bbox 749 511 858 570; x_wconf 79' lang='lat' dir='ltr'><strong>ademit</strong></span> <span class='ocrx_word' id='word_1_30' title='bbox 882 516 1050 590; x_wconf 83' lang='lat' dir='ltr'><strong>imperium3</strong></span> <span class='ocrx_word' id='word_1_31' title='bbox 1076 527 1106 573; x_wconf 91' lang='lat' dir='ltr'><strong>et</strong></span> <span class='ocrx_word' id='word_1_32' title='bbox 1130 530 1250 595; x_wconf 88' lang='lat' dir='ltr'><strong>recepto</strong></span> 
     </span>
     <span class='ocr_line' id='line_1_5' title="bbox 219 597 1247 676; baseline 0 -18"><span class='ocrx_word' id='word_1_33' title='bbox 219 604 382 660; x_wconf 79' lang='lat' dir='ltr'><strong>exercitae</strong></span> <span class='ocrx_word' id='word_1_34' title='bbox 395 619 452 676; x_wconf 91' lang='lat' dir='ltr'><strong>quo</strong></span> <span class='ocrx_word' id='word_1_35' title='bbox 466 597 562 654; x_wconf 89' lang='lat' dir='ltr'><strong>deseri</strong></span> <span class='ocrx_word' id='word_1_36' title='bbox 586 597 685 653; x_wconf 89' lang='lat' dir='ltr'><strong>iussus</strong></span> <span class='ocrx_word' id='word_1_37' title='bbox 699 605 761 668; x_wconf 90' lang='lat' dir='ltr'><strong>cst,</strong></span> <span class='ocrx_word' id='word_1_38' title='bbox 787 598 894 654; x_wconf 87' lang='lat' dir='ltr'><strong>clausis</strong></span> <span class='ocrx_word' id='word_1_39' title='bbox 908 598 1012 655; x_wconf 90' lang='lat' dir='ltr'><strong>deinde</strong></span> <span class='ocrx_word' id='word_1_40' title='bbox 1024 602 1118 673; x_wconf 88' lang='lat' dir='ltr'><strong>portis</strong></span> <span class='ocrx_word' id='word_1_41' title='bbox 1132 620 1190 658; x_wconf 92' lang='lat' dir='ltr'><strong>non</strong></span> <span class='ocrx_word' id='word_1_42' title='bbox 1204 604 1247 658; x_wconf 91' lang='lat' dir='ltr'><strong>si-</strong></span> 
     </span>
     <span class='ocr_line' id='line_1_6' title="bbox 220 678 1249 758; baseline -0.005 -14"><span class='ocrx_word' id='word_1_43' title='bbox 220 688 262 744; x_wconf 86' lang='lat' dir='ltr'><strong>vit</strong></span> <span class='ocrx_word' id='word_1_44' title='bbox 288 687 400 742; x_wconf 89' lang='lat' dir='ltr'><strong>intrare</strong></span> <span class='ocrx_word' id='word_1_45' title='bbox 425 680 605 737; x_wconf 79' lang='lat' dir='ltr'><strong>redeuntem.</strong></span> <span class='ocrx_word' id='word_1_46' title='bbox 648 678 687 736; x_wconf 83' lang='lat' dir='ltr'><strong>At</strong></span> <span class='ocrx_word' id='word_1_47' title='bbox 699 681 749 734; x_wconf 92' lang='lat' dir='ltr'><strong>ille</strong></span> <span class='ocrx_word' id='word_1_48' title='bbox 761 689 828 755; x_wconf 89' lang='lat' dir='ltr'><strong>post</strong></span> <span class='ocrx_word' id='word_1_49' title='bbox 839 681 915 736; x_wconf 89' lang='lat' dir='ltr'><strong>bella</strong></span> <span class='ocrx_word' id='word_1_50' title='bbox 928 683 1117 758; x_wconf 84' lang='lat' dir='ltr'><strong>gravissima,</strong></span> <span class='ocrx_word' id='word_1_51' title='bbox 1144 685 1249 758; x_wconf 90' lang='lat' dir='ltr'><strong>quibus</strong></span> 
     </span>
     <span class='ocr_line' id='line_1_7' title="bbox 218 761 1249 841; baseline -0.003 -15"><span class='ocrx_word' id='word_1_52' title='bbox 218 767 335 826; x_wconf 89' lang='lat' dir='ltr'><strong>eosdem</strong></span> <span class='ocrx_word' id='word_1_53' title='bbox 347 765 494 822; x_wconf 87' lang='lat' dir='ltr'><strong>Romanos</strong></span> <span class='ocrx_word' id='word_1_54' title='bbox 509 763 664 819; x_wconf 83' lang='lat' dir='ltr'><strong>concitatis</strong></span> <span class='ocrx_word' id='word_1_55' title='bbox 678 761 811 820; x_wconf 89' lang='lat' dir='ltr'><strong>finitimis</strong></span> <span class='ocrx_word' id='word_1_56' title='bbox 825 765 956 836; x_wconf 78' lang='lat' dir='ltr'>attrivit,</span> <span class='ocrx_word' id='word_1_57' title='bbox 984 774 1174 841; x_wconf 87' lang='lat' dir='ltr'><strong>posteaquam</strong></span> <span class='ocrx_word' id='word_1_58' title='bbox 1197 767 1249 824; x_wconf 90' lang='lat' dir='ltr'><strong>de-</strong></span> 
     </span>
     <span class='ocr_line' id='line_1_8' title="bbox 217 846 1250 925; baseline -0.003 -18"><span class='ocrx_word' id='word_1_59' title='bbox 217 861 313 907; x_wconf 88' lang='lat' dir='ltr'><strong>sertus</strong></span> <span class='ocrx_word' id='word_1_60' title='bbox 327 849 362 904; x_wconf 92' lang='lat' dir='ltr'><strong>ab</strong></span> <span class='ocrx_word' id='word_1_61' title='bbox 377 847 419 902; x_wconf 88' lang='lat' dir='ltr'><strong>eis</strong></span> <span class='ocrx_word' id='word_1_62' title='bbox 433 863 557 922; x_wconf 89' lang='lat' dir='ltr'><strong>quorum</strong></span> <span class='ocrx_word' id='word_1_63' title='bbox 571 846 679 904; x_wconf 90' lang='lat' dir='ltr'><strong>fidebat</strong></span> <span class='ocrx_word' id='word_1_64' title='bbox 691 847 816 918; x_wconf 86' lang='lat' dir='ltr'><strong>auxilio,</strong></span> <span class='ocrx_word' id='word_1_65' title='bbox 841 864 966 925; x_wconf 81' lang='lat' dir='ltr'><strong>regnum</strong></span> <span class='ocrx_word' id='word_1_66' title='bbox 977 849 1108 922; x_wconf 88' lang='lat' dir='ltr'><strong>recipere</strong></span> <span class='ocrx_word' id='word_1_67' title='bbox 1124 867 1183 906; x_wconf 88' lang='lat' dir='ltr'><strong>non</strong></span> <span class='ocrx_word' id='word_1_68' title='bbox 1195 867 1250 906; x_wconf 81' lang='lat' dir='ltr'><strong>ra-</strong></span> 
     </span>
     <span class='ocr_line' id='line_1_9' title="bbox 215 927 1251 1005; baseline -0.002 -17"><span class='ocrx_word' id='word_1_69' title='bbox 215 933 286 1002; x_wconf 82' lang='lat' dir='ltr'><strong>luit,</strong></span> <span class='ocrx_word' id='word_1_70' title='bbox 300 931 332 988; x_wconf 91' lang='lat' dir='ltr'><strong>in</strong></span> <span class='ocrx_word' id='word_1_71' title='bbox 345 929 449 1005; x_wconf 92' lang='lat' dir='ltr'><strong>oppido</strong></span> <span class='ocrx_word' id='word_1_72' title='bbox 463 927 593 986; x_wconf 85' lang='lat' dir='ltr'><strong>Tusculo</strong></span> <span class='ocrx_word' id='word_1_73' title='bbox 607 927 717 985; x_wconf 88' lang='lat' dir='ltr'><strong>Romae</strong></span> <span class='ocrx_word' id='word_1_74' title='bbox 730 929 829 985; x_wconf 87' lang='lat' dir='ltr'><strong>vicino</strong></span> <span class='ocrx_word' id='word_1_75' title='bbox 843 931 1078 1004; x_wconf 87' lang='lat' dir='ltr'><strong>quatuordecim,</strong></span> <span class='ocrx_word' id='word_1_76' title='bbox 1098 941 1131 988; x_wconf 89' lang='lat' dir='ltr'><strong>ut</strong></span> <span class='ocrx_word' id='word_1_77' title='bbox 1144 931 1251 1003; x_wconf 82' lang='lat' dir='ltr'><strong>fertur,</strong></span> 
     </span>
     <span class='ocr_line' id='line_1_10' title="bbox 215 1009 1253 1088; baseline 0 -18"><span class='ocrx_word' id='word_1_78' title='bbox 215 1031 309 1070; x_wconf 88' lang='lat' dir='ltr'><strong>annos</strong></span> <span class='ocrx_word' id='word_1_79' title='bbox 322 1013 466 1088; x_wconf 85' lang='lat' dir='ltr'><strong>privatam</strong></span> <span class='ocrx_word' id='word_1_80' title='bbox 479 1013 570 1069; x_wconf 87' lang='lat' dir='ltr'><strong>vitem</strong></span> <span class='ocrx_word' id='word_1_81' title='bbox 583 1012 698 1085; x_wconf 89' lang='lat' dir='ltr'><strong>quietus</strong></span> <span class='ocrx_word' id='word_1_82' title='bbox 711 1009 827 1082; x_wconf 90' lang='lat' dir='ltr'><strong>habuit,</strong></span> <span class='ocrx_word' id='word_1_83' title='bbox 852 1021 961 1068; x_wconf 89' lang='lat' dir='ltr'><strong>etcum</strong></span> <span class='ocrx_word' id='word_1_84' title='bbox 974 1031 1069 1070; x_wconf 87' lang='lat' dir='ltr'><strong>uxore</strong></span> <span class='ocrx_word' id='word_1_85' title='bbox 1082 1011 1253 1086; x_wconf 70' lang='lat' dir='ltr'><strong>contenuit,</strong></span> 
     </span>
     <span class='ocr_line' id='line_1_11' title="bbox 215 1094 1254 1172; baseline -0.001 -19"><span class='ocrx_word' id='word_1_86' title='bbox 215 1095 387 1170; x_wconf 77' lang='lat' dir='ltr'><strong>optabiliore</strong></span> <span class='ocrx_word' id='word_1_87' title='bbox 400 1094 535 1152; x_wconf 85' lang='lat' dir='ltr'><strong>fortassis</strong></span> <span class='ocrx_word' id='word_1_88' title='bbox 549 1095 647 1164; x_wconf 83' lang='lat' dir='ltr'><strong>exitu,</strong></span> <span class='ocrx_word' id='word_1_89' title='bbox 661 1110 746 1168; x_wconf 89' lang='lat' dir='ltr'><strong>quam</strong></span> <span class='ocrx_word' id='word_1_90' title='bbox 757 1111 841 1149; x_wconf 86' lang='lat' dir='ltr'><strong>socer</strong></span> <span class='ocrx_word' id='word_1_91' title='bbox 851 1095 914 1150; x_wconf 91' lang='lat' dir='ltr'><strong>eius</strong></span> <span class='ocrx_word' id='word_1_92' title='bbox 926 1097 1032 1172; x_wconf 73' lang='lat' dir='ltr'><strong>generi</strong></span> <span class='ocrx_word' id='word_1_93' title='bbox 1045 1098 1092 1153; x_wconf 88' lang='lat' dir='ltr'><strong>sui</strong></span> <span class='ocrx_word' id='word_1_94' title='bbox 1105 1097 1254 1168; x_wconf 81' lang='lat' dir='ltr'><strong>facinore,</strong></span> 
     </span>
     <span class='ocr_line' id='line_1_12' title="bbox 215 1174 1254 1257; baseline 0 -21"><span class='ocrx_word' id='word_1_95' title='bbox 215 1198 271 1236; x_wconf 90' lang='lat' dir='ltr'><strong>nec</strong></span> <span class='ocrx_word' id='word_1_96' title='bbox 285 1181 443 1257; x_wconf 77' lang='lat' dir='ltr'><strong>ignorante</strong></span> <span class='ocrx_word' id='word_1_97' title='bbox 455 1178 533 1249; x_wconf 87' lang='lat' dir='ltr'><strong>filio,</strong></span> <span class='ocrx_word' id='word_1_98' title='bbox 560 1177 638 1234; x_wconf 86' lang='lat' dir='ltr'><strong>sicut</strong></span> <span class='ocrx_word' id='word_1_99' title='bbox 650 1174 833 1251; x_wconf 90' lang='lat' dir='ltr'><strong>perhibetur,</strong></span> <span class='ocrx_word' id='word_1_100' title='bbox 857 1179 1031 1233; x_wconf 84' lang='lat' dir='ltr'><strong>exstinctus.</strong></span> <span class='ocrx_word' id='word_1_101' title='bbox 1075 1178 1137 1235; x_wconf 90' lang='lat' dir='ltr'><strong>Nec</strong></span> <span class='ocrx_word' id='word_1_102' title='bbox 1150 1189 1254 1236; x_wconf 85' lang='lat' dir='ltr'><strong>tamen</strong></span> 
     </span>
     <span class='ocr_line' id='line_1_13' title="bbox 216 1258 1255 1338; baseline -0.002 -19"><span class='ocrx_word' id='word_1_103' title='bbox 216 1265 307 1320; x_wconf 89' lang='lat' dir='ltr'><strong>istum</strong></span> <span class='ocrx_word' id='word_1_104' title='bbox 319 1259 514 1338; x_wconf 87' lang='lat' dir='ltr'><strong>Tarquinium</strong></span> <span class='ocrx_word' id='word_1_105' title='bbox 526 1259 653 1318; x_wconf 88' lang='lat' dir='ltr'><strong>Romani</strong></span> <span class='ocrx_word' id='word_1_106' title='bbox 674 1258 819 1315; x_wconf 87' lang='lat' dir='ltr'><strong>crudelem</strong></span> <span class='ocrx_word' id='word_1_107' title='bbox 842 1267 893 1316; x_wconf 87' lang='lat' dir='ltr'><strong>aut</strong></span> <span class='ocrx_word' id='word_1_108' title='bbox 916 1260 1107 1331; x_wconf 72' lang='lat' dir='ltr'><strong>meleretum,</strong></span> <span class='ocrx_word' id='word_1_109' title='bbox 1132 1261 1184 1316; x_wconf 90' lang='lat' dir='ltr'><strong>sed</strong></span> <span class='ocrx_word' id='word_1_110' title='bbox 1198 1281 1255 1318; x_wconf 91' lang='lat' dir='ltr'><strong>su-</strong></span> 
     </span>
     <span class='ocr_line' id='line_1_14' title="bbox 216 1341 1256 1423; baseline -0.004 -21"><span class='ocrx_word' id='word_1_111' title='bbox 216 1346 336 1423; x_wconf 89' lang='lat' dir='ltr'><strong>perbum</strong></span> <span class='ocrx_word' id='word_1_112' title='bbox 358 1346 594 1420; x_wconf 82' lang='lat' dir='ltr'><strong>appellaverunt,</strong></span> <span class='ocrx_word' id='word_1_113' title='bbox 621 1341 757 1397; x_wconf 78' lang='lat' dir='ltr'><strong>fortassis</strong></span> <span class='ocrx_word' id='word_1_114' title='bbox 772 1342 871 1419; x_wconf 82' lang='lat' dir='ltr'><strong>regios</strong></span> <span class='ocrx_word' id='word_1_115' title='bbox 885 1343 949 1398; x_wconf 90' lang='lat' dir='ltr'><strong>eius</strong></span> <span class='ocrx_word' id='word_1_116' title='bbox 962 1341 1056 1398; x_wconf 84' lang='lat' dir='ltr'><strong>fastus</strong></span> <span class='ocrx_word' id='word_1_117' title='bbox 1070 1344 1128 1400; x_wconf 87' lang='lat' dir='ltr'><strong>alia</strong></span> <span class='ocrx_word' id='word_1_118' title='bbox 1144 1361 1256 1417; x_wconf 88' lang='lat' dir='ltr'><strong>super-</strong></span> 
     </span>
     <span class='ocr_line' id='line_1_15' title="bbox 215 1424 1256 1502; baseline -0.003 -16"><span class='ocrx_word' id='word_1_119' title='bbox 215 1431 263 1486; x_wconf 88' lang='lat' dir='ltr'><strong>bia</strong></span> <span class='ocrx_word' id='word_1_120' title='bbox 277 1448 336 1486; x_wconf 92' lang='lat' dir='ltr'><strong>non</strong></span> <span class='ocrx_word' id='word_1_121' title='bbox 353 1427 493 1484; x_wconf 85' lang='lat' dir='ltr'><strong>ferentes.</strong></span> <span class='ocrx_word' id='word_1_122' title='bbox 536 1425 612 1484; x_wconf 88' lang='lat' dir='ltr'><strong>Nam</strong></span> <span class='ocrx_word' id='word_1_123' title='bbox 635 1426 730 1481; x_wconf 89' lang='lat' dir='ltr'><strong>scelus</strong></span> <span class='ocrx_word' id='word_1_124' title='bbox 744 1425 835 1482; x_wconf 87' lang='lat' dir='ltr'><strong>occisi</strong></span> <span class='ocrx_word' id='word_1_125' title='bbox 847 1424 882 1480; x_wconf 93' lang='lat' dir='ltr'><strong>ab</strong></span> <span class='ocrx_word' id='word_1_126' title='bbox 898 1443 932 1480; x_wconf 91' lang='lat' dir='ltr'><strong>eo</strong></span> <span class='ocrx_word' id='word_1_127' title='bbox 945 1426 1040 1480; x_wconf 87' lang='lat' dir='ltr'><strong>soceri</strong></span> <span class='ocrx_word' id='word_1_128' title='bbox 1052 1425 1153 1499; x_wconf 90' lang='lat' dir='ltr'><strong>optimi</strong></span> <span class='ocrx_word' id='word_1_129' title='bbox 1165 1429 1256 1502; x_wconf 85' lang='lat' dir='ltr'><strong>regis</strong></span> 
     </span>
     <span class='ocr_line' id='line_1_16' title="bbox 215 1507 1255 1586; baseline 0 -20"><span class='ocrx_word' id='word_1_130' title='bbox 215 1513 261 1566; x_wconf 93' lang='lat' dir='ltr'><strong>sui</strong></span> <span class='ocrx_word' id='word_1_131' title='bbox 283 1529 377 1585; x_wconf 90' lang='lat' dir='ltr'><strong>usque</strong></span> <span class='ocrx_word' id='word_1_132' title='bbox 403 1510 475 1564; x_wconf 89' lang='lat' dir='ltr'><strong>adeo</strong></span> <span class='ocrx_word' id='word_1_133' title='bbox 502 1516 738 1580; x_wconf 81' lang='lat' dir='ltr'><strong>contemserunt,</strong></span> <span class='ocrx_word' id='word_1_134' title='bbox 765 1516 798 1562; x_wconf 90' lang='lat' dir='ltr'><strong>ut</strong></span> <span class='ocrx_word' id='word_1_135' title='bbox 811 1526 877 1563; x_wconf 92' lang='lat' dir='ltr'><strong>eum</strong></span> <span class='ocrx_word' id='word_1_136' title='bbox 890 1525 991 1586; x_wconf 81' lang='lat' dir='ltr'><strong>regem</strong></span> <span class='ocrx_word' id='word_1_137' title='bbox 1004 1525 1089 1564; x_wconf 91' lang='lat' dir='ltr'><strong>uum</strong></span> <span class='ocrx_word' id='word_1_138' title='bbox 1102 1507 1255 1566; x_wconf 84' lang='lat' dir='ltr'><strong>fecerent:</strong></span> 
     </span>
     <span class='ocr_line' id='line_1_17' title="bbox 214 1589 1256 1666; baseline 0 -18"><span class='ocrx_word' id='word_1_139' title='bbox 214 1593 264 1648; x_wconf 93' lang='lat' dir='ltr'><strong>ubi</strong></span> <span class='ocrx_word' id='word_1_140' title='bbox 276 1593 368 1647; x_wconf 91' lang='lat' dir='ltr'><strong>miror</strong></span> <span class='ocrx_word' id='word_1_141' title='bbox 377 1592 404 1648; x_wconf 90' lang='lat' dir='ltr'><strong>si</strong></span> <span class='ocrx_word' id='word_1_142' title='bbox 414 1609 475 1648; x_wconf 91' lang='lat' dir='ltr'><strong>non</strong></span> <span class='ocrx_word' id='word_1_143' title='bbox 486 1593 598 1646; x_wconf 87' lang='lat' dir='ltr'><strong>scelere</strong></span> <span class='ocrx_word' id='word_1_144' title='bbox 607 1590 745 1666; x_wconf 80' lang='lat' dir='ltr'><strong>graviore</strong></span> <span class='ocrx_word' id='word_1_145' title='bbox 756 1589 919 1646; x_wconf 80' lang='lat' dir='ltr'><strong>mercedem</strong></span> <span class='ocrx_word' id='word_1_146' title='bbox 929 1598 1042 1646; x_wconf 88' lang='lat' dir='ltr'><strong>tantam</strong></span> <span class='ocrx_word' id='word_1_147' title='bbox 1051 1599 1134 1648; x_wconf 85' lang='lat' dir='ltr'><strong>tanto</strong></span> <span class='ocrx_word' id='word_1_148' title='bbox 1144 1593 1256 1648; x_wconf 91' lang='lat' dir='ltr'><strong>sceleri</strong></span> 
     </span>
     <span class='ocr_line' id='line_1_18' title="bbox 214 1670 1256 1746; baseline 0 -16"><span class='ocrx_word' id='word_1_149' title='bbox 214 1673 415 1730; x_wconf 89' lang='lat' dir='ltr'><strong>reddiderunt.</strong></span> <span class='ocrx_word' id='word_1_150' title='bbox 459 1671 521 1730; x_wconf 87' lang='lat' dir='ltr'><strong>Nec</strong></span> <span class='ocrx_word' id='word_1_151' title='bbox 545 1672 707 1728; x_wconf 88' lang='lat' dir='ltr'><strong>discessere</strong></span> <span class='ocrx_word' id='word_1_152' title='bbox 720 1670 816 1746; x_wconf 80' lang='lat' dir='ltr'><strong>adytis</strong></span> <span class='ocrx_word' id='word_1_153' title='bbox 831 1673 949 1746; x_wconf 90' lang='lat' dir='ltr'><strong>arisque</strong></span> <span class='ocrx_word' id='word_1_154' title='bbox 963 1673 1074 1728; x_wconf 90' lang='lat' dir='ltr'><strong>relictis</strong></span> <span class='ocrx_word' id='word_1_155' title='bbox 1089 1671 1140 1728; x_wconf 90' lang='lat' dir='ltr'><strong>dii.</strong></span> <span class='ocrx_word' id='word_1_156' title='bbox 1183 1673 1256 1730; x_wconf 90' lang='lat' dir='ltr'><strong>Nisi</strong></span> 
     </span>
     <span class='ocr_line' id='line_1_19' title="bbox 215 1752 1255 1832; baseline -0.001 -18"><span class='ocrx_word' id='word_1_157' title='bbox 215 1757 292 1814; x_wconf 80' lang='lat' dir='ltr'><strong>forte</strong></span> <span class='ocrx_word' id='word_1_158' title='bbox 318 1757 463 1832; x_wconf 84' lang='lat' dir='ltr'><strong>quispiam</strong></span> <span class='ocrx_word' id='word_1_159' title='bbox 476 1757 519 1812; x_wconf 85' lang='lat' dir='ltr'><strong>sic</strong></span> <span class='ocrx_word' id='word_1_160' title='bbox 533 1753 672 1811; x_wconf 87' lang='lat' dir='ltr'><strong>defendat</strong></span> <span class='ocrx_word' id='word_1_161' title='bbox 684 1754 757 1809; x_wconf 84' lang='lat' dir='ltr'><strong>istos</strong></span> <span class='ocrx_word' id='word_1_162' title='bbox 770 1752 857 1826; x_wconf 91' lang='lat' dir='ltr'><strong>deos,</strong></span> <span class='ocrx_word' id='word_1_163' title='bbox 883 1763 918 1810; x_wconf 92' lang='lat' dir='ltr'><strong>ut</strong></span> <span class='ocrx_word' id='word_1_164' title='bbox 930 1754 1009 1812; x_wconf 85' lang='lat' dir='ltr'><strong>dieat</strong></span> <span class='ocrx_word' id='word_1_165' title='bbox 1022 1773 1072 1810; x_wconf 89' lang='lat' dir='ltr'><strong>eos</strong></span> <span class='ocrx_word' id='word_1_166' title='bbox 1086 1756 1152 1812; x_wconf 89' lang='lat' dir='ltr'><strong>ideo</strong></span> <span class='ocrx_word' id='word_1_167' title='bbox 1164 1775 1255 1814; x_wconf 89' lang='lat' dir='ltr'><strong>man·</strong></span> 
     </span>
     <span class='ocr_line' id='line_1_20' title="bbox 215 1835 1254 1915; baseline -0.001 -18"><span class='ocrx_word' id='word_1_168' title='bbox 215 1841 290 1908; x_wconf 68' lang='lat' dir='ltr'><strong>sisse</strong></span> <span class='ocrx_word' id='word_1_169' title='bbox 303 1839 430 1911; x_wconf 85' lang='lat' dir='ltr'><strong>Romae,</strong></span> <span class='ocrx_word' id='word_1_170' title='bbox 457 1857 513 1915; x_wconf 92' lang='lat' dir='ltr'><strong>quo</strong></span> <span class='ocrx_word' id='word_1_171' title='bbox 539 1845 660 1913; x_wconf 89' lang='lat' dir='ltr'><strong>possent</strong></span> <span class='ocrx_word' id='word_1_172' title='bbox 672 1835 821 1893; x_wconf 85' lang='lat' dir='ltr'><strong>Romano</strong></span> <span class='ocrx_word' id='word_1_173' title='bbox 847 1838 940 1914; x_wconf 78' lang='lat' dir='ltr'><strong>magis</strong></span> <span class='ocrx_word' id='word_1_174' title='bbox 955 1838 1060 1912; x_wconf 90' lang='lat' dir='ltr'><strong>punire</strong></span> <span class='ocrx_word' id='word_1_175' title='bbox 1087 1841 1254 1914; x_wconf 85' lang='lat' dir='ltr'><strong>suppliciis,</strong></span> 
     </span>
     <span class='ocr_line' id='line_1_21' title="bbox 213 1917 1255 1999; baseline 0 -19"><span class='ocrx_word' id='word_1_176' title='bbox 213 1941 302 1999; x_wconf 88' lang='lat' dir='ltr'><strong>quam</strong></span> <span class='ocrx_word' id='word_1_177' title='bbox 313 1921 465 1981; x_wconf 76' lang='lat' dir='ltr'><strong>beneficiis</strong></span> <span class='ocrx_word' id='word_1_178' title='bbox 476 1921 631 1993; x_wconf 85' lang='lat' dir='ltr'><strong>adiuvare,</strong></span> <span class='ocrx_word' id='word_1_179' title='bbox 645 1917 819 1976; x_wconf 87' lang='lat' dir='ltr'><strong>seducentes</strong></span> <span class='ocrx_word' id='word_1_180' title='bbox 833 1937 883 1976; x_wconf 93' lang='lat' dir='ltr'><strong>eos</strong></span> <span class='ocrx_word' id='word_1_181' title='bbox 896 1921 981 1976; x_wconf 86' lang='lat' dir='ltr'><strong>vanis</strong></span> <span class='ocrx_word' id='word_1_182' title='bbox 997 1922 1130 1978; x_wconf 85' lang='lat' dir='ltr'><strong>victoriis</strong></span> <span class='ocrx_word' id='word_1_183' title='bbox 1144 1931 1174 1980; x_wconf 88' lang='lat' dir='ltr'><strong>et</strong></span> <span class='ocrx_word' id='word_1_184' title='bbox 1186 1923 1255 1980; x_wconf 91' lang='lat' dir='ltr'><strong>bel-</strong></span> 
     </span>
     <span class='ocr_line' id='line_1_22' title="bbox 214 2000 1256 2085; baseline -0.001 -21"><span class='ocrx_word' id='word_1_185' title='bbox 214 2009 251 2064; x_wconf 91' lang='lat' dir='ltr'><strong>lis</strong></span> <span class='ocrx_word' id='word_1_186' title='bbox 278 2007 462 2085; x_wconf 81' lang='lat' dir='ltr'><strong>gravissimis</strong></span> <span class='ocrx_word' id='word_1_187' title='bbox 488 2012 686 2062; x_wconf 87' lang='lat' dir='ltr'><strong>conterentes.</strong></span> <span class='ocrx_word' id='word_1_188' title='bbox 730 2000 812 2060; x_wconf 86' lang='lat' dir='ltr'><strong>Haec</strong></span> <span class='ocrx_word' id='word_1_189' title='bbox 825 2003 882 2060; x_wconf 84' lang='lat' dir='ltr'><strong>fuit</strong></span> <span class='ocrx_word' id='word_1_190' title='bbox 895 2001 1094 2062; x_wconf 86' lang='lat' dir='ltr'><strong>Romanorum</strong></span> <span class='ocrx_word' id='word_1_191' title='bbox 1108 2006 1169 2062; x_wconf 86' lang='lat' dir='ltr'><strong>rita</strong></span> <span class='ocrx_word' id='word_1_192' title='bbox 1195 2008 1256 2064; x_wconf 91' lang='lat' dir='ltr'><strong>sub</strong></span> 
     </span>
     <span class='ocr_line' id='line_1_23' title="bbox 214 2086 1254 2169; baseline -0.001 -23"><span class='ocrx_word' id='word_1_193' title='bbox 214 2092 333 2169; x_wconf 79' lang='lat' dir='ltr'><strong>regibus</strong></span> <span class='ocrx_word' id='word_1_194' title='bbox 358 2088 497 2146; x_wconf 88' lang='lat' dir='ltr'><strong>laudabili</strong></span> <span class='ocrx_word' id='word_1_195' title='bbox 519 2097 649 2162; x_wconf 90' lang='lat' dir='ltr'><strong>tompore</strong></span> <span class='ocrx_word' id='word_1_196' title='bbox 661 2087 740 2142; x_wconf 89' lang='lat' dir='ltr'><strong>illius</strong></span> <span class='ocrx_word' id='word_1_197' title='bbox 753 2086 930 2161; x_wconf 88' lang='lat' dir='ltr'><strong>reipublicae</strong></span> <span class='ocrx_word' id='word_1_198' title='bbox 943 2087 1085 2162; x_wconf 90' lang='lat' dir='ltr'><strong>usquead</strong></span> <span class='ocrx_word' id='word_1_199' title='bbox 1099 2090 1254 2163; x_wconf 88' lang='lat' dir='ltr'><strong>expulsio-</strong></span> 
     </span>
     <span class='ocr_line' id='line_1_24' title="bbox 214 2169 1257 2249; baseline 0 -19"><span class='ocrx_word' id='word_1_200' title='bbox 214 2191 282 2230; x_wconf 85' lang='lat' dir='ltr'><strong>nem</strong></span> <span class='ocrx_word' id='word_1_201' title='bbox 296 2173 452 2248; x_wconf 90' lang='lat' dir='ltr'><strong>Tarquinii</strong></span> <span class='ocrx_word' id='word_1_202' title='bbox 465 2171 592 2247; x_wconf 86' lang='lat' dir='ltr'><strong>Superbi</strong></span> <span class='ocrx_word' id='word_1_203' title='bbox 616 2188 669 2244; x_wconf 89' lang='lat' dir='ltr'><strong>per</strong></span> <span class='ocrx_word' id='word_1_204' title='bbox 695 2169 836 2226; x_wconf 86' lang='lat' dir='ltr'><strong>ducentos</strong></span> <span class='ocrx_word' id='word_1_205' title='bbox 853 2169 945 2226; x_wconf 87' lang='lat' dir='ltr'><strong>fermo</strong></span> <span class='ocrx_word' id='word_1_206' title='bbox 959 2178 989 2226; x_wconf 90' lang='lat' dir='ltr'><strong>et</strong></span> <span class='ocrx_word' id='word_1_207' title='bbox 1011 2170 1206 2249; x_wconf 79' lang='lat' dir='ltr'><strong>quadraginta</strong></span> <span class='ocrx_word' id='word_1_208' title='bbox 1221 2184 1257 2230; x_wconf 88' lang='lat' dir='ltr'><strong>et</strong></span> 
     </span>
     <span class='ocr_line' id='line_1_25' title="bbox 214 2253 1261 2332; baseline 0 -20"><span class='ocrx_word' id='word_1_209' title='bbox 214 2265 275 2312; x_wconf 87' lang='lat' dir='ltr'><strong>tres</strong></span> <span class='ocrx_word' id='word_1_210' title='bbox 301 2273 411 2327; x_wconf 87' lang='lat' dir='ltr'><strong>annos,</strong></span> <span class='ocrx_word' id='word_1_211' title='bbox 439 2273 504 2311; x_wconf 89' lang='lat' dir='ltr'><strong>cum</strong></span> <span class='ocrx_word' id='word_1_212' title='bbox 517 2256 585 2310; x_wconf 90' lang='lat' dir='ltr'><strong>illae</strong></span> <span class='ocrx_word' id='word_1_213' title='bbox 599 2269 700 2309; x_wconf 90' lang='lat' dir='ltr'><strong>omnes</strong></span> <span class='ocrx_word' id='word_1_214' title='bbox 712 2253 855 2309; x_wconf 86' lang='lat' dir='ltr'><strong>victoriae</strong></span> <span class='ocrx_word' id='word_1_215' title='bbox 868 2261 928 2310; x_wconf 87' lang='lat' dir='ltr'><strong>tam</strong></span> <span class='ocrx_word' id='word_1_216' title='bbox 940 2255 1031 2310; x_wconf 90' lang='lat' dir='ltr'><strong>multo</strong></span> <span class='ocrx_word' id='word_1_217' title='bbox 1048 2256 1193 2332; x_wconf 81' lang='lat' dir='ltr'><strong>sanguine</strong></span> <span class='ocrx_word' id='word_1_218' title='bbox 1221 2267 1261 2312; x_wconf 91' lang='lat' dir='ltr'><strong>et</strong></span> 
     </span>
     <span class='ocr_line' id='line_1_26' title="bbox 214 2335 1255 2416; baseline 0.002 -22"><span class='ocrx_word' id='word_1_219' title='bbox 214 2339 305 2395; x_wconf 90' lang='lat' dir='ltr'><strong>tantis</strong></span> <span class='ocrx_word' id='word_1_220' title='bbox 319 2346 414 2394; x_wconf 88' lang='lat' dir='ltr'><strong>emtae</strong></span> <span class='ocrx_word' id='word_1_221' title='bbox 428 2337 657 2407; x_wconf 80' lang='lat' dir='ltr'><strong>calamitatibus,</strong></span> <span class='ocrx_word' id='word_1_222' title='bbox 684 2337 737 2392; x_wconf 82' lang='lat' dir='ltr'><strong>rix</strong></span> <span class='ocrx_word' id='word_1_223' title='bbox 749 2335 820 2392; x_wconf 91' lang='lat' dir='ltr'><strong>illud</strong></span> <span class='ocrx_word' id='word_1_224' title='bbox 833 2337 986 2416; x_wconf 82' lang='lat' dir='ltr'><strong>imperium</strong></span> <span class='ocrx_word' id='word_1_225' title='bbox 999 2337 1079 2393; x_wconf 87' lang='lat' dir='ltr'><strong>intra</strong></span> <span class='ocrx_word' id='word_1_226' title='bbox 1090 2339 1200 2414; x_wconf 76' lang='lat' dir='ltr'><strong>viginti</strong></span> <span class='ocrx_word' id='word_1_227' title='bbox 1213 2340 1255 2396; x_wconf 90' lang='lat' dir='ltr'><strong>ab</strong></span> 
     </span>
     <span class='ocr_line' id='line_1_27' title="bbox 213 2419 1254 2493; baseline 0 -15"><span class='ocrx_word' id='word_1_228' title='bbox 213 2420 291 2478; x_wconf 88' lang='lat' dir='ltr'><strong>Vrbe</strong></span> <span class='ocrx_word' id='word_1_229' title='bbox 316 2421 454 2478; x_wconf 85' lang='lat' dir='ltr'><strong>milliaria</strong></span> <span class='ocrx_word' id='word_1_230' title='bbox 479 2420 681 2478; x_wconf 84' lang='lat' dir='ltr'><strong>dilataverint:</strong></span> <span class='ocrx_word' id='word_1_231' title='bbox 708 2428 850 2493; x_wconf 88' lang='lat' dir='ltr'><strong>quantum</strong></span> <span class='ocrx_word' id='word_1_232' title='bbox 863 2421 988 2493; x_wconf 87' lang='lat' dir='ltr'><strong>spatium</strong></span> <span class='ocrx_word' id='word_1_233' title='bbox 1000 2419 1077 2475; x_wconf 89' lang='lat' dir='ltr'><strong>absit</strong></span> <span class='ocrx_word' id='word_1_234' title='bbox 1097 2429 1131 2476; x_wconf 92' lang='lat' dir='ltr'><strong>ut</strong></span> <span class='ocrx_word' id='word_1_235' title='bbox 1144 2422 1254 2481; x_wconf 88' lang='lat' dir='ltr'><strong>saltem</strong></span> 
     </span>
     <span class='ocr_line' id='line_1_28' title="bbox 212 2503 1080 2576; baseline -0.003 -15"><span class='ocrx_word' id='word_1_236' title='bbox 212 2505 336 2562; x_wconf 87' lang='lat' dir='ltr'><strong>alicuius</strong></span> <span class='ocrx_word' id='word_1_237' title='bbox 351 2503 476 2562; x_wconf 85' lang='lat' dir='ltr'><strong>Getulae</strong></span> <span class='ocrx_word' id='word_1_238' title='bbox 490 2505 620 2561; x_wconf 84' lang='lat' dir='ltr'><strong>civitatis</strong></span> <span class='ocrx_word' id='word_1_239' title='bbox 632 2520 712 2559; x_wconf 88' lang='lat' dir='ltr'><strong>nunc</strong></span> <span class='ocrx_word' id='word_1_240' title='bbox 725 2503 875 2558; x_wconf 91' lang='lat' dir='ltr'><strong>territorio</strong></span> <span class='ocrx_word' id='word_1_241' title='bbox 890 2511 1080 2576; x_wconf 88' lang='lat' dir='ltr'><strong>comparetur.</strong></span> 
     </span>
    </p>
   </div>
   <div class='ocr_carea' id='block_1_3' title="bbox 596 2667 871 2727">
    <p class='ocr_par' dir='ltr' id='par_1_3' title="bbox 596 2667 871 2727">
     <span class='ocr_line' id='line_1_29' title="bbox 596 2667 871 2727; baseline -0.011 0"><span class='ocrx_word' id='word_1_242' title='bbox 596 2668 719 2727; x_wconf 84' lang='lat' dir='ltr'><strong>CAP.</strong></span> <span class='ocrx_word' id='word_1_243' title='bbox 763 2667 871 2726; x_wconf 80' lang='lat' dir='ltr'><strong>xvi.</strong></span> 
     </span>
    </p>
   </div>
   <div class='ocr_carea' id='block_1_4' title="bbox 211 2764 1257 2957">
    <p class='ocr_par' dir='ltr' id='par_1_4' title="bbox 211 2764 1257 2957">
     <span class='ocr_line' id='line_1_30' title="bbox 211 2764 1257 2836; baseline 0 -16"><span class='ocrx_word' id='word_1_244' title='bbox 211 2766 254 2820; x_wconf 86' lang='lat' dir='ltr'><strong>De</strong></span> <span class='ocrx_word' id='word_1_245' title='bbox 262 2767 361 2836; x_wconf 75' lang='lat' dir='ltr'><strong>primis</strong></span> <span class='ocrx_word' id='word_1_246' title='bbox 372 2767 446 2834; x_wconf 79' lang='lat' dir='ltr'><strong>aprtd</strong></span> <span class='ocrx_word' id='word_1_247' title='bbox 454 2764 588 2818; x_wconf 80' lang='lat' dir='ltr'><strong>Romanos</strong></span> <span class='ocrx_word' id='word_1_248' title='bbox 599 2764 760 2828; x_wconf 78' lang='lat' dir='ltr'><strong>consulibus,</strong></span> <span class='ocrx_word' id='word_1_249' title='bbox 770 2779 883 2833; x_wconf 81' lang='lat' dir='ltr'><strong>quoram</strong></span> <span class='ocrx_word' id='word_1_250' title='bbox 892 2765 964 2818; x_wconf 84' lang='lat' dir='ltr'><strong>alter</strong></span> <span class='ocrx_word' id='word_1_251' title='bbox 974 2767 1090 2816; x_wconf 83' lang='lat' dir='ltr'><strong>alterum</strong></span> <span class='ocrx_word' id='word_1_252' title='bbox 1097 2765 1194 2833; x_wconf 79' lang='lat' dir='ltr'><strong>patria</strong></span> <span class='ocrx_word' id='word_1_253' title='bbox 1203 2784 1257 2835; x_wconf 82' lang='lat' dir='ltr'><strong>pe·</strong></span> 
     </span>
     <span class='ocr_line' id='line_1_31' title="bbox 268 2833 1188 2903; baseline 0 -17"><span class='ocrx_word' id='word_1_254' title='bbox 268 2835 356 2903; x_wconf 79' lang='lat' dir='ltr'><strong>pulit,</strong></span> <span class='ocrx_word' id='word_1_255' title='bbox 370 2851 481 2903; x_wconf 71' lang='lat' dir='ltr'><strong>moxque</strong></span> <span class='ocrx_word' id='word_1_256' title='bbox 491 2833 593 2888; x_wconf 84' lang='lat' dir='ltr'><strong>Romae</strong></span> <span class='ocrx_word' id='word_1_257' title='bbox 604 2843 668 2902; x_wconf 84' lang='lat' dir='ltr'><strong>post</strong></span> <span class='ocrx_word' id='word_1_258' title='bbox 677 2834 848 2886; x_wconf 82' lang='lat' dir='ltr'><strong>atrocissima</strong></span> <span class='ocrx_word' id='word_1_259' title='bbox 855 2834 1009 2902; x_wconf 79' lang='lat' dir='ltr'><strong>parricidia</strong></span> <span class='ocrx_word' id='word_1_260' title='bbox 1019 2851 1036 2886; x_wconf 86' lang='lat' dir='ltr'><strong>a</strong></span> <span class='ocrx_word' id='word_1_261' title='bbox 1046 2836 1188 2888; x_wconf 78' lang='lat' dir='ltr'><strong>vulnerato</strong></span> 
     </span>
     <span class='ocr_line' id='line_1_32' title="bbox 541 2903 915 2957; baseline 0 -3"><span class='ocrx_word' id='word_1_262' title='bbox 541 2903 618 2957; x_wconf 86' lang='lat' dir='ltr'><strong>boste</strong></span> <span class='ocrx_word' id='word_1_263' title='bbox 627 2907 785 2956; x_wconf 83' lang='lat' dir='ltr'><strong>vulneratus</strong></span> <span class='ocrx_word' id='word_1_264' title='bbox 798 2903 915 2956; x_wconf 79' lang='lat' dir='ltr'><strong>interiit.</strong></span> 
     </span>
    </p>
   </div>
   <div class='ocr_carea' id='block_1_5' title="bbox 186 3007 1257 3914">
    <p class='ocr_par' dir='ltr' id='par_1_5' title="bbox 186 3007 1257 3914">
     <span class='ocr_line' id='line_1_33' title="bbox 276 3007 1256 3087; baseline 0.004 -21"><span class='ocrx_word' id='word_1_265' title='bbox 276 3007 355 3066; x_wconf 87' lang='lat' dir='ltr'><strong>Huic</strong></span> <span class='ocrx_word' id='word_1_266' title='bbox 367 3011 493 3084; x_wconf 86' lang='lat' dir='ltr'><strong>tempori</strong></span> <span class='ocrx_word' id='word_1_267' title='bbox 505 3010 676 3066; x_wconf 87' lang='lat' dir='ltr'><strong>adiiciamus</strong></span> <span class='ocrx_word' id='word_1_268' title='bbox 692 3011 781 3066; x_wconf 88' lang='lat' dir='ltr'><strong>etiam</strong></span> <span class='ocrx_word' id='word_1_269' title='bbox 793 3019 909 3084; x_wconf 90' lang='lat' dir='ltr'><strong>tempus</strong></span> <span class='ocrx_word' id='word_1_270' title='bbox 923 3011 1010 3082; x_wconf 87' lang='lat' dir='ltr'><strong>illud,</strong></span> <span class='ocrx_word' id='word_1_271' title='bbox 1024 3028 1188 3087; x_wconf 89' lang='lat' dir='ltr'><strong>quousque</strong></span> <span class='ocrx_word' id='word_1_272' title='bbox 1203 3012 1256 3070; x_wconf 86' lang='lat' dir='ltr'><strong>di-</strong></span> 
     </span>
     <span class='ocr_line' id='line_1_34' title="bbox 213 3091 1256 3171; baseline 0.003 -21"><span class='ocrx_word' id='word_1_273' title='bbox 213 3095 254 3150; x_wconf 87' lang='lat' dir='ltr'><strong>eit</strong></span> <span class='ocrx_word' id='word_1_274' title='bbox 272 3091 447 3164; x_wconf 86' lang='lat' dir='ltr'><strong>Sallustius,</strong></span> <span class='ocrx_word' id='word_1_275' title='bbox 469 3111 561 3169; x_wconf 90' lang='lat' dir='ltr'><strong>aequo</strong></span> <span class='ocrx_word' id='word_1_276' title='bbox 583 3103 614 3149; x_wconf 91' lang='lat' dir='ltr'><strong>et</strong></span> <span class='ocrx_word' id='word_1_277' title='bbox 631 3093 765 3150; x_wconf 89' lang='lat' dir='ltr'><strong>modesto</strong></span> <span class='ocrx_word' id='word_1_278' title='bbox 783 3095 847 3149; x_wconf 90' lang='lat' dir='ltr'><strong>iuro</strong></span> <span class='ocrx_word' id='word_1_279' title='bbox 860 3095 1019 3171; x_wconf 78' lang='lat' dir='ltr'><strong>agitatum,</strong></span> <span class='ocrx_word' id='word_1_280' title='bbox 1040 3095 1108 3152; x_wconf 90' lang='lat' dir='ltr'><strong>dum</strong></span> <span class='ocrx_word' id='word_1_281' title='bbox 1119 3104 1218 3152; x_wconf 89' lang='lat' dir='ltr'><strong>metus</strong></span> <span class='ocrx_word' id='word_1_282' title='bbox 1236 3119 1256 3155; x_wconf 85' lang='lat' dir='ltr'><strong>a</strong></span> 
     </span>
     <span class='ocr_line' id='line_1_35' title="bbox 213 3175 1256 3255; baseline 0.006 -23"><span class='ocrx_word' id='word_1_283' title='bbox 213 3175 376 3252; x_wconf 87' lang='lat' dir='ltr'><strong>Tarquinio</strong></span> <span class='ocrx_word' id='word_1_284' title='bbox 391 3186 421 3232; x_wconf 89' lang='lat' dir='ltr'><strong>ct</strong></span> <span class='ocrx_word' id='word_1_285' title='bbox 433 3195 525 3255; x_wconf 77' lang='lat' dir='ltr'><strong>grave</strong></span> <span class='ocrx_word' id='word_1_286' title='bbox 538 3177 646 3233; x_wconf 87' lang='lat' dir='ltr'><strong>bellum</strong></span> <span class='ocrx_word' id='word_1_287' title='bbox 659 3195 726 3233; x_wconf 91' lang='lat' dir='ltr'><strong>cum</strong></span> <span class='ocrx_word' id='word_1_288' title='bbox 738 3175 859 3234; x_wconf 88' lang='lat' dir='ltr'><strong>Etruria</strong></span> <span class='ocrx_word' id='word_1_289' title='bbox 871 3179 999 3251; x_wconf 86' lang='lat' dir='ltr'><strong>positum</strong></span> <span class='ocrx_word' id='word_1_290' title='bbox 1011 3187 1065 3234; x_wconf 88' lang='lat' dir='ltr'><strong>est.</strong></span> <span class='ocrx_word' id='word_1_291' title='bbox 1101 3179 1256 3245; x_wconf 77' lang='lat' dir='ltr'><strong>Quamdiu</strong></span> 
     </span>
     <span class='ocr_line' id='line_1_36' title="bbox 212 3248 1257 3340; baseline 0.008 -25"><span class='ocrx_word' id='word_1_292' title='bbox 212 3261 291 3316; x_wconf 91' lang='lat' dir='ltr'><strong>enim</strong></span> <span class='ocrx_word' id='word_1_293' title='bbox 308 3258 429 3316; x_wconf 81' lang='lat' dir='ltr'><strong>Etrus‘ci</strong></span> <span class='ocrx_word' id='word_1_294' title='bbox 447 3258 610 3336; x_wconf 86' lang='lat' dir='ltr'><strong>Tarquinio</strong></span> <span class='ocrx_word' id='word_1_295' title='bbox 637 3259 734 3316; x_wconf 90' lang='lat' dir='ltr'><strong>redire</strong></span> <span class='ocrx_word' id='word_1_296' title='bbox 760 3248 792 3317; x_wconf 85' lang='lat' dir='ltr'><strong>in</strong></span> <span class='ocrx_word' id='word_1_297' title='bbox 817 3278 944 3340; x_wconf 81' lang='lat' dir='ltr'><strong>rognum</strong></span> <span class='ocrx_word' id='word_1_298' title='bbox 968 3263 1089 3318; x_wconf 90' lang='lat' dir='ltr'><strong>conanti</strong></span> <span class='ocrx_word' id='word_1_299' title='bbox 1111 3263 1257 3337; x_wconf 86' lang='lat' dir='ltr'><strong>opitulati</strong></span> 
     </span>
     <span class='ocr_line' id='line_1_37' title="bbox 186 3343 1256 3422; baseline 0.004 -23"><span class='ocrx_word' id='word_1_300' title='bbox 186 3382 189 3390; x_wconf 34' lang='grc' dir='ltr'>ι</span> <span class='ocrx_word' id='word_1_301' title='bbox 211 3353 292 3415; x_wconf 87' lang='lat' dir='ltr'><strong>sunt,</strong></span> <span class='ocrx_word' id='word_1_302' title='bbox 306 3345 391 3422; x_wconf 81' lang='lat' dir='ltr'><strong>gravi</strong></span> <span class='ocrx_word' id='word_1_303' title='bbox 404 3345 480 3401; x_wconf 93' lang='lat' dir='ltr'><strong>bello</strong></span> <span class='ocrx_word' id='word_1_304' title='bbox 495 3343 588 3402; x_wconf 90' lang='lat' dir='ltr'><strong>Roma</strong></span> <span class='ocrx_word' id='word_1_305' title='bbox 601 3351 814 3400; x_wconf 84' lang='lat' dir='ltr'><strong>concussaest.</strong></span> <span class='ocrx_word' id='word_1_306' title='bbox 852 3343 920 3401; x_wconf 93' lang='lat' dir='ltr'><strong>ldeo</strong></span> <span class='ocrx_word' id='word_1_307' title='bbox 935 3343 1018 3417; x_wconf 88' lang='lat' dir='ltr'><strong>dicit,</strong></span> <span class='ocrx_word' id='word_1_308' title='bbox 1032 3362 1124 3420; x_wconf 87' lang='lat' dir='ltr'><strong>aequo</strong></span> <span class='ocrx_word' id='word_1_309' title='bbox 1140 3354 1170 3402; x_wconf 89' lang='lat' dir='ltr'><strong>et</strong></span> <span class='ocrx_word' id='word_1_310' title='bbox 1183 3363 1256 3403; x_wconf 90' lang='lat' dir='ltr'><strong>mo·</strong></span> 
     </span>
     <span class='ocr_line' id='line_1_38' title="bbox 211 3425 1256 3504; baseline 0.006 -22"><span class='ocrx_word' id='word_1_311' title='bbox 211 3425 293 3484; x_wconf 84' lang='lat' dir='ltr'><strong>desto</strong></span> <span class='ocrx_word' id='word_1_312' title='bbox 313 3429 378 3483; x_wconf 89' lang='lat' dir='ltr'><strong>iure</strong></span> <span class='ocrx_word' id='word_1_313' title='bbox 397 3437 511 3504; x_wconf 79' lang='lat' dir='ltr'><strong>gestam</strong></span> <span class='ocrx_word' id='word_1_314' title='bbox 530 3426 738 3500; x_wconf 89' lang='lat' dir='ltr'><strong>rempublicam</strong></span> <span class='ocrx_word' id='word_1_315' title='bbox 756 3436 835 3483; x_wconf 90' lang='lat' dir='ltr'><strong>metu</strong></span> <span class='ocrx_word' id='word_1_316' title='bbox 852 3437 1022 3501; x_wconf 87' lang='lat' dir='ltr'><strong>premente,</strong></span> <span class='ocrx_word' id='word_1_317' title='bbox 1043 3447 1104 3484; x_wconf 87' lang='lat' dir='ltr'><strong>non</strong></span> <span class='ocrx_word' id='word_1_318' title='bbox 1123 3447 1256 3504; x_wconf 88' lang='lat' dir='ltr'><strong>persua-</strong></span> 
     </span>
     <span class='ocr_line' id='line_1_39' title="bbox 210 3508 1256 3587; baseline 0.004 -21"><span class='ocrx_word' id='word_1_319' title='bbox 210 3511 298 3567; x_wconf 86' lang='lat' dir='ltr'><strong>dente</strong></span> <span class='ocrx_word' id='word_1_320' title='bbox 316 3511 439 3566; x_wconf 90' lang='lat' dir='ltr'><strong>iustitia.</strong></span> <span class='ocrx_word' id='word_1_321' title='bbox 471 3508 505 3566; x_wconf 92' lang='lat' dir='ltr'><strong>lu</strong></span> <span class='ocrx_word' id='word_1_322' title='bbox 523 3527 581 3585; x_wconf 92' lang='lat' dir='ltr'><strong>quo</strong></span> <span class='ocrx_word' id='word_1_323' title='bbox 602 3508 776 3566; x_wconf 82' lang='lat' dir='ltr'><strong>brevissimo</strong></span> <span class='ocrx_word' id='word_1_324' title='bbox 794 3519 925 3585; x_wconf 86' lang='lat' dir='ltr'><strong>tempore</strong></span> <span class='ocrx_word' id='word_1_325' title='bbox 948 3529 1035 3587; x_wconf 86' lang='lat' dir='ltr'><strong>quam</strong></span> <span class='ocrx_word' id='word_1_326' title='bbox 1048 3511 1184 3568; x_wconf 85' lang='lat' dir='ltr'><strong>lunestus</strong></span> <span class='ocrx_word' id='word_1_327' title='bbox 1199 3515 1256 3570; x_wconf 93' lang='lat' dir='ltr'><strong>ille</strong></span> 
     </span>
     <span class='ocr_line' id='line_1_40' title="bbox 209 3592 1256 3672; baseline 0.005 -25"><span class='ocrx_word' id='word_1_328' title='bbox 209 3611 304 3648; x_wconf 87' lang='lat' dir='ltr'><strong>annus</strong></span> <span class='ocrx_word' id='word_1_329' title='bbox 318 3593 386 3663; x_wconf 81' lang='lat' dir='ltr'><strong>fuit,</strong></span> <span class='ocrx_word' id='word_1_330' title='bbox 401 3610 458 3668; x_wconf 92' lang='lat' dir='ltr'><strong>quo</strong></span> <span class='ocrx_word' id='word_1_331' title='bbox 471 3592 708 3667; x_wconf 84' lang='lat' dir='ltr'><strong>primiconsulcs</strong></span> <span class='ocrx_word' id='word_1_332' title='bbox 722 3595 815 3650; x_wconf 89' lang='lat' dir='ltr'><strong>creati</strong></span> <span class='ocrx_word' id='word_1_333' title='bbox 828 3603 912 3665; x_wconf 90' lang='lat' dir='ltr'><strong>sunt,</strong></span> <span class='ocrx_word' id='word_1_334' title='bbox 928 3597 1052 3668; x_wconf 85' lang='lat' dir='ltr'><strong>expulsa</strong></span> <span class='ocrx_word' id='word_1_335' title='bbox 1064 3596 1148 3672; x_wconf 79' lang='lat' dir='ltr'><strong>regia</strong></span> <span class='ocrx_word' id='word_1_336' title='bbox 1160 3606 1256 3670; x_wconf 88' lang='lat' dir='ltr'><strong>pote-</strong></span> 
     </span>
     <span class='ocr_line' id='line_1_41' title="bbox 209 3671 1255 3751; baseline 0.007 -22"><span class='ocrx_word' id='word_1_337' title='bbox 209 3671 305 3732; x_wconf 76' lang='lat' dir='ltr'><strong>statel</strong></span> <span class='ocrx_word' id='word_1_338' title='bbox 319 3675 436 3732; x_wconf 79' lang='lat' dir='ltr'><strong>Annum</strong></span> <span class='ocrx_word' id='word_1_339' title='bbox 449 3677 555 3751; x_wconf 86' lang='lat' dir='ltr'><strong>quippe</strong></span> <span class='ocrx_word' id='word_1_340' title='bbox 570 3691 655 3730; x_wconf 86' lang='lat' dir='ltr'><strong>suum</strong></span> <span class='ocrx_word' id='word_1_341' title='bbox 664 3692 725 3731; x_wconf 88' lang='lat' dir='ltr'><strong>non</strong></span> <span class='ocrx_word' id='word_1_342' title='bbox 734 3677 964 3751; x_wconf 85' lang='lat' dir='ltr'><strong>compleverunt.</strong></span> <span class='ocrx_word' id='word_1_343' title='bbox 979 3677 1055 3733; x_wconf 91' lang='lat' dir='ltr'><strong>Nam</strong></span> <span class='ocrx_word' id='word_1_344' title='bbox 1062 3676 1255 3736; x_wconf 89' lang='lat' dir='ltr'><strong>luniusBru-</strong></span> 
     </span>
     <span class='ocr_line' id='line_1_42' title="bbox 206 3755 1255 3837; baseline 0.006 -25"><span class='ocrx_word' id='word_1_345' title='bbox 206 3766 254 3812; x_wconf 93' lang='lat' dir='ltr'><strong>tus</strong></span> <span class='ocrx_word' id='word_1_346' title='bbox 267 3757 485 3814; x_wconf 88' lang='lat' dir='ltr'><strong>exhonoratum</strong></span> <span class='ocrx_word' id='word_1_347' title='bbox 498 3759 586 3814; x_wconf 91' lang='lat' dir='ltr'><strong>eiecit</strong></span> <span class='ocrx_word' id='word_1_348' title='bbox 592 3755 670 3812; x_wconf 88' lang='lat' dir='ltr'><strong>Vrbe</strong></span> <span class='ocrx_word' id='word_1_349' title='bbox 683 3760 826 3836; x_wconf 83' lang='lat' dir='ltr'><strong>collegam</strong></span> <span class='ocrx_word' id='word_1_350' title='bbox 839 3757 962 3816; x_wconf 81' lang='lat' dir='ltr'><strong>bricium</strong></span> <span class='ocrx_word' id='word_1_351' title='bbox 973 3759 1169 3837; x_wconf 87' lang='lat' dir='ltr'><strong>Tarquinium</strong></span> <span class='ocrx_word' id='word_1_352' title='bbox 1177 3761 1255 3820; x_wconf 87' lang='lat' dir='ltr'><strong>Col-</strong></span> 
     </span>
     <span class='ocr_line' id='line_1_43' title="bbox 206 3841 1255 3914; baseline 0.009 -19"><span class='ocrx_word' id='word_1_353' title='bbox 206 3841 346 3914; x_wconf 74' lang='lat' dir='ltr'><strong>latinum,</strong></span> <span class='ocrx_word' id='word_1_354' title='bbox 373 3841 478 3898; x_wconf 83' lang='lat' dir='ltr'><strong>deinde</strong></span> <span class='ocrx_word' id='word_1_355' title='bbox 496 3858 566 3898; x_wconf 80' lang='lat' dir='ltr'><strong>mox</strong></span> <span class='ocrx_word' id='word_1_356' title='bbox 585 3843 648 3914; x_wconf 93' lang='lat' dir='ltr'><strong>ipse</strong></span> <span class='ocrx_word' id='word_1_357' title='bbox 666 3842 698 3896; x_wconf 91' lang='lat' dir='ltr'><strong>in</strong></span> <span class='ocrx_word' id='word_1_358' title='bbox 716 3842 792 3898; x_wconf 90' lang='lat' dir='ltr'><strong>bello</strong></span> <span class='ocrx_word' id='word_1_359' title='bbox 811 3842 918 3900; x_wconf 89' lang='lat' dir='ltr'><strong>eccidit</strong></span> <span class='ocrx_word' id='word_1_360' title='bbox 936 3846 1045 3900; x_wconf 89' lang='lat' dir='ltr'><strong>mutuis</strong></span> <span class='ocrx_word' id='word_1_361' title='bbox 1070 3863 1138 3901; x_wconf 91' lang='lat' dir='ltr'><strong>cum</strong></span> <span class='ocrx_word' id='word_1_362' title='bbox 1159 3843 1255 3904; x_wconf 85' lang='lat' dir='ltr'><strong>hoste</strong></span> 
     </span>
    </p>
   </div>
   <div class='ocr_carea' id='block_1_6' title="bbox 0 0 1300 4396">
    <p class='ocr_par' dir='ltr' id='par_1_6' title="bbox 0 0 1300 4396">
     <span class='ocr_line' id='line_1_44' title="bbox 0 0 1300 4396; baseline 0 1"><span class='ocrx_word' id='word_1_363' title='bbox 0 0 1300 4396; x_wconf 95' lang='lat' dir='ltr'><strong> </strong></span> 
     </span>
    </p>
   </div>
  </div>
 </body>
</html>
