2530 4392
220 188 286 302 hot
455 237 553 295 DlVl
573 231 765 292 AVRELll
792 227 1046 288 AVGV'STlNl

226 413 322 471 neque
339 394 456 449 ratione
475 389 673 464 percepimus,
699 402 795 460 neque
808 381 891 439 nobis
904 399 957 456 per
970 378 1157 456 scripturam
1183 401 1255 440 carro¹

227 481 323 536 nicam
339 478 524 546 claruerunt,
544 492 599 528 nee
612 489 664 546 per
678 478 769 526 testes
782 467 886 543 quibus
899 484 961 522 non
975 465 1099 522 credere
1112 467 1251 524 absurdus

226 572 287 633 est,
300 563 332 618 in
347 569 477 618 ιιοιιιιιιι
491 557 627 616 notitiam
640 561 853 628 pervenerunt,
868 551 933 606 sine
947 551 1025 606 iusta
1037 549 1252 624 reprehensione

225 644 398 702 dubitamus.

605 720 728 778 CAP.
771 715 882 774 xlx.

448 804 491 857 Dc
502 803 599 856 babitu
608 801 635 855 'ct
646 799 764 852 »nomas
771 798 867 867 populi
878 797 1039 850 Christiani.

288 897 370 955 Nihil
387 915 460 952 sanc
478 895 514 951 ad
528 895 614 950 istam
627 893 756 967 pertinet
770 889 925 948 Civitatem
939 907 996 964 quo
1010 886 1115 946 habitu
1129 892 1250 946 velmors

224 980 359 1050 vivendi,
374 981 399 1035 si
416 997 477 1036 non
491 987 537 1035 est
550 986 653 1034 contra
666 975 767 1032 divina
780 982 951 1048 praecepta,
977 973 1068 1028 istem
1082 971 1183 1044 fidem,
1207 991 1252 1048 pm

224 1065 395 1142 pervenitur
408 1063 444 1119 ad
456 1062 569 1132 Deum,
588 1061 713 1136 quisque
726 1066 870 1130 sectetur,
890 1057 966 1124 unde
979 1056 1062 1132 ipsos
1077 1075 1187 1134 quoque
1198 1056 1252 1131 phi-

225 1146 378 1224 losophos,
406 1147 524 1222 quondo
538 1143 700 1203 Christiani
713 1142 802 1212 liunt,
827 1160 888 1198 non
899 1139 1032 1197 habitum
1044 1143 1096 1196 vel
1109 1151 1253 1197 consuetu·

226 1233 324 1288 dinem
336 1233 432 1288 rictus
439 1271 448 1302 ,
464 1249 537 1306 quae
550 1227 625 1286 nihil
638 1227 759 1302 impedit
771 1227 963 1303 religionem,
977 1223 1029 1279 sed
1043 1223 1121 1280 falsa
1135 1225 1252 1302 dogmata

226 1325 339 1372 mutare
353 1317 509 1390 compellit.
552 1311 637 1369 Vnde
650 1313 745 1382 illam,
770 1328 856 1386 quam
868 1307 961 1364 Varro
977 1305 1113 1364 adhibuit
1127 1325 1166 1365 ex
1179 1307 1241 1384 Cyni

226 1403 267 1456 cis
295 1398 508 1471 differentiam,
539 1398 565 1454 si
588 1395 661 1454 nihil
687 1395 812 1469 turpiter
834 1403 922 1468 atquc
944 1393 1182 1465 intemperanter
1201 1406 1250 1470 agn

226 1480 364 1562 [agant],
379 1485 499 1540 omnino
514 1501 573 1539 non
588 1489 681 1538 curat.
725 1478 772 1534 Ex
787 1477 882 1534 trihus
896 1495 967 1533 vero
981 1476 1041 1531 illis
1057 1477 1138 1532 vitae
1152 1477 1247 1556 generi·

225 1569 293 1636 bus,
314 1569 426 1637 otioso,
445 1577 587 1636 actuoso,
608 1574 638 1620 et
653 1581 691 1619 ex
704 1571 828 1636 utroque
842 1562 1020 1634 composito,
1040 1563 1178 1637 quamvis
1190 1562 1249 1614 sein

224 1649 282 1704 fide
295 1651 419 1723 quisque
433 1651 528 1722 possit
540 1650 572 1704 in
586 1647 717 1722 quolibet
730 1663 832 1702 eorum
844 1645 935 1701 vitani
949 1643 1072 1715 ducere,
1099 1651 1132 1700 et
1144 1643 1182 1700 ad
1193 1663 1250 1698 sen-

224 1733 340 1804 piterna
357 1733 488 1805 praemia
506 1733 677 1805 pervenire3
703 1732 829 1786 interest
847 1737 944 1784 tamen
961 1726 1032 1803 quid
1050 1745 1155 1784 amore
1174 1737 1252 1784 teneat

224 1813 373 1883 veritatis,
401 1812 472 1889 quid
489 1813 583 1870 officio
599 1814 731 1868 caritatis
745 1811 903 1886 impendat.
946 1810 1007 1868 Nee
1021 1811 1066 1867 sic
1080 1813 1205 1887 quisque
1216 1810 1250 1865 de·

226 1897 273 1952 bet
289 1915 355 1952 erse
375 1898 501 1968 otiosus,
528 1907 561 1952 ut
571 1898 610 1976 'in
630 1895 733 1952 eodem
751 1899 813 1952 otio
826 1897 986 1952 utilitatem
998 1913 1059 1952 non
1074 1897 1189 1978 cogitet
1200 1912 1252 1970 pro·

224 1981 313 2052 ximi3
340 1999 396 2036 neo
410 1983 453 2036 sic
468 1991 623 2052 actuosus,
642 1990 676 2037 ut
689 1981 965 2054 contemplationem
978 1997 1039 2054 non
1051 1981 1189 2054 requirat
1201 1978 1252 2034 Dei.

127 2054 130 2063 '
225 2064 258 2120 ln
279 2065 339 2120 otio
358 2083 418 2120 non
437 2067 517 2121 iners
536 2065 654 2122 vacatio
672 2063 819 2120 delectare
837 2063 939 2136 dcbet;
963 2061 1015 2118 sed
1032 2072 1084 2118 aut
1103 2064 1253 2140 inquisitio.

224 2157 275 2204 aut
287 2149 422 2205 inventio
437 2150 587 2206 veritatis:
602 2157 636 2204 ut
648 2150 680 2205 in
694 2167 729 2204 ea
742 2149 865 2224 quisque
877 2147 1029 2223 proficiat,
1044 2156 1076 2202 et
1090 2148 1173 2222 quod
1184 2149 1255 2202 inve·

225 2233 303 2288 nerit
315 2241 431 2304 tenent,
447 2241 478 2289 et
490 2234 577 2290 alteri
591 2251 652 2290 non
666 2233 807 2290 invideat.
826 2231 860 2287 ln
874 2233 989 2288 actione
1002 2248 1075 2286 vero
1091 2249 1156 2288 non
1168 2249 1255 2288 aman

224 2315 278 2370 dus
293 2325 340 2370 est
350 2314 445 2372 honor
458 2317 490 2372 in
503 2315 558 2372 hec
570 2318 650 2387 vita,
676 2317 739 2373 slve
751 2317 899 2390 potentia;
926 2316 1063 2390 quoniam
1078 2317 1182 2371 omnia
1194 2329 1255 2370 rsus:

224 2399 276 2453 sub
297 2399 374 2454 solet
402 2399 453 2454 sed
473 2418 544 2474 opus
562 2401 672 2475 ipsum,
697 2398 775 2474 quod
791 2417 844 2474 per
861 2399 985 2457 eundem
996 2397 1143 2455 honorem
1156 2401 1203 2456 vel
1214 2415 1255 2472 po¹

223 2481 348 2538 tentiam
367 2481 417 2553 fit,
439 2484 559 2539 sirecte
573 2493 661 2559 atque
680 2485 791 2540 utiliter
804 2482 853 2552 fit,
871 2483 973 2554 idest,
994 2491 1027 2539 ut
1039 2484 1142 2539 valeat
1155 2482 1191 2539 ad
1204 2499 1255 2536 οιιι

223 2566 347 2622 salutern
366 2565 564 2638 subditorum,
592 2585 667 2642 quae
683 2565 843 2622 secundum
855 2565 953 2623 Deum
966 2575 1024 2622 est:
1050 2566 1132 2622 unde
1147 2569 1206 2622 iam
1218 2584 1255 2620 sm

223 2650 321 2724 perius
335 2647 555 2724 disputavimus.
596 2648 720 2725 Propter
733 2649 811 2725 quod
824 2652 866 2706 ait
878 2651 1046 2724 Apostolus,
1077 2647 1142 2718 Qui
1154 2651 1255 2730 episcop

218 2742 326 2812 patum
351 2733 524 2804 desiderat,
551 2733 754 2810 bonam'oput
781 2734 943 2791 desiderat.
985 2732 1149 2807 Exponere
1175 2731 1255 2789 voluti

223 2815 294 2890 quid
319 2818 359 2872 sit
383 2818 588 2890 episcopatum
615 2818 683 2891 quic
707 2835 815 2894 nomen
840 2826 885 2872 est
909 2818 1021 2891 operis,
1048 2833 1111 2872 non
1136 2814 1255 2894 honoris]

223 2897 370 2956 Graccum
385 2908 429 2955 est
443 2901 532 2972 enim,
546 2909 634 2975 atque
647 2899 715 2956 inde
730 2899 848 2956 ductum
861 2901 1044 2971 vocabulum,
1058 2899 1141 2975 quod
1155 2902 1205 2956 ille
1218 2899 1255 2976 quii

221 2982 409 3055 praeficitur,
437 2985 478 3038 eis
492 2983 596 3059 quibus
610 2983 780 3058 praeficitur
793 2979 1022 3059 superintendit,
1048 3003 1154 3040 curam
1168 2999 1255 3048 coruus

222 3067 334 3122 scilicet
347 3083 473 3144 gerens,
499 3064 549 3124 ἐπὶ
562 3068 684 3142 quippe,
698 3083 803 3142 super3
830 3061 947 3136 σκοπὸς
959 3085 1046 3137 vcro,
1059 3069 1193 3124 intentio
1206 3079 1255 3122 cst:

221 3167 292 3227 crgo
305 3149 490 3222 ἐπισκοπεῖν,
518 3151 545 3206 si
557 3152 697 3224 velimus,
724 3151 830 3208 Latine
849 3151 1094 3227 superintendere
1107 3145 1255 3226 possumus

221 3232 337 3307 dicere,
363 3244 397 3290 ut
409 3235 574 3312 intelligat,
594 3253 655 3290 non
670 3254 702 3292 se
716 3253 781 3292 esse
795 3237 978 3310 episcopum,
1004 3236 1055 3310 qui
1067 3253 1209 3309 praeesse
1220 3231 1255 3286 di·

220 3317 344 3390 lexerit,
371 3335 432 3374 non
445 3318 592 3392 prodesse.
637 3316 738 3395 ltaque
751 3338 769 3376 a
782 3319 878 3376 studio
893 3317 1117 3398 cognoscendae
1130 3319 1255 3375 veritatis

220 3419 305 3456 nemo
331 3399 516 3476 prohibetur,
545 3401 672 3477 quodad
694 3403 838 3460 laudabile
856 3405 985 3477 pertinet
1003 3403 1112 3459 otium:
1139 3397 1255 3459 Locri

219 3501 289 3541 vero
304 3483 518 3558 SVPERlOR,
546 3488 611 3542 sine
631 3504 688 3562 quo
707 3487 773 3565 regi
790 3487 914 3562 populus
932 3505 993 3542 non
1007 3495 1125 3560 potest,
1157 3487 1212 3542 etsi
1224 3485 1255 3546 its

218 3576 356 3625 teneatur
367 3577 454 3644 atque
470 3569 691 3627 administretur
703 3581 736 3626 ut
749 3571 848 3642 decet,
876 3581 975 3627 tamen
988 3569 1168 3628 indecenter
1180 3581 1255 3643 eppei

219 3661 302 3704 tttur.
347 3653 541 3718 Quamobrem
555 3651 682 3712 OTlVM
696 3652 882 3712 SANCTVM
900 3656 1015 3730 quaerit
1032 3655 1143 3710 caritas
1157 3655 1253 3710 veritu-

219 3729 273 3782 tis:
300 3737 453 3810 negotium
466 3737 574 3792 iustum
588 3739 713 3812 suscipit
731 3739 892 3794 necessitas
906 3739 1047 3794 caritatis.
1092 3738 1191 3804 Quam
1205 3751 1246 3790 ιιι

220 3811 318 3866 cinam
331 3817 358 3867 si
371 3818 468 3874 nullus
482 3821 622 3894 imponit,
649 3822 855 3897 percipiendae
875 3831 963 3897 atque
981 3820 1143 3878 intuendae
1158 3837 1229 3876 raet
1254 3875 1255 3884 ,

220 3891 288 3947 dum
302 3903 347 3949 cst
361 3899 494 3958 veritati:
521 3905 546 3958 si
564 3913 662 3962 autem
678 3907 853 3978 imponitur,
881 3903 1065 3979 suscipienda
1081 3912 1127 3959 est
1146 3897 1255 3978 propter]
