2586 4396
238 201 297 258 DE
321 199 536 260 ClVlTllTE
559 200 639 260 DEI
661 202 741 260 utu.
763 203 851 264 XVI.
1011 214 1065 272 lll

387 352 507 410 CAP.
549 350 725 410 XXVII.

55 453 231 512 Demascalo,
250 451 297 519 qvi
315 449 339 500 si
353 459 445 502 octavo
460 450 501 502 dic
517 468 569 503 voa
581 451 674 523 fiaerit
688 451 873 517 circumcisas,
891 456 965 523 perit
978 457 1068 514 assim

279 519 346 583 cias,
361 521 423 590 qvia
433 529 618 574 testamentum
627 519 682 574 Dei
689 521 838 590 dissiparit.

112 611 182 668 ltem
193 618 290 684 potest
302 628 430 681 movere,
442 609 583 686 quomodo
597 613 723 690 intelligi
735 621 867 686 oporteat
879 613 956 690 quod
967 611 1015 670 hic
1025 613 1069 670 di-

52 703 191 766 ctumest,
206 693 357 751 Messalas
368 696 419 770 qai
426 713 483 752 moa
494 696 719 752 circumcidetur
731 715 849 754 caraem
852 699 1015 774 praeputii
1023 698 1071 755 sesi

52 790 149 838 octavo
162 779 219 847 die,
239 777 372 835 interibit
385 779 485 834 anima
499 776 600 835 illa'de
612 798 720 854 genere
732 781 810 850 eius,
829 781 897 856 quia
911 790 1069 839 testamen-

52 876 112 920 tam
118 881 206 920 meam
213 862 388 936 dissipavit:
401 879 466 916 cum
477 859 547 918 haee
558 864 637 917 nulla
650 865 735 936 eulpa
745 865 784 918 sit
792 864 918 937 parvuli,
931 865 1013 920 cuius
1024 863 1069 920 di-

50 949 98 1002 xit
108 947 230 1001 animam
241 945 413 1018 perituram3
438 962 493 1000 nec
506 947 568 1019 ipse
587 944 771 1019 dissipaverit
784 956 988 1003 testamentum
1001 945 1068 1014 Dei,

49 1029 101 1086 sed
121 1029 243 1084 maiores
267 1027 316 1102 qui
340 1045 406 1083 eum
428 1028 635 1084 circumcidere
654 1048 715 1086 non
733 1039 889 1086 curarunt:
916 1031 978 1086 nisi
1001 1031 1069 1104 quia

47 1115 136 1184 etiam
148 1112 274 1185 parvuli,
289 1128 349 1166 uon
363 1111 521 1168 secundum
533 1113 611 1168 vitae
625 1131 696 1168 suae
710 1115 930 1187 proprietatem,
956 1111 1007 1168 sed
1021 1130 1068 1168 se-

47 1196 172 1252 cundum
190 1196 507 1271 communemgcneris
528 1192 647 1251 humani
662 1197 819 1273 originem,
846 1214 946 1252 omnes
965 1197 996 1251 in
1017 1197 1068 1250 illo

45 1299 106 1336 uno
119 1286 323 1334 testamentum
330 1275 387 1332 Dei
400 1277 625 1352 dissipaverunt,
638 1281 669 1334 in
683 1298 740 1354 quo
754 1298 853 1335 omnes
865 1286 1067 1354 peccaverunt.

46 1363 140 1421 Multa
153 1363 254 1436 quippe
267 1361 447 1434 appellantur
460 1369 633 1420 testamenta
645 1361 719 1432 Dei,
743 1364 872 1437 exceptis
887 1363 944 1417 illis
959 1361 1069 1417 duobus

46 1445 176 1522 magnis,
188 1453 287 1500 vetere
301 1452 330 1499 et
343 1461 435 1514 novo,
454 1445 529 1519 quod
542 1446 612 1502 licet
625 1447 729 1522 cuique
741 1445 865 1524 legendo
880 1461 1068 1522 cognoscere.

44 1529 266 1588 Testamentum
278 1535 374 1582 autem
386 1529 520 1600 primum,
535 1528 611 1604 quod
624 1529 731 1586 factum
745 1529 838 1585 estad
850 1527 996 1584 hominem
1008 1529 1068 1602 pri-

43 1632 138 1683 mum,
162 1611 291 1686 profecto
311 1611 383 1667 illud
404 1620 462 1667 est:
492 1610 558 1680 Qua
573 1613 620 1669 die
633 1613 772 1683 ederitis,
790 1622 884 1670 morte
896 1613 1067 1669 moriemini.

42 1696 129 1752 Vnde
142 1696 279 1769 seriptum
292 1703 337 1750 est
350 1695 381 1750 in
395 1694 484 1764 libro,
499 1697 547 1771 qui
559 1687 782 1752 Ecclesiasticus
796 1697 970 1772 appellatur:
1001 1691 1069 1752 Om-

42 1783 93 1839 nis
115 1799 183 1836 caro
202 1780 281 1834 sicat
298 1779 390 1835 vestis
407 1781 578 1836 veterascit.
624 1779 840 1838 Testamentum
861 1781 936 1838 enim
956 1775 1028 1854 [est]
1050 1795 1069 1832 a

40 1861 177 1934 saecvla,
200 1861 298 1918 Morte
311 1863 445 1918 morieris
467 1861 573 1939 [morte
591 1866 667 1919 mori
681 1880 750 1934 eos,
779 1865 831 1941 qai
841 1862 1070 1938 transgredian-

39 1961 93 2005 tar
99 1955 270 2024 praecepta
282 1942 363 2019 Dei]
407 1943 480 2002 Cum
493 1949 570 2002 enim
583 1949 631 2003 lex
645 1946 809 2004 evidentior
821 1956 924 2022 postca
937 1946 1004 2002 data
1017 1944 1066 2013 sit,

38 2041 69 2087 et
83 2030 164 2085 dicat
175 2029 348 2102 Apostolus,
381 2025 434 2084 Vm·
445 2039 543 2086 autem
555 2049 611 2087 mors
625 2039 672 2086 est
685 2029 748 2098 les,
763 2049 815 2086 aec
822 2029 1069 2105 praevaricatio:

38 2133 97 2190 quo
110 2121 197 2187 pacto
210 2111 287 2186 quod
299 2112 409 2187 legitur
420 2112 453 2168 in
465 2109 581 2178 ,Psalmo
600 2129 701 2169 verum
720 2121 780 2182 est,
805 2109 1070 2168 Praevaricatores

37 2197 202 2276 aestimavi
213 2211 309 2251 ommes
321 2203 499 2270 peccatores
518 2203 636 2265 terrae,
662 2195 721 2249 nisi
734 2195 801 2268 quia
814 2211 913 2250 omnes
926 2193 1003 2269 legis
1016 2192 1069 2248 sli-

38 2282 123 2336 cuius
143 2279 361 2352 praevaricatae
383 2285 454 2332 sunt
472 2278 530 2346 rei,
558 2279 607 2352 qui
621 2279 718 2352 aliquo
732 2287 853 2352 peccato
865 2285 1005 2333 tenentur
1018 2273 1068 2331 ols-

36 2358 158 2419 amerit
195 2361 386 2428 stamolsrem
403 2362 429 2414 si
451 2362 539 2416 etiam
556 2362 686 2434 parvuli,
711 2361 787 2437 quod
798 2379 869 2420 vers
882 2359 953 2417 fides
972 2357 1069 2428 habet,

35 2454 206 2504 nascuntur
219 2462 278 2501 non
291 2445 424 2518 proprie,
450 2444 502 2499 sed
515 2445 699 2520 originaliter
711 2453 894 2516 peccatores,
919 2443 997 2500 unde
1010 2443 1068 2498 illis

32 2532 167 2609 gratiam
180 2528 365 2584 remissionis
377 2535 561 2599 peccatorum
579 2528 775 2582 necessariam
792 2525 978 2602 eonfitemur,
1000 2543 1068 2600 pro-

33 2615 117 2670 fecto
133 2621 169 2667 eo'
182 2611 268 2668 modo
282 2628 337 2686 quo
352 2618 420 2664 sunt
433 2617 616 2682 peccatores,
636 2611 721 2664 etlam
734 2610 982 2682 praevaricatores
996 2607 1070 2685 legis

33 2697 140 2766 illius,
167 2696 286 2770 quaein
299 2691 434 2767 paradiso
448 2691 516 2748 data
530 2701 590 2762 est,
619 2701 839 2770 agnoscuntur,
864 2699 899 2744 ut
914 2707 1018 2745 verum
1032 2691 1070 2744 sit

32 2790 209 2854 utrumqne,
224 2777 300 2854 quod
310 2777 448 2850 scriptum
461 2785 517 2847 est,
568 2768 833 2832 Praevaricatores
844 2775 1002 2831 aestimavi
1012 2791 1070 2829 om-

31 2879 92 2920 nes
100 2872 279 2940 peccatores
293 2870 411 2933 terrae,
437 2869 466 2915 et
482 2858 536 2917 Vbi
554 2859 602 2916 lev
619 2877 676 2916 aare
690 2869 750 2928 est,
769 2877 821 2916 aec
832 2857 1069 2935 praevaricatio.

27 2949 77 3003 Ae
90 2963 149 3019 per
162 2943 236 3016 hoc,
263 2946 331 3019 quis
352 2945 535 3000 circumcisio
559 2945 677 3022 signum
695 2943 928 3021 regenerationis
942 2939 1015 3010 finit,
1041 2948 1071 2993 et

28 3049 95 3086 non
112 3030 261 3084 immerito
276 3028 427 3102 parvulum
444 3037 563 3104 propter
582 3029 726 3107 originale
744 3035 911 3102 peceatum,
940 3041 997 3100 quo
1009 3023 1069 3096 pri-

25 3133 116 3170 mum
128 3111 191 3168 Dei
204 3111 374 3184 dissipatum
387 3121 432 3167 est
444 3121 663 3182 testamcutum,
676 3113 828 3189 generatio
842 3107 997 3184 disperdet,
1013 3107 1071 3162 nisi

25 3197 229 3274 regeneratio
255 3195 372 3250 liberet:
400 3196 442 3250 sic
460 3195 652 3271 intelligendo
670 3205 741 3250 sunt
759 3193 830 3250 hacc
853 3193 952 3248 divina
970 3189 1069 3258 verba,

27 3293 182 3355 tanquam
196 3279 304 3334 dictum
317 3279 372 3348 sit,
392 3278 450 3344 Qui
463 3296 522 3334 non
536 3277 626 3333 fuerit
638 3287 844 3354 regeneratus,
862 3275 995 3330 interibit
1007 3273 1072 3328 ani·

24 3383 79 3420 ma
105 3365 166 3418 illa
196 3361 230 3416 de
255 3362 361 3434 populo
388 3361 466 3429 cius,
506 3363 573 3436 quia
598 3369 902 3426 testamentummeum
911 3353 1072 3430 dissipavit,

24 3447 159 3524 quando
174 3447 208 3502 in
220 3445 311 3501 Adam
331 3463 395 3500 curn
415 3444 547 3500 omnihus
568 3445 654 3500 etiam
673 3445 736 3516 ipse
753 3443 892 3517 peccavit.
936 3438 970 3496 Si
996 3441 1073 3495 enirn

24 3533 187 3599 dixisset,
214 3530 289 3595 eris
305 3526 359 3585 hoc
369 3537 584 3584 testamentum
596 3545 691 3582 mcum
704 3526 870 3600 dissipavit;
895 3541 955 3579 uon
967 3524 1026 3578 nisi
1039 3522 1073 3578 de

22 3618 91 3671 ista
109 3613 344 3670 circumcisione
357 3612 484 3697 intelligi
497 3621 628 3690 cogeret:
654 3628 734 3666 nunc
751 3628 839 3680 vero,
866 3607 1002 3683 quoniam
1015 3624 1073 3662 non

23 3698 196 3774 expressit
215 3693 375 3751 cuiusmodi
393 3704 598 3750 testamentum
613 3694 751 3770 parvulus
775 3689 974 3766 dissipaverit,
1001 3691 1073 3747 libe-

20 3803 100 3838 rum
116 3789 170 3837 est
184 3779 352 3858 intelligere
365 3778 400 3834 de
414 3779 466 3834 illo
484 3787 656 3835 testamento
671 3777 794 3847 dictum,
822 3777 902 3832 cuius
924 3774 1074 3850 dissipatio

20 3868 197 3939 pertinere
222 3864 315 3938 possit
339 3861 376 3919 ad
401 3865 561 3938 parvulum.
604 3861 638 3919 Si
660 3869 755 3916 autern
774 3861 923 3935 quisquam
942 3856 997 3914 hoc
1015 3873 1074 3913 non
