2510 4404
182 163 242 218 392
409 156 508 214 DlVl
529 152 716 213 AVRELH
743 151 1001 210 AVGVSTlNl

181 313 276 370 sedin
290 313 410 367 istorum
424 305 729 387 argumentationibus
744 305 859 378 deficit,
888 304 1001 362 Omitto
1017 306 1141 378 dicere,
1156 310 1216 386 quod

180 400 238 453 iam
251 398 281 453 in
296 395 384 450 tertio
399 393 509 449 decimo
523 393 599 448 libro
612 390 689 460 diri,
704 407 790 464 quam
802 391 894 446 multa
908 391 1014 468 gravia
1027 400 1160 448 terrena
1173 396 1217 449 rin

179 497 314 554 corpora,
328 479 405 535 sicut
417 475 580 552 plumbum,
593 483 622 530 ιι
633 475 757 530 formam
771 473 918 551 tamenab
932 473 1217 551 artificeaccipian,

178 583 234 640 qua
248 572 350 620 natare
362 561 481 618 valcant
493 577 580 634 super
593 575 710 633 aquam:
736 566 767 612 ct
782 563 815 612 ut
828 557 953 631 accipiat
963 559 1155 632 qualitatem
1168 579 1217 616 car·

177 666 231 722 pus
254 646 427 714 humanum,
442 656 512 718 'qua
536 641 608 697 ferri
630 643 663 698 in
686 641 814 711 coelum,
841 650 870 696 et
884 658 949 696 esse
962 643 1065 714 possit
1080 645 1116 699 in
1139 646 1219 712 coelo,

102 731 105 738 ’
178 731 370 806 omnipotenti
383 727 490 784 artifici
503 720 737 782 contradicitur?

241 813 302 870 lam
314 829 385 870 vcro
399 821 503 868 contra
514 809 586 865 illud
600 809 676 883 quod
689 811 748 864 iam
760 807 823 863 dixi
835 811 990 882 superius,
1020 811 1121 870 etiam
1144 814 1219 867 istun

179 897 399 954 considerantes
412 905 500 969 atque
513 902 674 950 tractantes
688 895 899 948 elementorum
912 893 1070 965 ordinem,
1087 913 1149 970 quo
1163 914 1220 952 cou-
1242 943 1243 946 ,

179 981 289 1051 fidunt,
316 997 376 1035 uon
390 979 546 1036 inveniunt
560 979 679 1033 omniuo
694 977 770 1052 qu'od
784 976 889 1032 dicant.
929 976 980 1033 Sic
997 988 1046 1034 cst
1063 984 1152 1035 enim
1163 978 1220 1035 binc

179 1083 295 1121 sursum
307 1081 410 1120 versus
423 1072 503 1118 terra
515 1063 624 1136 prima,
640 1078 715 1136 aqua
728 1060 866 1133 secunda,
881 1062 984 1116 tertius
1000 1067 1078 1133 aer,
1095 1075 1219 1138 quartur

179 1151 306 1218 coelum,
320 1155 354 1204 ut
368 1165 455 1222 super
470 1147 567 1202 omnia
580 1145 620 1200 sit
630 1147 744 1202 onisirae
758 1154 871 1200 natura.
915 1143 992 1200 Nam
1002 1155 1036 1202 et
1048 1147 1218 1203 Aristoteles
1242 1147 1243 1206 l

179 1233 314 1308 quintum
328 1249 434 1306 corpus
449 1248 513 1286 eam
527 1230 603 1286 dixit
620 1247 698 1299 csse,
726 1238 755 1284 et
767 1227 850 1284 Plato
864 1229 984 1284 nullum.
1034 1229 1074 1287 Si
1095 1234 1218 1306 quintum
1242 1245 1243 1308 ι

179 1325 271 1386 ιιιιι,
286 1325 364 1372 certe
378 1316 511 1390 superius
526 1322 604 1370 esset
618 1313 755 1369 caeteris:
770 1331 836 1368 cum
849 1331 919 1368 vero
931 1315 1049 1369 nullum
1065 1313 1126 1386 cst,
1140 1317 1217 1370 mults
1242 1333 1243 1358 1

178 1402 272 1478 magis
287 1408 404 1475 superat
417 1399 524 1455 omnia.
567 1397 602 1454 ln
615 1407 734 1454 terreno
750 1415 820 1472 ergo
835 1395 905 1470 quid
917 1395 990 1452 facit
1011 1396 1169 1474 corporei
1192 1399 1217 1454 lr
1242 1409 1243 1444 1

179 1481 233 1540 hac
244 1485 319 1539 mole
333 1482 403 1558 quid
415 1484 478 1560 agit
491 1481 624 1538 subtilior
638 1476 791 1536 omuibusl
814 1477 849 1536 ln
862 1477 916 1536 boc
929 1481 1066 1554 pondere
1082 1484 1156 1558 quid
1168 1485 1218 1560 agit

179 1569 272 1624 levior
289 1563 440 1623 omuibus‘l
479 1561 514 1622 In
533 1563 588 1622 hac
605 1565 743 1622 tarditate
762 1562 831 1638 quid
848 1565 910 1640 agit
923 1565 1053 1620 celerior
1068 1563 1217 1622 omuibus?

179 1649 262 1706 ltane
271 1669 323 1724 per
333 1649 419 1706 huius
430 1657 490 1706 tam
504 1649 675 1704 excellentis
689 1657 812 1704 naturae
824 1648 961 1702 meritum
974 1667 1041 1704 nou
1057 1653 1171 1724 poterit
1183 1649 1216 1706 cl-

179 1733 238 1802 lici,
252 1743 285 1788 ut
298 1751 401 1806 corpus
416 1733 479 1787 eius
493 1733 607 1788 levetur
620 1733 652 1788 in
669 1733 791 1800 coclum,
806 1740 912 1787 etcum
923 1733 1024 1788 valeat
1039 1752 1129 1790 nunc
1143 1744 1216 1790 natu-

180 1832 213 1868 ra
230 1827 381 1886 corporum
398 1820 582 1866 terrenorum
599 1811 762 1885 deprimere
777 1811 887 1866 annuas
905 1808 1061 1882 deorsum,
1093 1816 1213 1888 aliquan-

181 1896 216 1952 do
240 1904 269 1950 et
287 1895 402 1980 arpimoc
421 1897 519 1950 levare
539 1913 656 1950 sursum
674 1903 793 1950 terrena
805 1911 927 1968 corporo
940 1912 1001 1950 uon
1015 1893 1176 1953 valebuutl

242 1977 304 2035 lam
317 1979 344 2034 si
357 1978 393 2034 ad
408 1997 508 2035 corum
520 1980 662 2034 miracula
675 1979 845 2048 veniamus,
872 1995 946 2052 quae
959 1977 1045 2034 facta
1060 1999 1079 2034 a
1095 1981 1152 2036 diis
1162 1983 1214 2035 suis

182 2073 331 2140 opponunt
344 2062 522 2138 Martyribus
536 2063 662 2132 uostris,
688 2081 787 2118 nonne
806 2063 893 2116 etiam
911 2063 976 2136 ipsa
992 2081 1051 2136 pro
1072 2063 1162 2120 nobis
1182 2064 1215 2118 ia-

180 2168 257 2218 cere,
272 2157 301 2204 ct
314 2147 398 2204 nobis
412 2148 595 2221 reperientur
609 2147 727 2202 omnino
741 2141 902 2220 proficerei
928 2144 1003 2202 Nam
1017 2147 1106 2203 inter
1118 2167 1214 2226 magns

180 2231 321 2288 miracula
345 2231 464 2286 deorum
486 2249 622 2301 suorum,
649 2229 781 2303 profecto
798 2247 937 2306 maguum
958 2230 1034 2286 illud
1057 2242 1121 2301 est,
1147 2230 1214 2306 quod

180 2315 273 2371 Varro
287 2323 503 2384 commemorat,
518 2313 662 2370 Vestalem
675 2315 836 2390 virginem,
851 2331 916 2368 curn
928 2315 1154 2388 periclitaretur
1163 2316 1213 2370 lal-

181 2418 213 2455 sa
227 2399 393 2471 suspicione
406 2397 441 2452 de
455 2407 564 2472 stupro,
579 2399 705 2454 cribrum
719 2397 854 2472 implesse
867 2415 941 2472 aqua
954 2397 990 2454 de
1004 2395 1130 2472 Tiberi,
1140 2409 1167 2454 ιι
1177 2397 1210 2452 ad

181 2501 250 2538 suos
263 2481 374 2538 iudices
388 2483 468 2538 nulla
481 2483 544 2536 eius
557 2491 639 2556 parte
650 2483 779 2537 stillante
791 2489 930 2555 portasse.
954 2482 1028 2548 Quis
1041 2501 1138 2559 aquae
1146 2501 1209 2557 pou-

180 2565 233 2622 dus
247 2585 335 2640 supra
356 2567 483 2622 cribrum
501 2561 614 2622 tenuitl
654 2565 725 2631 Quis
739 2574 783 2620 tot
802 2565 935 2630 cavernis
954 2567 1130 2638 patentibus
1147 2565 1208 2623 nibil

180 2649 248 2706 indc
261 2653 295 2706 iu
309 2660 418 2707 terram
431 2648 535 2706 cadere
544 2644 697 2724 permisitl
715 2647 898 2724 Responsuri
907 2660 990 2720 sunt,
1004 2650 1125 2727 Aliquis
1138 2651 1208 2718 deus,

181 2743 232 2790 aut
244 2735 349 2810 aliquis
363 2735 494 2790 daemon.
538 2732 572 2790 Si
586 2733 670 2804 deus,
684 2733 825 2806 numquid
838 2735 931 2789 maior
944 2744 990 2789 ιιι
1003 2733 1073 2792 Deo
1088 2739 1138 2810 qui
1149 2737 1208 2792 feeit
1242 2771 1243 2782 ι

181 2818 259 2874 huuc
271 2815 428 2874 mundum?
449 2816 483 2874 Si
498 2817 635 2887 daemon,
649 2815 789 2891 numquid
803 2818 952 2890 potentior
965 2827 1014 2873 ost
1024 2819 1153 2897 Angelo,
1166 2820 1206 2893 qui

182 2901 246 2958 Deo
259 2903 365 2972 servit,
380 2919 397 2956 a
414 2920 471 2976 quo
484 2900 579 2956 lactus
596 2911 642 2956 est
653 2897 796 2956 mundus?
826 2899 860 2956 Si
873 2919 943 2979 ergo
957 2900 1028 2958 deus
1043 2905 1157 2972 minor,
1169 2903 1205 2958 rel
1242 2903 1243 2912 ’

181 2986 320 3062 augelus,
334 2985 381 3039 vel
394 2983 516 3041 daemon
529 2985 623 3056 potuit
635 2983 749 3057 pondus
762 2983 873 3040 humidi
886 2987 1024 3042 elementi
1037 2989 1083 3043 sic
1096 3005 1201 3061 suspen·
1242 3007 1243 3018 ι

182 3068 265 3136 dere,
292 3074 324 3121 ut
342 3084 483 3140 aquarum
500 3065 634 3122 videatur
652 3076 763 3124 mutata
781 3067 874 3124 fuisse
893 3078 1014 3126 natura:
1041 3071 1127 3127 itanc
1139 3070 1201 3127 Deus

106 3165 108 3168 ·
182 3151 387 3225 omnipotens,
408 3152 457 3226 qui
470 3151 568 3207 omnia
581 3152 644 3224 ipse
658 3153 939 3224 creavitelerneuta,
966 3162 1090 3211 terreno
1104 3153 1203 3228 corpori
1242 3161 1243 3184 ι

181 3254 273 3315 grave
284 3233 395 3311 pondus
408 3233 523 3291 auferre
537 3255 597 3292 nou
607 3237 730 3310 poterit,
741 3245 775 3292 ut
788 3237 820 3292 in
833 3236 934 3292 eodem
947 3239 1096 3295 elemento
1108 3237 1204 3295 habitet

181 3319 360 3400 vivificatum
374 3338 494 3396 corpus,
508 3321 540 3376 iu
553 3339 609 3396 quo
622 3320 749 3376 volucrit
760 3319 913 3377 vivificans
927 3318 1071 3396 spiritus?

244 3403 359 3461 Deinde
373 3422 436 3460 cum
449 3409 518 3460 aera
529 3403 655 3459 medium
672 3413 785 3478 ponant
802 3405 880 3460 iuter
902 3407 1001 3482 iguem
1021 3404 1159 3482 desuper,
1181 3415 1204 3460 ct

183 3507 287 3564 aquam
300 3487 418 3560 subter,
432 3486 502 3562 quid
515 3496 559 3542 ιιι
572 3486 647 3562 quod
661 3505 727 3542 eum
740 3489 818 3543 iuter
831 3506 937 3563 aquarn
949 3498 979 3544 ct
990 3506 1115 3564 aquarn,
1128 3501 1156 3546 ιι
1166 3492 1203 3545 in·

182 3581 229 3627 ter
242 3590 345 3646 aquam
359 3580 388 3627 ιι
400 3580 507 3628 terram
521 3587 607 3644 saepe
620 3567 807 3628 invenimusl
833 3571 910 3639 Quid
928 3573 1006 3628 enim
1026 3575 1134 3630 volunt
1151 3591 1202 3629 esre

183 3671 308 3728 aquosas
320 3655 424 3726 nubes,
436 3654 515 3710 inter
528 3671 600 3730 quas
614 3663 644 3710 ιι
656 3655 748 3711 maria
760 3659 811 3711 air
823 3655 934 3712 medius
947 3653 1112 3731 reperiturl
1138 3659 1202 3726 Quo-

183 3751 267 3806 nam,
285 3753 411 3809 quaeso,
432 3738 641 3794 clementorum
652 3735 782 3813 pondere
796 3748 883 3814 atquc
897 3737 1000 3796 ordine
1018 3739 1155 3812 efficitur,
1178 3751 1202 3796 ιι

183 3823 329 3872 torrentes
343 3818 549 3903 violentissimi
565 3829 651 3898 atque
669 3818 873 3896 undosissimi,
898 3832 966 3880 aute
980 3840 1067 3899 quam
1081 3824 1134 3882 sub
1145 3830 1200 3880 atre
