2586 4396
257 197 559 263 nrclv1rsru
586 201 667 262 DEl
701 203 780 263 ula.
802 205 855 264 vl.
1023 211 1078 270 181

52 363 124 430 Quae
136 355 354 434 amplissimam
367 353 469 430 adepta
485 355 656 431 peeuniam,
683 373 720 412 ne
734 355 851 416 divinae
863 359 989 418 mortedi
1000 361 1082 419 rido-

48 453 123 502 retur
136 443 278 520 ingrata,
304 437 383 517 quod
396 439 625 514 receptissimum
636 441 751 516 putarit
763 457 826 498 esse
837 443 1017 517 numinibus,
1028 465 1082 522 po·

47 529 144 604 pulum
156 524 328 583 Romanum
341 525 430 581 etiam
441 523 505 598 ipsa
517 524 634 600 seripsit
659 523 810 598 heredem3
836 535 923 602 atqua
939 525 997 584 ‘illa
1021 547 1083 588 non

47 618 246 686 comparente,
260 610 414 665 inventum
426 615 471 663 est
482 615 703 666 testamentum:
720 608 823 684 quibus
836 610 948 668 meritis
961 629 1026 668 eam
1037 609 1081 669 is·

45 691 359 752 mutetiamhonores
371 691 511 748 meruisse
524 690 648 750 divinos.
1029 739 1052 792 ο

104 777 193 834 Haeo
207 777 234 832 si
245 785 351 852 poetae
363 775 527 854 fingerent,
550 776 576 832 si
598 776 681 834 mimi
706 787 846 857 agerent,
872 777 909 836 ad
920 777 1082 838 fabulosam

46 861 228 939 theologiam
241 859 411 916 dicerentur
421 860 524 934 prooul
536 858 622 918 dubio
635 863 800 936 pertinere,
815 871 845 920 et
857 879 875 921 a
887 863 983 922 civilis
995 861 1081 920 theo-

46 947 140 1024 logiae
154 944 305 1023 dignitate
318 941 479 1018 separanda
491 943 698 1006 iudiearentur.
742 943 815 1004 Cum
826 965 896 1006 vero
908 945 981 1005 haeo
994 945 1081 1004 dede-

46 1047 128 1100 eora,
157 1047 222 1086 non
234 1036 402 1104 poetarum,
425 1025 475 1082 sed
487 1029 675 1104 populorum
701 1048 763 1088 non
775 1031 943 1103 mimorum,
969 1029 1021 1088 sad
1034 1048 1081 1087 sa-

47 1131 179 1184 crorum,
207 1129 271 1170 non
297 1109 494 1182 theatrorum,
518 1111 769 1188 sodtemplorum3
795 1113 826 1170 id
839 1123 897 1185 est,
923 1133 985 1172 uon
998 1113 1082 1171 fabu-

46 1197 141 1268 losae,
168 1195 223 1252 sed
236 1195 333 1252 eivilis
346 1192 526 1272 theologiae,
551 1203 667 1254 atanto
680 1206 799 1254 suetore
816 1197 993 1273 produntur,
1021 1215 1082 1253 non

46 1278 154 1338 frmtra
167 1277 329 1336 histriones
342 1277 461 1334 ludioris
475 1279 585 1336 artibus
607 1279 725 1358 fingunt
746 1279 882 1351 deorum,
908 1299 982 1357 quae
1000 1288 1084 1336 tanta

48 1371 106 1434 est,
132 1362 366 1438 turpitudinem,
391 1362 442 1420 sed
466 1364 556 1438 plane
581 1361 867 1420 bmtrasaoerdotes
888 1365 971 1421 velut
991 1363 1083 1418 saeris

47 1446 151 1502 ritibus
165 1455 312 1506 conantur
326 1445 439 1524 fingere
451 1447 588 1520 deorum,
613 1461 686 1523 quae
709 1449 790 1504 nulla
809 1457 868 1519 est,
890 1445 1081 1518 honestatem.

47 1527 140 1587 Sacra
164 1539 235 1587 ιιιιιι
259 1528 398 1601 lunonis,
425 1539 454 1588 et
466 1530 539 1588 haee
551 1531 584 1588 in
598 1530 660 1588 eius
673 1529 780 1604 diloota
792 1533 888 1590 insula
901 1529 990 1588 Samo
1004 1530 1081 1586 eele-

47 1613 184 1685 brautur,
211 1612 263 1670 ubi
276 1619 398 1688 nuptum
411 1611 479 1672 data
492 1623 536 1671 est
549 1611 622 1672 lovi.
666 1613 758 1674 Saura
782 1625 852 1674 sunt
875 1613 1007 1687 Cereris,
1032 1611 1083 1670 ubi

48 1696 203 1755 sl'lutone
215 1705 301 1774 rapta
313 1695 490 1773 Proserpina
503 1699 661 1774 quaeritur.
699 1699 791 1758 Sacra
803 1709 872 1758 sunt
884 1699 1020 1770 Veneris,
1032 1696 1083 1754 ubi

47 1792 158 1838 amatus
172 1782 237 1838 eius
250 1780 362 1839 Adonis
375 1783 479 1855 aprino
491 1781 578 1840 dente
592 1785 754 1842 exstinctus
766 1785 880 1843 iuvenis
905 1782 1081 1840 formosissi-

46 1884 105 1922 mus
117 1866 283 1945 plangitur.
309 1863 402 1922 Saorn
414 1876 483 1926 sunt
495 1864 598 1924 Matris
611 1867 712 1942 dedm,
734 1871 784 1928 ubi
793 1869 866 1947 Atys
879 1866 999 1946 puloher
1011 1866 1082 1924 ado-

46 1950 157 2008 lescens
172 1951 209 2007 ab
225 1968 260 2006 ea
273 1949 397 2008 dilectus
415 1959 445 2008 ot
469 1951 603 2010 muliebri
618 1955 682 2010 selo
705 1953 851 2026 abscisus,
877 1953 966 2010 etiam
987 1948 1082 2006 homi-

45 2051 112 2091 num
129 2033 330 2106 ebremarum,
357 2046 428 2111 qnos
443 2035 544 2093 Gallos
558 2046 683 2110 vocant,
709 2036 882 2094 infelicitate
906 2035 1083 2109 deploratur.

45 2116 124 2174 liaeo
139 2135 210 2174 ιιιιιι
222 2116 398 2176 deformiora
411 2121 472 2178 sint
482 2121 563 2177 omni
575 2122 692 2177 saeniea
705 2119 854 2192 foeditate,
868 2118 937 2195 quid
951 2112 1083 2192 estquod

45 2200 176 2260 fabulosa
189 2200 227 2258 de
240 2201 296 2258 diis
309 2199 452 2279 figmenta
462 2211 615 2277 poetarum
627 2203 664 2260 ad
676 2202 822 2261 theatrum
833 2201 972 2260 videlieet
990 2200 1081 2277 perti-

46 2287 147 2344 nentia
159 2287 244 2342 velut
256 2303 410 2342 secernere
424 2287 559 2344 nituntur
572 2305 590 2342 a
602 2287 683 2344 eivili
696 2285 861 2367 theologia,
887 2303 974 2364 quam
990 2284 1082 2360 perti-
1109 2280 1111 2290 '

46 2387 114 2426 nere
140 2368 179 2426 ad
206 2367 309 2425 urbem
330 2369 449 2442 volunt,
476 2371 558 2446 quasi
570 2369 606 2426 ab
619 2369 750 2428 honestis
765 2381 795 2428 et
807 2372 904 2450 dignis
917 2368 1042 2446 indigna
1054 2375 1084 2422 et

46 2449 161 2528 turpia?
185 2451 291 2529 ltaque
303 2452 400 2528 potius
415 2462 461 2510 est
479 2452 557 2509 unde
574 2455 689 2531 gratiae
708 2454 869 2512 debeantur
881 2451 1083 2520 histrionibus,

48 2539 92 2611 qui
109 2539 205 2594 oeulis
220 2535 372 2593 hominum
394 2545 603 2612 pepercerunt,
624 2555 680 2592 nee
693 2539 792 2593 omnia
804 2537 977 2612 speetaoulis
990 2533 1083 2588 nuda-

47 2630 167 2693 verunt,
193 2637 270 2696 quae
283 2637 432 2678 saetarum
446 2618 562 2678 aedium
572 2618 731 2694 parietibus
745 2620 926 2674 oeeuluntur.
960 2614 1036 2682 Quid
1049 2613 1085 2669 de

50 2704 140 2759 saeris
153 2721 251 2762 eorum
264 2703 337 2760 boni
360 2703 545 2762 sentiendum
563 2710 623 2774 est,
649 2717 723 2776 quae
747 2700 877 2757 tenebris
903 2699 1084 2774 operiuntur,

52 2805 117 2842 oum
131 2783 187 2844 tam
195 2789 258 2845 sint
269 2786 468 2861 detestabilia,
482 2803 557 2864 quoe
569 2784 758 2861 proferuntur
769 2785 801 2841 in
814 2779 928 2842 lueeml
953 2779 994 2840 Et
1006 2789 1085 2839 uerte

52 2869 119 2944 quid
143 2871 173 2928 in
198 2871 317 2928 ooeulto
346 2881 437 2948 agant
460 2889 513 2948 per
536 2869 664 2927 abseisos
678 2869 839 2940 otmolles,
865 2869 922 2946 ipsi
946 2866 1084 2925 viderint.

48 2951 170 3013 Eosdem
191 2965 296 3012 tamen
315 2953 447 3012 homines
470 2953 628 3012 infeliciter
641 2971 676 3010 aa
688 2955 812 3029 turpiter
825 2961 980 3011 enervatos
998 2960 1085 3027 atque

49 3050 198 3118 eomuptos
213 3039 338 3096 minime
351 3041 499 3096 ooeultare
514 3047 683 3114 potuerunt.
726 3037 926 3095 Persuadeant
947 3037 994 3092 eui
1017 3051 1084 3110 pos·

48 3133 127 3196 sunt,
153 3142 187 3180 ιι
200 3121 316 3199 aliquid
329 3129 464 3180 ιιιιιιιιιιιιΙ
481 3141 533 3198 per
546 3124 620 3178 tales
633 3138 722 3200 agere
734 3120 884 3191 homines;
909 3137 982 3197 quos
1007 3121 1085 3175 inter

48 3223 95 3264 sna
108 3215 215 3264 saneta
227 3207 380 3264 numerari
393 3215 479 3282 atquo
493 3207 604 3262 versari
615 3223 724 3284 negare
735 3225 795 3263 nun
805 3213 937 3279 possunt.
980 3201 1084 3260 Nesei-

48 3309 107 3348 mus
120 3291 192 3369 quid
207 3297 317 3368 agant,
342 3287 394 3344 sed
407 3291 514 3346 seimus
529 3291 696 3365 perquales
710 3297 809 3369 agant.
852 3287 992 3346 Novimus
1007 3285 1085 3342 enim

48 3392 115 3449 quaa
128 3382 261 3454 agantur
274 3373 307 3430 in
321 3389 427 3445 seona,
453 3391 510 3450 quo
524 3389 689 3448 nunquam,
715 3373 764 3430 vel
786 3374 819 3428 iu
842 3369 931 3428 ohoro
951 3367 1086 3424 meretri-

49 3457 800 3618 2¹:titi?tnt'ssittl253'3ttstttl
809 3459 1087 3597 {institit

49 3635 112 3682 sunt
122 3646 195 3705 ergo
210 3626 266 3681 illa
279 3640 384 3695 saera,
397 3624 501 3699 quibus
515 3622 638 3703 agendis
652 3624 726 3680 tales
740 3622 831 3701 elegit
843 3617 998 3684 sanetitas,
1012 3629 1084 3688 qua·

47 3707 86 3764 les
99 3729 153 3768 nee
166 3707 334 3784 thymeliea
346 3707 379 3764 in
391 3725 423 3764 se
436 3706 564 3775 admittit
577 3699 782 3765 obscoenitas?
