2590 4396
291 197 351 256 DE
376 197 599 258 ClVlTATE
623 203 701 260 DEl
725 205 806 262 LlB.
831 208 889 266 lll.
1061 217 1114 274 lot

79 372 128 428 pro
143 351 250 408 eadem
264 350 316 406 illa
329 351 413 407 velut
425 353 537 425 patriae
556 352 691 410 libertate
706 353 810 413 Cicero
828 361 993 419 resistebat.
1033 363 1118 424 Tunc

79 440 241 493 emerserat
254 434 397 490 mirabilis
411 433 519 490 indolis
540 435 710 494 adolescens
730 440 781 495 ille
799 441 875 497 alius
889 441 1012 519 Cacsar,
1039 450 1117 504 illius

78 519 138 577 Caii
151 517 293 575 Caesaris
306 515 385 571 filius
399 516 568 590 adoptivus:
583 521 642 592 qui,
656 530 689 576 ut
702 519 775 594 dixi,
788 534 891 598 postea
902 531 1061 602 appellatus
1072 542 1118 588 eat

77 604 239 680 Augustus.
274 597 358 655 -Huic
372 597 556 656 adolescenti
569 600 705 674 Caesari,
732 613 765 660 ut
786 608 849 662 cius
867 613 1000 682 potentia
1014 624 1118 670 contra

76 685 240 743 Antonium
254 683 430 752 nutriretur,
444 681 548 739 Cicero
563 684 695 758 favebat3
723 705 856 762 sperans,
876 710 942 746 eum
956 693 1075 768 depulsa
1089 706 1118 752 et

76 784 218 842 oppressa
231 765 356 821 Antonii
369 764 582 838 dominatione,
596 768 827 828 instauraturum
838 775 1016 848 reipublicae
1028 779 1117 834 liber-

76 861 180 920 tatem,
204 865 300 923 usque
313 847 387 904 adeo
403 865 508 905 coecus
522 859 609 924 atque
622 853 801 926 improvidus
815 855 998 930 futurorum,
1021 870 1055 916 ut
1068 862 1117 915 ille

76 937 135 1008 ipsc
155 933 294 1003 iuvenis,
321 933 404 988 cuius
428 930 603 1009 dignitatem
621 953 655 991 ac
681 945 856 1010 potestatem
881 939 1015 1013 fovebat,
1042 961 1115 999 cun-

77 1017 138 1073 dem
152 1015 330 1073 Ciceronem
344 1013 536 1072 occidendum
548 1017 678 1074 Antonio
701 1019 824 1094 quadam
845 1025 928 1096 quasi
941 1025 1115 1082 concordiae

76 1101 211 1175 pactione
225 1099 423 1170 permitteret,
449 1108 479 1154 et
491 1101 585 1172 ipsam
598 1102 764 1158 libertatem
777 1106 965 1179 reipublicae,
992 1126 1044 1182 pro
1059 1126 1115 1183 qua

76 1185 197 1240 multum
212 1182 263 1236 ille
280 1182 467 1252 clamaverat,
481 1181 587 1239 ditioni
601 1187 735 1259 propriae
748 1185 928 1265 subiugaret.

432 1349 556 1408 CAP.
600 1349 759 1407 XXXl.

82 1447 154 1511 Quod
171 1446 344 1528 impudenter:
360 1447 519 1518 praesentia
533 1447 697 1500 incommoda
710 1446 819 1500 Christo
834 1449 977 1518 imputent,
996 1454 1043 1522 qai
1057 1455 1117 1506 deos

156 1520 240 1569 colere
251 1532 306 1569 noa
317 1525 454 1580 tenuatur,
464 1524 630 1570 communae
639 1519 727 1570 clades
738 1535 768 1571 co
778 1527 896 1588 tempore
906 1538 958 1590 quo
968 1525 1034 1575 cole-

456 1586 557 1640 bantur
567 1587 732 1641 exstiterint.

135 1692 219 1750 Deos
234 1710 307 1749 suos
322 1701 464 1748 accusent
477 1692 513 1748 dc
526 1694 617 1750 tantis
632 1695 728 1766 malis,
753 1699 803 1771 qui
818 1707 921 1755 nostro
936 1697 1052 1758 Christo
1068 1702 1114 1756 in-

78 1779 153 1856 grati
166 1785 240 1832 sunt
253 1775 291 1831 dc
304 1776 397 1831 tantis
410 1775 505 1832 bonis.
533 1775 620 1834 Certe
634 1777 750 1853 quando
764 1782 815 1836 illa
827 1784 903 1838 mala
916 1783 1044 1853 fiebant,
1064 1801 1113 1838 ca-

77 1863 173 1918 lebant
186 1877 259 1915 arae
273 1860 442 1930 numinum,
462 1857 575 1916 Sabaeo
589 1859 676 1917 thure
691 1864 837 1940 sertisque
850 1867 1018 1922 recentibus
1032 1864 1113 1922 hala-

76 1945 155 2016 bant,
172 1942 327 2000 clarebant
340 1940 517 2014 aacerdotia,
531 1944 601 2000 fana
613 1943 798 2020 renidebant,
820 1948 1052 2019 sacrificabatur,
1067 1951 1113 2004 lu·

76 2027 216 2098 debatur,
243 2024 399 2081 furebatur
417 2026 449 2081 in
467 2029 600 2102 templis,
620 2028 738 2104 quando
756 2033 866 2104 passim
884 2041 986 2088 tantus
1005 2032 1114 2088 civium

76 2112 200 2190 sanguis
215 2127 233 2164 a
247 2108 374 2180 civibus,
388 2127 450 2165 nou
464 2109 550 2165 modo
564 2112 596 2167 in
610 2113 735 2168 cacteris
745 2115 831 2184 locis,
845 2132 950 2170 verum
959 2116 1039 2170 inter
1051 2114 1114 2187 ipsa

78 2212 196 2269 quoque
210 2192 453 2264 deorumlaltaria
466 2192 652 2251 fundebatur.
690 2193 759 2251 Non
774 2197 864 2274 clegit
876 2199 1027 2270 templum,
1054 2215 1113 2272 quo

78 2278 256 2355 confugeret
270 2273 404 2346 Tullius3
418 2277 487 2350 quia
499 2276 611 2334 frustra
624 2279 755 2356 elegerat
767 2278 889 2336 Mutius.
923 2279 964 2336 Hi
977 2297 1048 2336 vcro
1063 2281 1114 2354 qui

76 2363 166 2417 multo
182 2358 339 2436 indignius
354 2359 500 2414 insultant
513 2358 689 2416 Christianis
703 2364 899 2435 temporibus,
925 2373 979 2420 aut
997 2362 1034 2418 ad
1048 2365 1114 2418 loca

77 2443 194 2501 Christo
221 2442 404 2497 dicatissima
431 2441 642 2520 confugerunt,
668 2453 720 2499 aut
746 2447 817 2500 illuc
843 2463 894 2499 cos
915 2456 950 2500 ut
966 2447 1114 2513 viverent,

77 2529 164 2582 etiam
178 2527 239 2599 ipsi
252 2523 376 2580 Barbari
390 2524 548 2580 duxerunt.
588 2523 664 2580 lllud
677 2527 757 2595 scio,
785 2536 815 2581 et
827 2525 884 2580 hoc
898 2545 1013 2581 meeum
1033 2527 1114 2598 quis-

78 2612 143 2684 quis
157 2610 224 2665 sine
238 2606 338 2663 studio
351 2609 480 2679 partium
495 2606 619 2676 iudicat,
636 2606 775 2662 facillime
788 2609 944 2682 agnoscit,
967 2603 1014 2682 (ut
1028 2607 1113 2661 omit-

77 2701 140 2746 tam
153 2701 270 2747 caetera
284 2707 360 2764 quac
372 2691 464 2745 multa
479 2688 716 2758 commemoravi,
731 2696 761 2742 et
771 2689 829 2743 alia
839 2689 932 2743 multo
942 2690 1028 2763 plura
1040 2705 1114 2762 quae

83 2791 309 2829 commemorare
321 2773 445 2849 longum
457 2766 592 2849 putavi),
616 2771 642 2826 si
656 2768 816 2828 humanum
835 2789 931 2849 genus
951 2779 1021 2828 aute
1039 2771 1115 2828 bella

79 2855 189 2913 Punica
203 2857 351 2930 reciperet
362 2853 559 2912 Christianam
573 2852 767 2927 disciplinam,
782 2863 812 2909 ct
823 2863 1056 2930 consequeretur
1065 2872 1113 2910 re-

78 2959 142 2996 rum
161 2949 248 2996 tanta
266 2939 406 3007 voratio,
432 2947 542 3011 quanta
567 2938 627 2994 illis
652 2937 737 2994 bellis
755 2935 908 3012 Europam
925 2939 1114 3013 Africamque

77 3024 236 3094 contrivit3
251 3023 351 3077 nullus
365 3021 480 3092 talium,
494 3022 594 3096 quales
608 3039 688 3077 nuuc
701 3022 840 3094 patimur,
854 3023 914 3078 nisi
927 3021 1113 3080 Christianae

76 3107 216 3183 religioni
228 3106 280 3160 illa
293 3105 369 3160 mala
384 3103 545 3174 tribuisset.
571 3102 665 3160 Multo
679 3113 778 3161 autem
790 3105 889 3161 minus
904 3123 1004 3161 eorum
1023 3123 1113 3162 voces

74 3191 288 3258 tolerarentur,
303 3195 447 3261 quantum
459 3188 566 3242 attinet
579 3187 616 3242 ad
629 3186 788 3259 Romanos,
803 3190 828 3243 si
844 3187 1029 3246 Christianae
1041 3188 1113 3244 reli·

73 3274 174 3349 gionis
193 3271 397 3344 receptionem
415 3279 446 3324 et
464 3267 708 3340 diffamationem,
734 3272 783 3326 vel
799 3271 926 3346 irruptio
943 3273 994 3327 illa
1011 3270 1112 3327 Gallo-

74 3373 149 3426 rum,
163 3355 214 3412 vel
229 3351 367 3409 Tiberini
377 3351 509 3410 fluminis
521 3354 693 3430 igniumque
703 3354 754 3408 illa
766 3351 962 3428 depopulatio,
976 3354 1024 3409 vel
1035 3349 1114 3424 quod

75 3447 184 3496 curuata
210 3437 290 3494 mala
315 3435 483 3511 praecedit,
508 3437 584 3492 bella
598 3438 649 3491 illa
675 3437 775 3492 civilia
798 3445 1003 3510 sequerentur.
1036 3431 1114 3513 Mala

74 3523 162 3578 etiam
183 3521 261 3592 alia,
289 3536 365 3594 quae
379 3536 474 3594 usque
488 3518 561 3574 adeo
579 3518 764 3575 incredibilia
775 3519 963 3587 acciderunt,
988 3523 1022 3568 ut
1034 3515 1114 3570 inter

71 3605 210 3683 prodigia
224 3611 471 3672 numerarentur,
500 3603 526 3656 si
539 3600 715 3658 Christianis
728 3602 910 3674 temporibus
924 3594 1114 3669 accidissent,

71 3689 179 3761 quibus
195 3705 242 3757 ca,
256 3686 318 3741 nisi
333 3682 507 3741 Christianis
520 3681 699 3755 hominibus,
714 3693 852 3758 tanquam
866 3681 990 3738 criuriua
1003 3680 1113 3736 obiice-

70 3767 157 3827 reuti
192 3769 310 3827 Omitto
326 3767 432 3841 quippe
447 3767 513 3837 illa,
533 3785 614 3841 quae
627 3767 721 3843 magis
735 3765 858 3820 fuerunt
870 3765 944 3820 mira
958 3780 1045 3838 quam
1058 3780 1113 3819 no-

70 3855 136 3927 xia,
164 3855 257 3912 boves
279 3853 415 3920 locutos,
442 3849 571 3908 infantes
586 3849 718 3906 nondum
732 3855 818 3903 natos
833 3846 869 3902 de
882 3847 975 3902 uteris
988 3855 1115 3902 matrum
