2586 4396
242 206 281 263 96
468 195 566 255 DlVl
586 193 769 252 lvltullt
793 190 1048 270 AVGVSTlNl

246 375 310 414 esse
322 353 426 412 notitia
439 352 501 408 eius
515 349 692 418 evidentior,
715 358 743 404 et
760 347 809 404 ubi
831 348 955 404 clariora
971 345 1109 424 leguntur
1128 352 1259 422 promissa

244 441 360 510 diviua,
383 453 456 512 quae
469 453 546 492 nune
558 436 590 490 in
603 431 718 490 Christo
730 430 861 489 videmus
874 430 996 506 impleri.
1035 428 1087 488 Sia
1102 449 1175 510 ergo
1188 432 1261 492 Seri-

242 534 326 600 ptura
339 529 440 578 saneta
451 517 598 576 indicante
611 517 773 586 didicimus,
786 517 817 573 in
827 515 949 594 regione
960 511 1166 572 Chaldaeorum
1181 528 1262 574 natus

241 615 287 664 eat
305 602 461 664 Abraham:
490 619 562 677 quae
581 611 659 658 terra
682 599 719 656 ad
743 617 867 678 regnum
892 597 1055 674 pertinebat
1071 599 1261 676 Assyriorum.

240 689 324 765 Apud
334 686 491 746 Chaldaeos
503 687 656 741 autemiam
666 685 753 740 etiam
763 691 832 740 tune
843 683 1065 757 superstitiones
1074 684 1262 759 impiaeprae-

241 773 388 843 valebant,
401 768 637 846 quemadmodum
648 787 700 844 per
714 775 841 824 caeteras
855 774 966 845 gentes.
980 764 1044 823 Vna
1054 767 1148 846 igitur
1158 765 1262 824 Thatae

243 857 344 914 domus
359 863 436 926 erat,
459 851 494 908 de
507 870 563 928 qua
575 861 661 908 natus
676 859 721 907 est
735 848 893 921 Abraham,
920 850 951 906 in
964 867 1022 926 qua
1034 852 1124 909 unius
1139 853 1203 908 veri
1215 851 1260 909 Dei

243 942 350 1011 uultus,
364 946 394 994 et
407 945 544 1012 quantum
557 935 692 992 credibile
706 943 761 1005 est,
774 935 806 992 in
820 952 876 1009 qua
889 935 946 990 iam
959 935 1021 990 sola
1034 935 1125 991 etiam
1138 933 1261 992 Hebraea

242 1025 345 1102 lingua
356 1028 550 1092 remanserat3
564 1021 695 1096 quamvis
705 1019 806 1094 etipsa
819 1014 916 1093 [ipse],
930 1017 1006 1074 sieut
1017 1018 1076 1074 iam
1087 1018 1262 1076 manifestior

244 1104 302 1164 Dei
313 1106 436 1181 populna
449 1105 481 1161 in
488 1104 631 1182 Aegypto,
645 1105 686 1159 ita
696 1104 727 1159 in
735 1101 942 1176 Mesopotamia
951 1101 1079 1158 servisse
1089 1100 1144 1158 diis
1152 1103 1264 1172 alienis,

243 1188 310 1246 lesu
323 1188 405 1246 Nare
418 1197 556 1245 narrante
568 1186 727 1244 referatur:
740 1185 861 1242 caeteris
875 1203 912 1240 ex
925 1186 1067 1262 progenie
1081 1187 1156 1242 illius
1169 1183 1265 1241 Habet

243 1276 275 1332 in
300 1275 417 1352 linguas
440 1273 578 1348 paulatim
604 1273 675 1328 olias
700 1280 729 1327 et
751 1271 782 1326 in
805 1269 940 1326 nationes
966 1270 1037 1325 alias
1065 1267 1265 1327 defluentibus.

242 1356 368 1416 Proinde
381 1358 457 1414 sieut
467 1375 519 1432 per
532 1374 669 1432 aquarum
680 1355 820 1412 diluvium
831 1371 890 1410 uua
901 1352 1003 1410 domus
1013 1351 1078 1409 Noe
1091 1365 1265 1410 remandaret

243 1441 280 1498 ad
292 1439 483 1516 reparandum
493 1459 586 1518 genus
596 1437 764 1510 barranum,
777 1438 819 1494 sie
833 1437 865 1493 in
878 1435 987 1494 dilavio
1000 1438 1160 1494 multarum
1172 1457 1265 1513 super-

243 1526 395 1582 stitionum
412 1542 464 1598 per
477 1524 643 1580 universum
656 1521 796 1578 mundum
811 1538 870 1577 una
882 1530 1061 1576 remanserat
1074 1519 1180 1578 domus
1197 1519 1264 1578 Tha-

242 1625 305 1678 rae,
316 1608 348 1661 in
362 1625 417 1682 qua
430 1605 576 1662 eustodita
589 1615 634 1662 est
645 1606 787 1681 plantatio
801 1603 934 1662 Civitatis
947 1602 1013 1660 Dei.
1043 1602 1185 1681 Denique
1199 1607 1264 1661 sieut

243 1692 304 1747 illio
323 1691 498 1745 enumeratis
515 1707 601 1764 supra
619 1689 855 1767 generationibus
873 1705 965 1764 usque
978 1687 1014 1744 ad
1027 1685 1093 1744 No'e'
1107 1689 1198 1746 simul
1212 1705 1262 1745 aun

243 1790 386 1830 asinorum
399 1773 538 1843 numeris,
551 1781 581 1828 et
589 1773 720 1846 exposita
731 1771 831 1828 diluvii
841 1789 936 1842 eausa,
949 1772 1030 1846 prius
1039 1789 1125 1846 quarn
1134 1771 1217 1829 Deus
1226 1773 1262 1827 in·

243 1857 353 1931 aiperet
365 1854 400 1910 de
413 1872 480 1915 urea
493 1854 659 1912 fabricanda
672 1856 750 1931 loqui
763 1853 799 1911 ad
812 1854 886 1928 Noe,
900 1853 1015 1925 dieitur,
1028 1851 1099 1913 Hae
1112 1866 1214 1913 autem
1223 1875 1263 1931 ge·

243 1940 414 1997 narrationes
427 1935 506 1996 Noe:
533 1940 574 1995 ita
594 1948 624 1994 et
640 1936 687 1995 hie
706 1939 882 1995 enumeratis
901 1938 1142 2017 generationibus
1165 1940 1200 1996 ab
1214 1941 1263 2004 illo,

245 2023 295 2099 qui
308 2030 352 2078 est
364 2025 522 2097 appellatus
536 2021 614 2092 Sem,
628 2021 687 2079 lilio
700 2021 774 2095 Noe,
788 2041 879 2098 usque
893 2023 929 2079 ad
941 2021 1095 2094 Abraham,
1109 2021 1217 2080 deinde
1228 2025 1263 2078 in-

244 2107 337 2185 signis
351 2108 491 2164 articulus
504 2108 639 2164 similiter
650 2107 767 2182 ponitur
782 2115 814 2162 ut
827 2105 955 2163 dicatur:
985 2103 1053 2164 Hae
1064 2116 1137 2164 auat
1150 2125 1263 2184 gemere

244 2192 338 2249 tiones
355 2189 482 2249 Therae.
520 2191 622 2249 Thera
638 2191 741 2268 genuit
760 2187 869 2248 Abram
886 2199 917 2248 et
935 2185 1060 2248 Naehor
1077 2201 1107 2248 et
1124 2189 1227 2247 Aaou:
1244 2197 1264 2243 et

243 2271 328 2331 Aram
350 2276 453 2350 genuit
471 2273 555 2332 Loth.
591 2273 632 2332 Et
644 2284 776 2331 mortuae
790 2284 836 2332 eat
848 2273 933 2331 Aram
952 2291 1050 2330 eoram
1065 2271 1174 2330 dhara
1183 2282 1265 2350 patre

184 2419 188 2430 ,
244 2373 297 2414 aua
311 2359 476 2414 interrasit
488 2376 545 2435 quo
558 2367 647 2414 notua
660 2368 715 2427 eat,
729 2359 759 2413 a'a
772 2358 892 2433 regione
908 2356 1131 2414 Chaldaeorum.
1146 2355 1190 2412 Et
1200 2373 1266 2411 ιιιι-

147 2491 149 2498 .
246 2451 350 2498 seruat
362 2438 471 2497 Abram
490 2451 519 2498 et
538 2437 657 2498 Naehor
674 2440 732 2497 as'de'
748 2458 873 2497 uxorea:
897 2457 998 2497 nomen
1016 2438 1154 2496 mulieria
1167 2438 1265 2495 Abram

244 2523 335 2596 Sara,
349 2535 379 2582 et
391 2543 491 2583 aeman
504 2523 637 2582 mulieris
650 2521 769 2598 Naehor
781 2521 907 2594 Meleha,
917 2522 989 2595 filia
1002 2520 1095 2580 Area.
1122 2521 1183 2578 late
1196 2521 1266 2578 Aran

243 2618 325 2683 pater
337 2607 467 2667 Melabae
482 2609 539 2665 fuit
552 2617 581 2665 et
592 2617 675 2684 pater
688 2606 800 2680 leseae,
823 2625 894 2682 quae
904 2605 983 2664 lasea
994 2605 1124 2664 ereditur
1137 2608 1201 2682 ipsa
1211 2622 1266 2660 ease

244 2694 331 2750 etiam
344 2692 424 2754 Sara
433 2711 506 2750 uxor
518 2691 673 2750 Abrahae.-

622 2857 738 2915 CAP.
781 2857 899 2916 Xlll.
988 2885 998 2904 a

243 2953 318 3017 Quae
328 2955 401 3006 ratio
406 2953 506 3025 secisse
516 2953 648 3016 uideatur,
659 2963 690 3005 ut
699 2953 729 3006 e'a
740 2955 854 3008 traasme‘
874 2955 980 3008 ratione
995 2952 1116 3024 Thatae,
1129 2969 1181 3022 prta
1192 2950 1261 3002 Chal

277 3023 355 3074 dacos
366 3023 486 3075 deserens
495 3021 523 3074 a’a
535 3020 886 3165 Mmpfflhassmff’
906 3027 981 3078 nulla
989 3025 1049 3096 fitia·
1064 3025 1120 3077 eiua
1129 3020 1235 3076 Naohor

303 3196 418 3255 Deinde
431 3209 583 3272 narratur,
606 3199 844 3276 quemadmodum
857 3200 955 3259 Thura
969 3221 1034 3257 eum
1047 3202 1265 3279 sumregionen

241 3283 392 3359 reliquerit
404 3280 620 3354 Chaldaeorum,
634 3295 663 3340 et
675 3284 789 3340 venerit
803 3285 834 3342 ia
847 3285 1101 3361 Mesopotamiam,
1116 3295 1150 3341 et
1162 3283 1265 3340 habita-

237 3369 318 3425 ¹verit
329 3367 361 3434 iu
375 3363 492 3426 Charra.
519 3365 646 3424 Taeetur
659 3376 757 3422 autem
770 3365 805 3423 de
817 3365 876 3425 uno
890 3371 952 3425 eius
965 3368 1035 3438 lilio,
1050 3369 1101 3442 qui
1113 3366 1265 3424 vocabatur

238 3449 370 3524 Naebar,
394 3460 534 3526 tanquam
547 3469 613 3506 eum
626 3469 686 3506 non
700 3450 818 3516 duxerit
831 3470 938 3508 seeum.
976 3451 1051 3508 Nam
1063 3451 1107 3506 ita
1120 3458 1265 3507 narratur⁴

238 3534 281 3592 Et
298 3537 402 3593 sumsit
425 3531 526 3593 Thura
544 3532 653 3591 Abram
670 3531 774 3604 filium
790 3551 889 3606 suum,
917 3545 945 3593 et
965 3532 1039 3592 both
1056 3532 1163 3605 filium
1180 3511 1277 3599 Araah

235 3616 404 3689 filiumfils'a‘
414 3617 475 3686 aui,
489 3614 632 3676 etSaram
643 3635 749 3672 aurum
760 3634 842 3674 ouum
855 3637 975 3675 uxorem
981 3615 1171 3688 Abramfila'd
1178 3616 1235 3684 sui,
1244 3623 1266 3669 et

241 3699 342 3756 eduxit
354 3699 419 3756 illos
433 3700 468 3756 de
481 3702 600 3776 reginae
613 3697 827 3756 Chaldaeorum
838 3703 884 3758 a're
895 3703 926 3758 iu
941 3712 1052 3760 terram
1065 3697 1232 3757 chamaan:
1245 3705 1266 3750 et

240 3779 320 3834 aeat’t
333 3781 363 3836 ιἰι
378 3779 532 3851 Chae-ram,
546 3793 575 3839 et
587 3781 734 3840 habitauit
747 3783 796 3840 e'he'.
820 3783 971 3860 Nusquam
982 3782 1029 3840 hia
1043 3783 1217 3840 nominatus
1230 3790 1265 3831 est

241 3855 373 3932 Naubor,
392 3871 421 3916 et
434 3880 507 3919 uxor
521 3865 582 3918 eius
596 3863 713 3923 Molaba
742 3864 801 3922 Sed
814 3868 980 3924 invenimus
993 3874 1108 3942 postea,
1127 3883 1196 3920 aum
1211 3877 1255 3916 aer
