2592 4396
257 183 318 242 DE
341 183 562 244 crvlrlrn
584 185 665 244 DEI
692 186 771 244 ΗΒ.
794 188 884 247 xlv.
1039 195 1081 252 tr

36 341 77 399 ad
91 355 168 415 quas
183 337 295 392 iniuste
307 345 476 408 moventur,
494 354 577 394 mens
591 338 802 411 compescendo
816 349 846 395 et
859 339 1018 401 cohibendo
1033 361 1081 401 rc·

36 423 162 480 fraenet
176 429 207 476 et
219 428 354 490 revocet,
374 428 461 493 atquc
474 419 511 478 ad
524 437 559 476 ea
571 421 736 495 permittat,
756 440 832 497 quae
844 424 1003 499 sapientiae
1015 427 1082 508 lege

37 522 186 564 concessa
202 511 287 574 sunt3
308 503 384 558 sicut
396 503 470 558 iram
484 503 520 560 ad
533 503 727 561 exercendam
740 506 846 561 iustam
859 507 1082 583 coercitionem,

40 593 124 647 sicut
136 585 291 644 libidinem
303 584 340 642 ad
352 585 558 663 propagandae
570 589 661 660 prolia
672 586 810 645 officium:
824 586 879 644 bae
889 589 1009 666 inquam
1017 609 1083 666 per·

39 685 88 730 tes
108 673 143 728 in
162 669 299 744 paradiso
317 677 386 726 aute
406 673 557 743 peecatum
576 672 700 728 vitiosae
714 690 774 727 non
788 680 882 729 erant.
924 672 991 730 Non
1006 675 1084 731 enim

40 764 151 813 contra
163 762 277 811 rectam
287 754 468 811 voluntatem
481 752 518 808 ad
531 753 643 828 aliquid
655 754 859 826 movebantur,
872 755 951 813 unde
963 775 1084 813 necesse

40 847 124 896 esset
136 855 188 892 ecs
202 837 326 894 rationis
339 832 480 911 [ratione]
495 846 635 912 tunquam
645 836 756 894 fraenis
770 839 941 915 regentibus
954 839 1084 896 abstine·

40 942 85 979 re.
119 919 199 978 Nam
211 918 289 994 quod
301 937 381 977 nunc
395 921 437 976 ita
449 930 620 992 noventur,
634 930 666 978 et
677 922 713 977 ab
727 922 770 976 eis
783 921 833 996 qui
845 930 1043 997 temperanter
1056 932 1086 978 et

41 1009 124 1062 iuste
137 1011 169 1058 et
181 1004 229 1080 pie
242 1004 361 1072 vivunt,
386 1003 459 1058 alias
472 1001 602 1076 facilius,
628 1006 700 1060 alias
714 1001 878 1076 difficilius,
893 1013 990 1062 tamen
1005 1003 1086 1062 cubi-

41 1086 142 1146 bendo
159 1095 189 1141 et
203 1085 397 1144 refraenanda
416 1085 636 1159 modificantur,
657 1105 717 1144 non
737 1097 782 1142 est
798 1088 900 1161 utique
919 1089 1030 1144 sanitas
1049 1105 1088 1144 ex

42 1180 165 1241 natrrra,
179 1169 231 1226 sed
243 1171 369 1246 languor
382 1186 420 1224 ex
434 1171 528 1243 culpa.
564 1168 647 1238 Quod
661 1178 759 1225 autem
771 1170 833 1224 irae
847 1187 936 1242 opera
949 1171 1087 1228 aliarum-

43 1251 305 1330 queaffectionnnr
317 1253 349 1308 in
362 1253 525 1326 quibusque
535 1251 620 1308 dictis
632 1261 720 1327 atque
733 1251 820 1308 iactis
834 1270 895 1307 non
908 1253 951 1307 sic
965 1252 1088 1310 abscon-

45 1339 90 1394 dit
102 1333 301 1406 verecundia,
326 1344 360 1390 ut
378 1353 465 1408 opera
482 1333 613 1392 libidinis
631 1353 705 1409 quac
718 1333 795 1390 fiunt
806 1335 983 1410 genitalibus
996 1353 1088 1390 mem-

43 1422 122 1490 bris,
136 1419 206 1494 quid
219 1435 326 1476 causae
339 1426 393 1488 est,
407 1417 467 1474 uisi
480 1418 548 1491 quie
561 1419 591 1474 in
605 1418 730 1474 caeteris
743 1416 872 1474 membre
885 1418 1015 1490 corporis
1029 1435 1088 1474 non

43 1507 130 1579 ipsae
144 1499 328 1572 affectiones,
342 1500 393 1558 scd
405 1519 470 1556 cum
485 1501 528 1556 eis
539 1501 733 1571 consenserit,
746 1503 884 1557 voluntas
893 1508 1003 1571 moret,
1017 1517 1090 1574 quae

42 1590 77 1644 in
91 1605 151 1642 usu
166 1603 267 1642 eorum
280 1585 399 1640 omnino
414 1580 597 1640 dominaturi
610 1583 686 1640 Nam
699 1583 831 1658 quisquis
846 1583 969 1640 verbum
982 1583 1090 1638 emittit

42 1674 155 1740 iratus,
169 1669 217 1725 vel
230 1669 319 1722 etiam
332 1683 498 1742 quenquam
511 1669 650 1738 percutit,
664 1685 724 1722 non
737 1675 837 1741 posset
849 1663 905 1721 hoc
918 1665 1026 1736 facere,
1043 1667 1089 1720 ni-

43 1756 71 1809 si
85 1754 195 1830 lingua
209 1760 239 1806 et
251 1767 356 1806 munus
375 1749 496 1804 iubente
515 1747 640 1824 quodam
659 1748 745 1804 ruodo
763 1750 917 1805 voluntate
935 1766 1091 1804 moveren-

43 1849 111 1893 tur:
140 1852 217 1910 quae
236 1832 380 1904 membra,
403 1833 491 1888 etiam
510 1851 576 1888 cum
596 1833 641 1888 ira
659 1833 739 1888 nulla
753 1840 809 1904 est,
823 1840 978 1887 moventru
991 1830 1091 1886 eadem

42 1922 213 1976 voluntate.
246 1915 286 1972 At
298 1933 370 1971 vero
383 1915 529 1992 genitales
543 1915 675 1989 corporis
689 1923 787 1988 partes
804 1915 845 1970 ita
860 1913 952 1970 libido
967 1932 1020 1970 suo
1035 1915 1092 1968 iuri

44 2002 177 2080 quodam
189 1999 275 2055 modo
288 1998 476 2071 mancipavit,
489 2007 522 2054 ut
533 2000 645 2054 moveri
656 2016 716 2054 non
730 1999 858 2067 valeant,
872 1997 898 2050 si
911 1998 975 2068 ipsa
990 1996 1090 2051 defuc-

43 2089 97 2158 rit,
111 2095 141 2141 et
157 2083 217 2141 nisi
229 2084 294 2157 ipsa
304 2082 352 2138 vel
365 2082 444 2136 ultro
457 2083 506 2136 vel
520 2082 648 2136 excitata
661 2081 834 2136 surrexerit.
877 2075 942 2134 Hoc
958 2077 1093 2150 estquod

41 2169 147 2245 pudet,
163 2165 220 2222 hoc
231 2171 275 2220 est
286 2163 362 2239 quod
372 2163 551 2220 intuentium
564 2165 666 2220 oculos
681 2159 880 2218 erubescendo
893 2159 1017 2215 devitat:
1031 2176 1092 2214 ma-

43 2255 153 2331 gisque
179 2249 239 2306 fert
261 2245 346 2304 homo
369 2247 565 2319 spectantium
583 2245 819 2314 multitudinem,
845 2242 962 2318 quando
982 2243 1093 2298 iniuste

42 2336 188 2392 irascitur
203 2331 327 2402 homini,
342 2347 429 2406 quam
443 2330 529 2386 unius
543 2329 711 2404 adspectum
725 2338 754 2384 et
768 2326 885 2402 quando
898 2328 974 2382 iuste
988 2326 1092 2383 ulisce-

43 2431 93 2477 tur
107 2435 210 2476 uxori.

443 2561 565 2620 CAP.
609 2557 695 2614 XX.

291 2659 334 2712 De
344 2656 488 2710 cunirrimu
504 2655 674 2722 turpitudine
686 2653 854 2724 Cynicorum.

111 2753 182 2812 lloc
202 2752 247 2807 illi
265 2750 364 2806 canini
382 2743 560 2822 philosophi,
584 2742 639 2800 hcc
658 2755 703 2802 est
720 2743 840 2820 Cynici,
867 2759 927 2800 non
945 2739 1095 2811 viderunt,

45 2840 238 2917 proferentes
254 2842 357 2890 contra
370 2830 528 2886 humanam
540 2827 844 2908 verecundiamquid
854 2823 936 2882 aliud
945 2841 1032 2899 quem
1046 2841 1095 2880 co-

47 2927 168 2992 ninam,
178 2918 234 2976 hoc
248 2925 304 2986 est,
318 2913 493 2970 immundam
508 2911 760 2987 impudentemque
775 2905 970 2968 sententiam?
992 2917 1026 2964 ut
1038 2909 1097 2964 sci·

45 3011 122 3064 licet
135 3004 276 3080 quoniam
289 3001 399 3055 iustum
414 3006 457 3057 est
470 2995 547 3072 quod
561 2995 595 3052 fit
608 2997 639 3052 in
654 3013 758 3065 uxore,
772 2997 868 3069 pelam
877 3013 937 3051 non
948 2992 1056 3068 pudeat
1068 2989 1098 3046 id

45 3103 159 3170 agere3
195 3104 250 3142 nec
269 3085 302 3140 in
319 3082 386 3138 vico
409 3089 459 3136 aut
479 3081 574 3152 platea
600 3079 726 3153 qualibet
749 3079 935 3156 coniugalem
959 3075 1098 3134 concubi-

46 3186 113 3232 tum
127 3169 272 3226 devitare.
295 3165 374 3220 Vicit
386 3173 484 3219 tamen
498 3162 590 3235 pudor
604 3164 748 3220 naturalis
762 3163 934 3235 opinionem
946 3157 1035 3214 huius
1051 3175 1098 3214 er·

48 3259 141 3314 roris.
176 3251 250 3308 Nam
266 3251 322 3306 etsi
334 3245 498 3322 perhibent,
518 3243 572 3300 hoc
586 3245 742 3319 aliquando
756 3242 980 3318 gloriabundum
993 3239 1099 3295 iecisse

48 3342 235 3416 Diogenem,
250 3335 457 3407 imputantem
472 3335 578 3384 sectam
595 3345 676 3384 suam
690 3326 865 3384 nobiliorem
877 3324 1015 3392 futuram,
1029 3323 1100 3376 siin

47 3424 211 3480 hominum
224 3415 364 3472 memoria
377 3411 523 3488 insignior
542 3411 604 3466 eius
622 3407 800 3484 impudentia
818 3407 971 3482 figeretur:
999 3415 1101 3476 postea

48 3519 156 3564 tamen
177 3497 328 3575 aCynicis
349 3495 414 3552 fieri
435 3501 579 3550 cessatum
600 3503 660 3565 est3
681 3493 803 3566 plusque
823 3489 916 3545 valuit
934 3484 1042 3558 pudor,
1069 3491 1101 3537 ut

49 3587 269 3646 erubescerent
281 3579 414 3639 honrincs
427 3575 610 3647 bominibus,
630 3593 718 3650 quem
731 3590 831 3642 error,
857 3578 891 3625 ut
903 3567 1037 3622 homines
1052 3583 1101 3620 ea·

47 3672 144 3730 nibus
161 3685 227 3724 esse
239 3665 349 3720 similes
363 3659 543 3718 affectarent.
580 3657 662 3714 Vnde
676 3667 705 3712 et
720 3657 801 3712 illum
815 3653 863 3712 vel
875 3653 957 3719 illos,
984 3649 1034 3722 qui
1046 3645 1102 3702 hoc

47 3755 165 3812 iecisse
178 3748 361 3818 referuntur,
374 3745 469 3820 potius
484 3740 610 3800 arbitror
625 3736 881 3798 concumbentium
893 3740 989 3789 motus
1003 3729 1100 3788 dedis·

49 3858 82 3896 se
99 3836 197 3894 oculis
212 3831 365 3888 hominum
380 3825 572 3884 nescientium
587 3823 657 3899 quid
670 3821 723 3878 sub
737 3821 825 3896 pallio
839 3825 1002 3898 gereretur,
1017 3833 1102 3890 quam
