<?xml version="1.0" encoding="UTF-8"?>
<!DOCTYPE html PUBLIC "-//W3C//DTD XHTML 1.0 Transitional//EN"
    "http://www.w3.org/TR/xhtml1/DTD/xhtml1-transitional.dtd">
<html xmlns="http://www.w3.org/1999/xhtml" xml:lang="en" lang="en">
 <head>
  <title>
</title>
<meta http-equiv="Content-Type" content="text/html;charset=utf-8" />
  <meta name='ocr-system' content='tesseract 3.04.00' />
  <meta name='ocr-capabilities' content='ocr_page ocr_carea ocr_par ocr_line ocrx_word'/>
</head>
<body>
  <div class='ocr_page' id='page_1' title='image "./saureliiaugusti02augugoog_0173.png"; bbox 0 0 2586 4396; ppageno 0'>
   <div class='ocr_carea' id='block_1_1' title="bbox 202 109 1015 226">
    <p class='ocr_par' dir='ltr' id='par_1_1' title="bbox 202 109 1015 226">
     <span class='ocr_line' id='line_1_1' title="bbox 202 109 1015 226; baseline -0.015 -10"><span class='ocrx_word' id='word_1_1' title='bbox 202 161 260 226; x_wconf 83' lang='lat' dir='ltr'>raa</span> <span class='ocrx_word' id='word_1_2' title='bbox 427 151 525 211; x_wconf 85' lang='lat' dir='ltr'>nrvr</span> <span class='ocrx_word' id='word_1_3' title='bbox 550 148 737 208; x_wconf 81' lang='lat' dir='ltr'>svnnnu</span> <span class='ocrx_word' id='word_1_4' title='bbox 763 109 1015 207; x_wconf 57' lang='lat' dir='ltr'>sve&#39;vsrmr</span> 
     </span>
    </p>
   </div>
   <div class='ocr_carea' id='block_1_2' title="bbox 197 300 1250 3865">
    <p class='ocr_par' dir='ltr' id='par_1_2' title="bbox 197 300 1250 1297">
     <span class='ocr_line' id='line_1_2' title="bbox 197 300 1249 385; baseline -0.004 -20"><span class='ocrx_word' id='word_1_5' title='bbox 197 311 300 385; x_wconf 90' lang='lat' dir='ltr'>pulsus</span> <span class='ocrx_word' id='word_1_6' title='bbox 315 315 370 379; x_wconf 91' lang='lat' dir='ltr'>est,</span> <span class='ocrx_word' id='word_1_7' title='bbox 388 314 417 360; x_wconf 92' lang='lat' dir='ltr'>et</span> <span class='ocrx_word' id='word_1_8' title='bbox 432 303 633 360; x_wconf 86' lang='lat' dir='ltr'>ecelesiastica</span> <span class='ocrx_word' id='word_1_9' title='bbox 646 302 791 358; x_wconf 72' lang='lat' dir='ltr'>eoircitus</span> <span class='ocrx_word' id='word_1_10' title='bbox 806 300 976 375; x_wconf 79' lang='lat' dir='ltr'>disciplina,</span> <span class='ocrx_word' id='word_1_11' title='bbox 1001 302 1044 358; x_wconf 91' lang='lat' dir='ltr'>sie</span> <span class='ocrx_word' id='word_1_12' title='bbox 1059 304 1249 380; x_wconf 79' lang='lat' dir='ltr'>egit-poeni-</span> 
     </span>
     <span class='ocr_line' id='line_1_3' title="bbox 199 382 1250 462; baseline -0.006 -14"><span class='ocrx_word' id='word_1_13' title='bbox 199 393 338 462; x_wconf 89' lang='lat' dir='ltr'>tentiam,</span> <span class='ocrx_word' id='word_1_14' title='bbox 365 399 398 445; x_wconf 94' lang='lat' dir='ltr'>ut</span> <span class='ocrx_word' id='word_1_15' title='bbox 414 387 632 462; x_wconf 80' lang='lat' dir='ltr'>imperatoriam</span> <span class='ocrx_word' id='word_1_16' title='bbox 651 382 855 441; x_wconf 76' lang='lat' dir='ltr'>celsitudinem</span> <span class='ocrx_word' id='word_1_17' title='bbox 873 401 926 458; x_wconf 93' lang='lat' dir='ltr'>pro</span> <span class='ocrx_word' id='word_1_18' title='bbox 945 385 997 439; x_wconf 93' lang='lat' dir='ltr'>illo</span> <span class='ocrx_word' id='word_1_19' title='bbox 1010 388 1134 458; x_wconf 89' lang='lat' dir='ltr'>populus</span> <span class='ocrx_word' id='word_1_20' title='bbox 1150 405 1250 444; x_wconf 89' lang='lat' dir='ltr'>orans</span> 
     </span>
     <span class='ocr_line' id='line_1_4' title="bbox 200 465 1248 551; baseline -0.005 -21"><span class='ocrx_word' id='word_1_21' title='bbox 200 476 293 551; x_wconf 89' lang='lat' dir='ltr'>magis</span> <span class='ocrx_word' id='word_1_22' title='bbox 307 471 393 528; x_wconf 87' lang='lat' dir='ltr'>fleret</span> <span class='ocrx_word' id='word_1_23' title='bbox 405 469 531 528; x_wconf 89' lang='lat' dir='ltr'>videndo</span> <span class='ocrx_word' id='word_1_24' title='bbox 550 477 742 544; x_wconf 78' lang='lat' dir='ltr'>prostratam,</span> <span class='ocrx_word' id='word_1_25' title='bbox 770 483 855 541; x_wconf 93' lang='lat' dir='ltr'>quam</span> <span class='ocrx_word' id='word_1_26' title='bbox 874 465 1021 540; x_wconf 85' lang='lat' dir='ltr'>peccando</span> <span class='ocrx_word' id='word_1_27' title='bbox 1039 469 1158 524; x_wconf 88' lang='lat' dir='ltr'>timeret</span> <span class='ocrx_word' id='word_1_28' title='bbox 1179 471 1248 526; x_wconf 92' lang='lat' dir='ltr'>ira-</span> 
     </span>
     <span class='ocr_line' id='line_1_5' title="bbox 198 550 1247 626; baseline -0.005 -13"><span class='ocrx_word' id='word_1_29' title='bbox 198 553 274 613; x_wconf 71' lang='lat' dir='ltr'>tami</span> <span class='ocrx_word' id='word_1_30' title='bbox 300 555 383 612; x_wconf 89' lang='lat' dir='ltr'>Hace</span> <span class='ocrx_word' id='word_1_31' title='bbox 396 557 446 611; x_wconf 91' lang='lat' dir='ltr'>ille</span> <span class='ocrx_word' id='word_1_32' title='bbox 460 571 575 623; x_wconf 89' lang='lat' dir='ltr'>secum,</span> <span class='ocrx_word' id='word_1_33' title='bbox 601 561 631 607; x_wconf 92' lang='lat' dir='ltr'>et</span> <span class='ocrx_word' id='word_1_34' title='bbox 647 553 674 606; x_wconf 95' lang='lat' dir='ltr'>si</span> <span class='ocrx_word' id='word_1_35' title='bbox 692 568 749 626; x_wconf 89' lang='lat' dir='ltr'>qua</span> <span class='ocrx_word' id='word_1_36' title='bbox 764 550 886 620; x_wconf 80' lang='lat' dir='ltr'>similia,</span> <span class='ocrx_word' id='word_1_37' title='bbox 913 567 987 624; x_wconf 90' lang='lat' dir='ltr'>quae</span> <span class='ocrx_word' id='word_1_38' title='bbox 1009 569 1247 609; x_wconf 86' lang='lat' dir='ltr'>commemorare</span> 
     </span>
     <span class='ocr_line' id='line_1_6' title="bbox 197 635 1245 716; baseline -0.004 -21"><span class='ocrx_word' id='word_1_39' title='bbox 197 643 318 716; x_wconf 90' lang='lat' dir='ltr'>longum</span> <span class='ocrx_word' id='word_1_40' title='bbox 332 648 391 710; x_wconf 86' lang='lat' dir='ltr'>est,</span> <span class='ocrx_word' id='word_1_41' title='bbox 411 639 488 694; x_wconf 87' lang='lat' dir='ltr'>bona</span> <span class='ocrx_word' id='word_1_42' title='bbox 501 653 590 708; x_wconf 91' lang='lat' dir='ltr'>opera</span> <span class='ocrx_word' id='word_1_43' title='bbox 603 635 683 706; x_wconf 89' lang='lat' dir='ltr'>tulit,</span> <span class='ocrx_word' id='word_1_44' title='bbox 704 651 742 690; x_wconf 82' lang='lat' dir='ltr'>ex</span> <span class='ocrx_word' id='word_1_45' title='bbox 754 635 812 689; x_wconf 90' lang='lat' dir='ltr'>isto</span> <span class='ocrx_word' id='word_1_46' title='bbox 826 635 981 706; x_wconf 86' lang='lat' dir='ltr'>temporali</span> <span class='ocrx_word' id='word_1_47' title='bbox 993 651 1101 708; x_wconf 87' lang='lat' dir='ltr'>vapore</span> <span class='ocrx_word' id='word_1_48' title='bbox 1114 636 1245 691; x_wconf 83' lang='lat' dir='ltr'>cuiusli-</span> 
     </span>
     <span class='ocr_line' id='line_1_7' title="bbox 198 715 1246 792; baseline -0.004 -14"><span class='ocrx_word' id='word_1_49' title='bbox 198 724 248 779; x_wconf 85' lang='lat' dir='ltr'>bet</span> <span class='ocrx_word' id='word_1_50' title='bbox 261 723 396 779; x_wconf 90' lang='lat' dir='ltr'>culminis</span> <span class='ocrx_word' id='word_1_51' title='bbox 411 729 440 776; x_wconf 89' lang='lat' dir='ltr'>et</span> <span class='ocrx_word' id='word_1_52' title='bbox 453 718 640 774; x_wconf 83' lang='lat' dir='ltr'>sublimitatis</span> <span class='ocrx_word' id='word_1_53' title='bbox 659 715 816 786; x_wconf 86' lang='lat' dir='ltr'>humanac;</span> <span class='ocrx_word' id='word_1_54' title='bbox 843 734 965 791; x_wconf 91' lang='lat' dir='ltr'>quorum</span> <span class='ocrx_word' id='word_1_55' title='bbox 983 720 1105 792; x_wconf 86' lang='lat' dir='ltr'>operum</span> <span class='ocrx_word' id='word_1_56' title='bbox 1123 737 1246 776; x_wconf 82' lang='lat' dir='ltr'>meroes</span> 
     </span>
     <span class='ocr_line' id='line_1_8' title="bbox 199 797 1244 876; baseline -0.004 -15"><span class='ocrx_word' id='word_1_57' title='bbox 199 815 245 862; x_wconf 89' lang='lat' dir='ltr'>cst</span> <span class='ocrx_word' id='word_1_58' title='bbox 258 815 379 860; x_wconf 89' lang='lat' dir='ltr'>aeterna</span> <span class='ocrx_word' id='word_1_59' title='bbox 398 803 540 872; x_wconf 87' lang='lat' dir='ltr'>felicitas,</span> <span class='ocrx_word' id='word_1_60' title='bbox 567 803 651 858; x_wconf 89' lang='lat' dir='ltr'>euius</span> <span class='ocrx_word' id='word_1_61' title='bbox 666 800 751 856; x_wconf 88' lang='lat' dir='ltr'>dator</span> <span class='ocrx_word' id='word_1_62' title='bbox 767 807 811 854; x_wconf 88' lang='lat' dir='ltr'>est</span> <span class='ocrx_word' id='word_1_63' title='bbox 824 797 906 854; x_wconf 90' lang='lat' dir='ltr'>Deus</span> <span class='ocrx_word' id='word_1_64' title='bbox 925 801 996 854; x_wconf 91' lang='lat' dir='ltr'>solis</span> <span class='ocrx_word' id='word_1_65' title='bbox 1009 803 1156 857; x_wconf 85' lang='lat' dir='ltr'>veraciter</span> <span class='ocrx_word' id='word_1_66' title='bbox 1169 803 1244 876; x_wconf 80' lang='lat' dir='ltr'>piis.</span> 
     </span>
     <span class='ocr_line' id='line_1_9' title="bbox 199 881 1246 961; baseline -0.004 -16"><span class='ocrx_word' id='word_1_67' title='bbox 199 889 324 945; x_wconf 85' lang='lat' dir='ltr'>Caetera</span> <span class='ocrx_word' id='word_1_68' title='bbox 336 906 407 944; x_wconf 87' lang='lat' dir='ltr'>vcro</span> <span class='ocrx_word' id='word_1_69' title='bbox 421 887 500 942; x_wconf 88' lang='lat' dir='ltr'>vitae</span> <span class='ocrx_word' id='word_1_70' title='bbox 513 883 600 940; x_wconf 90' lang='lat' dir='ltr'>huius</span> <span class='ocrx_word' id='word_1_71' title='bbox 614 887 662 940; x_wconf 90' lang='lat' dir='ltr'>vel</span> <span class='ocrx_word' id='word_1_72' title='bbox 679 885 800 961; x_wconf 86' lang='lat' dir='ltr'>fastigia</span> <span class='ocrx_word' id='word_1_73' title='bbox 818 883 866 938; x_wconf 86' lang='lat' dir='ltr'>vel</span> <span class='ocrx_word' id='word_1_74' title='bbox 881 881 1026 954; x_wconf 85' lang='lat' dir='ltr'>subsidia,</span> <span class='ocrx_word' id='word_1_75' title='bbox 1052 885 1128 940; x_wconf 90' lang='lat' dir='ltr'>sicut</span> <span class='ocrx_word' id='word_1_76' title='bbox 1142 885 1246 958; x_wconf 90' lang='lat' dir='ltr'>ipsum</span> 
     </span>
     <span class='ocr_line' id='line_1_10' title="bbox 198 965 1244 1042; baseline -0.002 -17"><span class='ocrx_word' id='word_1_77' title='bbox 198 970 349 1041; x_wconf 89' lang='lat' dir='ltr'>mundum,</span> <span class='ocrx_word' id='word_1_78' title='bbox 363 973 469 1040; x_wconf 89' lang='lat' dir='ltr'>lucem,</span> <span class='ocrx_word' id='word_1_79' title='bbox 483 985 580 1038; x_wconf 87' lang='lat' dir='ltr'>auras,</span> <span class='ocrx_word' id='word_1_80' title='bbox 594 977 700 1039; x_wconf 90' lang='lat' dir='ltr'>terras,</span> <span class='ocrx_word' id='word_1_81' title='bbox 715 983 816 1040; x_wconf 87' lang='lat' dir='ltr'>aquas,</span> <span class='ocrx_word' id='word_1_82' title='bbox 834 965 958 1038; x_wconf 88' lang='lat' dir='ltr'>fructus,</span> <span class='ocrx_word' id='word_1_83' title='bbox 978 967 1131 1042; x_wconf 74' lang='lat' dir='ltr'>ipsiusque</span> <span class='ocrx_word' id='word_1_84' title='bbox 1142 965 1244 1023; x_wconf 83' lang='lat' dir='ltr'>honri·</span> 
     </span>
     <span class='ocr_line' id='line_1_11' title="bbox 199 1049 1247 1126; baseline -0.003 -17"><span class='ocrx_word' id='word_1_85' title='bbox 199 1056 246 1109; x_wconf 90' lang='lat' dir='ltr'>nis</span> <span class='ocrx_word' id='word_1_86' title='bbox 259 1055 397 1124; x_wconf 90' lang='lat' dir='ltr'>animam,</span> <span class='ocrx_word' id='word_1_87' title='bbox 425 1070 542 1126; x_wconf 90' lang='lat' dir='ltr'>corpus,</span> <span class='ocrx_word' id='word_1_88' title='bbox 563 1069 677 1122; x_wconf 91' lang='lat' dir='ltr'>sensus,</span> <span class='ocrx_word' id='word_1_89' title='bbox 704 1058 842 1119; x_wconf 85' lang='lat' dir='ltr'>mentem,</span> <span class='ocrx_word' id='word_1_90' title='bbox 869 1049 971 1120; x_wconf 84' lang='lat' dir='ltr'>vitam,</span> <span class='ocrx_word' id='word_1_91' title='bbox 996 1050 1080 1105; x_wconf 90' lang='lat' dir='ltr'>bonis</span> <span class='ocrx_word' id='word_1_92' title='bbox 1094 1051 1247 1125; x_wconf 83' lang='lat' dir='ltr'>malisque</span> 
     </span>
     <span class='ocr_line' id='line_1_12' title="bbox 198 1131 1243 1215; baseline -0.001 -24"><span class='ocrx_word' id='word_1_93' title='bbox 198 1139 337 1215; x_wconf 85' lang='lat' dir='ltr'>largitur:</span> <span class='ocrx_word' id='word_1_94' title='bbox 351 1139 383 1192; x_wconf 93' lang='lat' dir='ltr'>in</span> <span class='ocrx_word' id='word_1_95' title='bbox 397 1136 501 1211; x_wconf 93' lang='lat' dir='ltr'>quibus</span> <span class='ocrx_word' id='word_1_96' title='bbox 516 1143 561 1190; x_wconf 89' lang='lat' dir='ltr'>est</span> <span class='ocrx_word' id='word_1_97' title='bbox 575 1135 662 1190; x_wconf 87' lang='lat' dir='ltr'>etiam</span> <span class='ocrx_word' id='word_1_98' title='bbox 673 1133 820 1208; x_wconf 88' lang='lat' dir='ltr'>quaelibet</span> <span class='ocrx_word' id='word_1_99' title='bbox 829 1132 945 1206; x_wconf 80' lang='lat' dir='ltr'>imperii</span> <span class='ocrx_word' id='word_1_100' title='bbox 954 1131 1137 1210; x_wconf 82' lang='lat' dir='ltr'>magnitudo,</span> <span class='ocrx_word' id='word_1_101' title='bbox 1151 1152 1243 1209; x_wconf 89' lang='lat' dir='ltr'>quam</span> 
     </span>
     <span class='ocr_line' id='line_1_13' title="bbox 199 1217 828 1297; baseline -0.005 -23"><span class='ocrx_word' id='word_1_102' title='bbox 199 1237 251 1292; x_wconf 92' lang='lat' dir='ltr'>pro</span> <span class='ocrx_word' id='word_1_103' title='bbox 264 1229 430 1294; x_wconf 89' lang='lat' dir='ltr'>temporum</span> <span class='ocrx_word' id='word_1_104' title='bbox 442 1219 656 1297; x_wconf 77' lang='lat' dir='ltr'>gubernatione</span> <span class='ocrx_word' id='word_1_105' title='bbox 669 1217 828 1291; x_wconf 89' lang='lat' dir='ltr'>dispensat.</span> 
     </span>
    </p>

    <p class='ocr_par' dir='ltr' id='par_1_3' title="bbox 197 1298 1243 3865">
     <span class='ocr_line' id='line_1_14' title="bbox 262 1298 1243 1376; baseline -0.002 -18"><span class='ocrx_word' id='word_1_106' title='bbox 262 1303 391 1358; x_wconf 89' lang='lat' dir='ltr'>Proinde</span> <span class='ocrx_word' id='word_1_107' title='bbox 404 1305 464 1359; x_wconf 92' lang='lat' dir='ltr'>iam</span> <span class='ocrx_word' id='word_1_108' title='bbox 477 1303 566 1358; x_wconf 87' lang='lat' dir='ltr'>etiam</span> <span class='ocrx_word' id='word_1_109' title='bbox 582 1302 642 1356; x_wconf 92' lang='lat' dir='ltr'>illis</span> <span class='ocrx_word' id='word_1_110' title='bbox 656 1298 893 1374; x_wconf 90' lang='lat' dir='ltr'>respondendum</span> <span class='ocrx_word' id='word_1_111' title='bbox 907 1317 972 1354; x_wconf 87' lang='lat' dir='ltr'>esse</span> <span class='ocrx_word' id='word_1_112' title='bbox 984 1299 1086 1372; x_wconf 89' lang='lat' dir='ltr'>video,</span> <span class='ocrx_word' id='word_1_113' title='bbox 1112 1301 1162 1376; x_wconf 90' lang='lat' dir='ltr'>qui</span> <span class='ocrx_word' id='word_1_114' title='bbox 1175 1319 1243 1356; x_wconf 89' lang='lat' dir='ltr'>ma-</span> 
     </span>
     <span class='ocr_line' id='line_1_15' title="bbox 199 1381 1243 1460; baseline -0.002 -18"><span class='ocrx_word' id='word_1_115' title='bbox 199 1386 400 1443; x_wconf 87' lang='lat' dir='ltr'>nifestissimis</span> <span class='ocrx_word' id='word_1_116' title='bbox 415 1386 611 1455; x_wconf 87' lang='lat' dir='ltr'>docmnentis,</span> <span class='ocrx_word' id='word_1_117' title='bbox 636 1385 740 1460; x_wconf 90' lang='lat' dir='ltr'>quibus</span> <span class='ocrx_word' id='word_1_118' title='bbox 755 1382 933 1455; x_wconf 86' lang='lat' dir='ltr'>ostenditur,</span> <span class='ocrx_word' id='word_1_119' title='bbox 951 1381 1030 1458; x_wconf 92' lang='lat' dir='ltr'>quod</span> <span class='ocrx_word' id='word_1_120' title='bbox 1043 1384 1079 1440; x_wconf 93' lang='lat' dir='ltr'>ad</span> <span class='ocrx_word' id='word_1_121' title='bbox 1092 1385 1150 1446; x_wconf 86' lang='lat' dir='ltr'>ista</span> <span class='ocrx_word' id='word_1_122' title='bbox 1162 1393 1243 1440; x_wconf 89' lang='lat' dir='ltr'>tem-</span> 
     </span>
     <span class='ocr_line' id='line_1_16' title="bbox 197 1464 1243 1544; baseline -0.004 -18"><span class='ocrx_word' id='word_1_123' title='bbox 197 1471 321 1544; x_wconf 88' lang='lat' dir='ltr'>poralia,</span> <span class='ocrx_word' id='word_1_124' title='bbox 336 1488 411 1544; x_wconf 92' lang='lat' dir='ltr'>quae</span> <span class='ocrx_word' id='word_1_125' title='bbox 425 1471 487 1525; x_wconf 89' lang='lat' dir='ltr'>sola</span> <span class='ocrx_word' id='word_1_126' title='bbox 501 1469 585 1524; x_wconf 92' lang='lat' dir='ltr'>stulti</span> <span class='ocrx_word' id='word_1_127' title='bbox 596 1465 703 1524; x_wconf 90' lang='lat' dir='ltr'>babere</span> <span class='ocrx_word' id='word_1_128' title='bbox 718 1468 942 1540; x_wconf 88' lang='lat' dir='ltr'>concupiscunt,</span> <span class='ocrx_word' id='word_1_129' title='bbox 961 1464 1036 1522; x_wconf 89' lang='lat' dir='ltr'>nihil</span> <span class='ocrx_word' id='word_1_130' title='bbox 1049 1467 1169 1524; x_wconf 90' lang='lat' dir='ltr'>deorum</span> <span class='ocrx_word' id='word_1_131' title='bbox 1182 1467 1243 1523; x_wconf 92' lang='lat' dir='ltr'>fal-</span> 
     </span>
     <span class='ocr_line' id='line_1_17' title="bbox 199 1550 1242 1626; baseline 0 -20"><span class='ocrx_word' id='word_1_132' title='bbox 199 1570 298 1607; x_wconf 85' lang='lat' dir='ltr'>sorum</span> <span class='ocrx_word' id='word_1_133' title='bbox 312 1553 508 1618; x_wconf 89' lang='lat' dir='ltr'>numerositas</span> <span class='ocrx_word' id='word_1_134' title='bbox 521 1551 626 1624; x_wconf 82' lang='lat' dir='ltr'>prosit,</span> <span class='ocrx_word' id='word_1_135' title='bbox 641 1550 787 1606; x_wconf 91' lang='lat' dir='ltr'>confutati</span> <span class='ocrx_word' id='word_1_136' title='bbox 799 1560 885 1626; x_wconf 87' lang='lat' dir='ltr'>atquc</span> <span class='ocrx_word' id='word_1_137' title='bbox 897 1551 1025 1607; x_wconf 88' lang='lat' dir='ltr'>convicti</span> <span class='ocrx_word' id='word_1_138' title='bbox 1035 1558 1179 1606; x_wconf 88' lang='lat' dir='ltr'>conantur</span> <span class='ocrx_word' id='word_1_139' title='bbox 1190 1569 1242 1606; x_wconf 90' lang='lat' dir='ltr'>as-</span> 
     </span>
     <span class='ocr_line' id='line_1_18' title="bbox 200 1632 1243 1709; baseline 0.001 -20"><span class='ocrx_word' id='word_1_140' title='bbox 200 1653 310 1705; x_wconf 88' lang='lat' dir='ltr'>serere,</span> <span class='ocrx_word' id='word_1_141' title='bbox 324 1654 387 1690; x_wconf 90' lang='lat' dir='ltr'>non</span> <span class='ocrx_word' id='word_1_142' title='bbox 399 1643 519 1708; x_wconf 89' lang='lat' dir='ltr'>propter</span> <span class='ocrx_word' id='word_1_143' title='bbox 530 1635 609 1689; x_wconf 91' lang='lat' dir='ltr'>vitae</span> <span class='ocrx_word' id='word_1_144' title='bbox 619 1635 785 1709; x_wconf 87' lang='lat' dir='ltr'>praesentis</span> <span class='ocrx_word' id='word_1_145' title='bbox 798 1635 964 1704; x_wconf 91' lang='lat' dir='ltr'>utilitatem,</span> <span class='ocrx_word' id='word_1_146' title='bbox 978 1632 1030 1688; x_wconf 88' lang='lat' dir='ltr'>sed</span> <span class='ocrx_word' id='word_1_147' title='bbox 1042 1643 1161 1708; x_wconf 89' lang='lat' dir='ltr'>propter</span> <span class='ocrx_word' id='word_1_148' title='bbox 1174 1652 1243 1690; x_wconf 90' lang='lat' dir='ltr'>eam</span> 
     </span>
     <span class='ocr_line' id='line_1_19' title="bbox 199 1712 1242 1792; baseline 0.002 -20"><span class='ocrx_word' id='word_1_149' title='bbox 199 1735 275 1792; x_wconf 87' lang='lat' dir='ltr'>quac</span> <span class='ocrx_word' id='word_1_150' title='bbox 287 1726 492 1791; x_wconf 88' lang='lat' dir='ltr'>postmortem</span> <span class='ocrx_word' id='word_1_151' title='bbox 505 1717 606 1772; x_wconf 91' lang='lat' dir='ltr'>futura</span> <span class='ocrx_word' id='word_1_152' title='bbox 620 1727 675 1789; x_wconf 90' lang='lat' dir='ltr'>est,</span> <span class='ocrx_word' id='word_1_153' title='bbox 690 1735 755 1774; x_wconf 88' lang='lat' dir='ltr'>esse</span> <span class='ocrx_word' id='word_1_154' title='bbox 769 1717 906 1774; x_wconf 87' lang='lat' dir='ltr'>colendos</span> <span class='ocrx_word' id='word_1_155' title='bbox 922 1716 1001 1772; x_wconf 85' lang='lat' dir='ltr'>deos.</span> <span class='ocrx_word' id='word_1_156' title='bbox 1020 1712 1096 1773; x_wconf 92' lang='lat' dir='ltr'>Nam</span> <span class='ocrx_word' id='word_1_157' title='bbox 1108 1717 1172 1772; x_wconf 91' lang='lat' dir='ltr'>istis</span> <span class='ocrx_word' id='word_1_158' title='bbox 1187 1720 1242 1792; x_wconf 91' lang='lat' dir='ltr'>qui</span> 
     </span>
     <span class='ocr_line' id='line_1_20' title="bbox 198 1799 1240 1874; baseline 0 -20"><span class='ocrx_word' id='word_1_159' title='bbox 198 1809 318 1874; x_wconf 90' lang='lat' dir='ltr'>propter</span> <span class='ocrx_word' id='word_1_160' title='bbox 335 1801 479 1856; x_wconf 85' lang='lat' dir='ltr'>amicitias</span> <span class='ocrx_word' id='word_1_161' title='bbox 497 1799 597 1856; x_wconf 91' lang='lat' dir='ltr'>mundi</span> <span class='ocrx_word' id='word_1_162' title='bbox 617 1799 702 1857; x_wconf 88' lang='lat' dir='ltr'>huius</span> <span class='ocrx_word' id='word_1_163' title='bbox 720 1803 824 1858; x_wconf 86' lang='lat' dir='ltr'>volunt</span> <span class='ocrx_word' id='word_1_164' title='bbox 842 1819 918 1857; x_wconf 86' lang='lat' dir='ltr'>vana</span> <span class='ocrx_word' id='word_1_165' title='bbox 937 1801 1050 1872; x_wconf 91' lang='lat' dir='ltr'>colere,</span> <span class='ocrx_word' id='word_1_166' title='bbox 1078 1809 1109 1855; x_wconf 88' lang='lat' dir='ltr'>et</span> <span class='ocrx_word' id='word_1_167' title='bbox 1126 1818 1188 1855; x_wconf 88' lang='lat' dir='ltr'>non</span> <span class='ocrx_word' id='word_1_168' title='bbox 1207 1819 1240 1854; x_wconf 91' lang='lat' dir='ltr'>se</span> 
     </span>
     <span class='ocr_line' id='line_1_21' title="bbox 198 1881 1240 1959; baseline 0.001 -21"><span class='ocrx_word' id='word_1_169' title='bbox 198 1884 329 1956; x_wconf 90' lang='lat' dir='ltr'>permitti</span> <span class='ocrx_word' id='word_1_170' title='bbox 345 1884 505 1957; x_wconf 88' lang='lat' dir='ltr'>puerilibus</span> <span class='ocrx_word' id='word_1_171' title='bbox 525 1883 659 1940; x_wconf 86' lang='lat' dir='ltr'>sensibus</span> <span class='ocrx_word' id='word_1_172' title='bbox 681 1893 913 1959; x_wconf 87' lang='lat' dir='ltr'>conqueruntur,</span> <span class='ocrx_word' id='word_1_173' title='bbox 939 1881 985 1939; x_wconf 89' lang='lat' dir='ltr'>his</span> <span class='ocrx_word' id='word_1_174' title='bbox 1005 1885 1134 1959; x_wconf 89' lang='lat' dir='ltr'>quinque</span> <span class='ocrx_word' id='word_1_175' title='bbox 1155 1883 1240 1939; x_wconf 90' lang='lat' dir='ltr'>libris</span> 
     </span>
     <span class='ocr_line' id='line_1_22' title="bbox 199 1965 1238 2040; baseline 0.003 -21"><span class='ocrx_word' id='word_1_176' title='bbox 199 1968 272 2020; x_wconf 89' lang='lat' dir='ltr'>satis</span> <span class='ocrx_word' id='word_1_177' title='bbox 286 1967 413 2022; x_wconf 87' lang='lat' dir='ltr'>arbitror</span> <span class='ocrx_word' id='word_1_178' title='bbox 426 1985 491 2021; x_wconf 88' lang='lat' dir='ltr'>esse</span> <span class='ocrx_word' id='word_1_179' title='bbox 504 1967 686 2040; x_wconf 84' lang='lat' dir='ltr'>responsum.</span> <span class='ocrx_word' id='word_1_180' title='bbox 701 1969 835 2033; x_wconf 80' lang='lat' dir='ltr'>Quorum</span> <span class='ocrx_word' id='word_1_181' title='bbox 847 1969 908 2021; x_wconf 82' lang='lat' dir='ltr'>tres</span> <span class='ocrx_word' id='word_1_182' title='bbox 922 1967 1035 2039; x_wconf 91' lang='lat' dir='ltr'>priores</span> <span class='ocrx_word' id='word_1_183' title='bbox 1050 1986 1116 2022; x_wconf 88' lang='lat' dir='ltr'>eum</span> <span class='ocrx_word' id='word_1_184' title='bbox 1130 1965 1238 2022; x_wconf 90' lang='lat' dir='ltr'>edidis-</span> 
     </span>
     <span class='ocr_line' id='line_1_23' title="bbox 200 2043 1239 2124; baseline 0.003 -22"><span class='ocrx_word' id='word_1_185' title='bbox 200 2065 273 2120; x_wconf 92' lang='lat' dir='ltr'>sem,</span> <span class='ocrx_word' id='word_1_186' title='bbox 294 2050 368 2105; x_wconf 90' lang='lat' dir='ltr'>etin</span> <span class='ocrx_word' id='word_1_187' title='bbox 382 2051 541 2105; x_wconf 87' lang='lat' dir='ltr'>multorum</span> <span class='ocrx_word' id='word_1_188' title='bbox 554 2051 687 2106; x_wconf 82' lang='lat' dir='ltr'>manibus</span> <span class='ocrx_word' id='word_1_189' title='bbox 702 2043 768 2106; x_wconf 84' lang='lat' dir='ltr'>esse</span> <span class='ocrx_word' id='word_1_190' title='bbox 782 2050 963 2123; x_wconf 85' lang='lat' dir='ltr'>coepissent,</span> <span class='ocrx_word' id='word_1_191' title='bbox 986 2049 1085 2105; x_wconf 87' lang='lat' dir='ltr'>audivi</span> <span class='ocrx_word' id='word_1_192' title='bbox 1098 2049 1239 2124; x_wconf 90' lang='lat' dir='ltr'>quosdam</span> 
     </span>
     <span class='ocr_line' id='line_1_24' title="bbox 198 2131 1238 2208; baseline 0 -20"><span class='ocrx_word' id='word_1_193' title='bbox 198 2133 300 2188; x_wconf 88' lang='lat' dir='ltr'>neseio</span> <span class='ocrx_word' id='word_1_194' title='bbox 314 2151 402 2206; x_wconf 90' lang='lat' dir='ltr'>quam</span> <span class='ocrx_word' id='word_1_195' title='bbox 416 2133 556 2188; x_wconf 88' lang='lat' dir='ltr'>adversus</span> <span class='ocrx_word' id='word_1_196' title='bbox 571 2152 621 2188; x_wconf 90' lang='lat' dir='ltr'>eos</span> <span class='ocrx_word' id='word_1_197' title='bbox 635 2133 860 2208; x_wconf 85' lang='lat' dir='ltr'>responsionem</span> <span class='ocrx_word' id='word_1_198' title='bbox 879 2131 1033 2188; x_wconf 89' lang='lat' dir='ltr'>scribendo</span> <span class='ocrx_word' id='word_1_199' title='bbox 1054 2151 1238 2206; x_wconf 87' lang='lat' dir='ltr'>praeparare.</span> 
     </span>
     <span class='ocr_line' id='line_1_25' title="bbox 199 2213 1239 2290; baseline 0.003 -21"><span class='ocrx_word' id='word_1_200' title='bbox 199 2213 316 2270; x_wconf 90' lang='lat' dir='ltr'>Deinde</span> <span class='ocrx_word' id='word_1_201' title='bbox 330 2215 367 2269; x_wconf 91' lang='lat' dir='ltr'>ad</span> <span class='ocrx_word' id='word_1_202' title='bbox 379 2235 426 2270; x_wconf 92' lang='lat' dir='ltr'>me</span> <span class='ocrx_word' id='word_1_203' title='bbox 439 2217 583 2290; x_wconf 91' lang='lat' dir='ltr'>perlatum</span> <span class='ocrx_word' id='word_1_204' title='bbox 597 2226 656 2287; x_wconf 90' lang='lat' dir='ltr'>est,</span> <span class='ocrx_word' id='word_1_205' title='bbox 681 2215 759 2290; x_wconf 90' lang='lat' dir='ltr'>quod</span> <span class='ocrx_word' id='word_1_206' title='bbox 772 2216 831 2270; x_wconf 92' lang='lat' dir='ltr'>iam</span> <span class='ocrx_word' id='word_1_207' title='bbox 843 2215 1033 2287; x_wconf 87' lang='lat' dir='ltr'>scripserint,</span> <span class='ocrx_word' id='word_1_208' title='bbox 1058 2214 1109 2270; x_wconf 90' lang='lat' dir='ltr'>sed</span> <span class='ocrx_word' id='word_1_209' title='bbox 1124 2224 1239 2290; x_wconf 84' lang='lat' dir='ltr'>tempus</span> 
     </span>
     <span class='ocr_line' id='line_1_26' title="bbox 200 2297 1238 2374; baseline 0.003 -22"><span class='ocrx_word' id='word_1_210' title='bbox 200 2306 354 2372; x_wconf 90' lang='lat' dir='ltr'>quaerant,</span> <span class='ocrx_word' id='word_1_211' title='bbox 375 2316 431 2374; x_wconf 90' lang='lat' dir='ltr'>quo</span> <span class='ocrx_word' id='word_1_212' title='bbox 446 2300 510 2354; x_wconf 86' lang='lat' dir='ltr'>sine</span> <span class='ocrx_word' id='word_1_213' title='bbox 524 2299 654 2372; x_wconf 87' lang='lat' dir='ltr'>periculo</span> <span class='ocrx_word' id='word_1_214' title='bbox 665 2301 780 2373; x_wconf 88' lang='lat' dir='ltr'>possint</span> <span class='ocrx_word' id='word_1_215' title='bbox 794 2297 889 2352; x_wconf 87' lang='lat' dir='ltr'>edere.</span> <span class='ocrx_word' id='word_1_216' title='bbox 916 2299 996 2364; x_wconf 74' lang='lat' dir='ltr'>Quos</span> <span class='ocrx_word' id='word_1_217' title='bbox 1010 2299 1162 2369; x_wconf 90' lang='lat' dir='ltr'>admoneo,</span> <span class='ocrx_word' id='word_1_218' title='bbox 1175 2317 1238 2355; x_wconf 91' lang='lat' dir='ltr'>non</span> 
     </span>
     <span class='ocr_line' id='line_1_27' title="bbox 199 2377 1239 2456; baseline 0.002 -20"><span class='ocrx_word' id='word_1_219' title='bbox 199 2389 302 2454; x_wconf 89' lang='lat' dir='ltr'>optent</span> <span class='ocrx_word' id='word_1_220' title='bbox 313 2380 392 2456; x_wconf 93' lang='lat' dir='ltr'>quod</span> <span class='ocrx_word' id='word_1_221' title='bbox 407 2383 450 2438; x_wconf 90' lang='lat' dir='ltr'>eis</span> <span class='ocrx_word' id='word_1_222' title='bbox 464 2400 526 2438; x_wconf 92' lang='lat' dir='ltr'>non</span> <span class='ocrx_word' id='word_1_223' title='bbox 540 2382 666 2454; x_wconf 85' lang='lat' dir='ltr'>expedit.</span> <span class='ocrx_word' id='word_1_224' title='bbox 705 2381 805 2437; x_wconf 88' lang='lat' dir='ltr'>Facile</span> <span class='ocrx_word' id='word_1_225' title='bbox 825 2390 871 2436; x_wconf 88' lang='lat' dir='ltr'>est</span> <span class='ocrx_word' id='word_1_226' title='bbox 891 2377 970 2437; x_wconf 87' lang='lat' dir='ltr'>euim</span> <span class='ocrx_word' id='word_1_227' title='bbox 989 2383 1126 2456; x_wconf 86' lang='lat' dir='ltr'>cuiquam</span> <span class='ocrx_word' id='word_1_228' title='bbox 1142 2381 1239 2440; x_wconf 88' lang='lat' dir='ltr'>videri</span> 
     </span>
     <span class='ocr_line' id='line_1_28' title="bbox 199 2463 1237 2540; baseline 0.002 -22"><span class='ocrx_word' id='word_1_229' title='bbox 199 2465 398 2538; x_wconf 89' lang='lat' dir='ltr'>respondisse,</span> <span class='ocrx_word' id='word_1_230' title='bbox 413 2467 464 2540; x_wconf 91' lang='lat' dir='ltr'>qui</span> <span class='ocrx_word' id='word_1_231' title='bbox 476 2474 575 2520; x_wconf 87' lang='lat' dir='ltr'>tacere</span> <span class='ocrx_word' id='word_1_232' title='bbox 590 2465 695 2520; x_wconf 91' lang='lat' dir='ltr'>noluit.</span> <span class='ocrx_word' id='word_1_233' title='bbox 709 2465 770 2520; x_wconf 84' lang='lat' dir='ltr'>Aut</span> <span class='ocrx_word' id='word_1_234' title='bbox 783 2463 853 2539; x_wconf 91' lang='lat' dir='ltr'>quid</span> <span class='ocrx_word' id='word_1_235' title='bbox 867 2473 913 2520; x_wconf 92' lang='lat' dir='ltr'>est</span> <span class='ocrx_word' id='word_1_236' title='bbox 923 2465 1074 2539; x_wconf 87' lang='lat' dir='ltr'>loquacius</span> <span class='ocrx_word' id='word_1_237' title='bbox 1088 2463 1237 2520; x_wconf 64' lang='lat' dir='ltr'>vanitate?</span> 
     </span>
     <span class='ocr_line' id='line_1_29' title="bbox 199 2547 1236 2623; baseline 0.002 -21"><span class='ocrx_word' id='word_1_238' title='bbox 199 2549 280 2614; x_wconf 77' lang='lat' dir='ltr'>Quae</span> <span class='ocrx_word' id='word_1_239' title='bbox 294 2567 355 2605; x_wconf 90' lang='lat' dir='ltr'>non</span> <span class='ocrx_word' id='word_1_240' title='bbox 369 2548 435 2603; x_wconf 90' lang='lat' dir='ltr'>ideo</span> <span class='ocrx_word' id='word_1_241' title='bbox 449 2557 548 2622; x_wconf 91' lang='lat' dir='ltr'>potest</span> <span class='ocrx_word' id='word_1_242' title='bbox 561 2547 638 2623; x_wconf 89' lang='lat' dir='ltr'>quod</span> <span class='ocrx_word' id='word_1_243' title='bbox 652 2549 770 2618; x_wconf 88' lang='lat' dir='ltr'>veritas,</span> <span class='ocrx_word' id='word_1_244' title='bbox 794 2548 862 2623; x_wconf 89' lang='lat' dir='ltr'>quia</span> <span class='ocrx_word' id='word_1_245' title='bbox 876 2549 902 2603; x_wconf 93' lang='lat' dir='ltr'>si</span> <span class='ocrx_word' id='word_1_246' title='bbox 915 2549 1052 2619; x_wconf 80' lang='lat' dir='ltr'>voluerit,</span> <span class='ocrx_word' id='word_1_247' title='bbox 1072 2549 1160 2602; x_wconf 83' lang='lat' dir='ltr'>ctiam</span> <span class='ocrx_word' id='word_1_248' title='bbox 1171 2550 1236 2621; x_wconf 86' lang='lat' dir='ltr'>plus</span> 
     </span>
     <span class='ocr_line' id='line_1_30' title="bbox 198 2629 1236 2708; baseline 0.001 -23"><span class='ocrx_word' id='word_1_249' title='bbox 198 2640 296 2704; x_wconf 91' lang='lat' dir='ltr'>potest</span> <span class='ocrx_word' id='word_1_250' title='bbox 311 2634 438 2688; x_wconf 89' lang='lat' dir='ltr'>clamare</span> <span class='ocrx_word' id='word_1_251' title='bbox 454 2650 541 2705; x_wconf 89' lang='lat' dir='ltr'>quarn</span> <span class='ocrx_word' id='word_1_252' title='bbox 557 2632 677 2688; x_wconf 84' lang='lat' dir='ltr'>veritas.</span> <span class='ocrx_word' id='word_1_253' title='bbox 707 2629 767 2687; x_wconf 88' lang='lat' dir='ltr'>Sed</span> <span class='ocrx_word' id='word_1_254' title='bbox 786 2630 976 2686; x_wconf 86' lang='lat' dir='ltr'>considerent</span> <span class='ocrx_word' id='word_1_255' title='bbox 994 2632 1091 2686; x_wconf 89' lang='lat' dir='ltr'>omnia</span> <span class='ocrx_word' id='word_1_256' title='bbox 1110 2631 1236 2708; x_wconf 90' lang='lat' dir='ltr'>diligen-</span> 
     </span>
     <span class='ocr_line' id='line_1_31' title="bbox 198 2713 1235 2789; baseline 0 -21"><span class='ocrx_word' id='word_1_257' title='bbox 198 2722 258 2770; x_wconf 88' lang='lat' dir='ltr'>ter:</span> <span class='ocrx_word' id='word_1_258' title='bbox 273 2717 342 2770; x_wconf 89' lang='lat' dir='ltr'>etsi</span> <span class='ocrx_word' id='word_1_259' title='bbox 355 2715 433 2769; x_wconf 88' lang='lat' dir='ltr'>forte</span> <span class='ocrx_word' id='word_1_260' title='bbox 443 2715 508 2769; x_wconf 92' lang='lat' dir='ltr'>sinc</span> <span class='ocrx_word' id='word_1_261' title='bbox 522 2713 617 2769; x_wconf 88' lang='lat' dir='ltr'>studio</span> <span class='ocrx_word' id='word_1_262' title='bbox 630 2715 758 2788; x_wconf 88' lang='lat' dir='ltr'>partium</span> <span class='ocrx_word' id='word_1_263' title='bbox 770 2713 946 2786; x_wconf 87' lang='lat' dir='ltr'>iudicantes,</span> <span class='ocrx_word' id='word_1_264' title='bbox 960 2715 1031 2770; x_wconf 84' lang='lat' dir='ltr'>talia</span> <span class='ocrx_word' id='word_1_265' title='bbox 1042 2733 1106 2770; x_wconf 89' lang='lat' dir='ltr'>csse</span> <span class='ocrx_word' id='word_1_266' title='bbox 1115 2732 1235 2789; x_wconf 93' lang='lat' dir='ltr'>perspe-</span> 
     </span>
     <span class='ocr_line' id='line_1_32' title="bbox 198 2797 1236 2874; baseline 0.002 -24"><span class='ocrx_word' id='word_1_267' title='bbox 198 2799 310 2865; x_wconf 87' lang='lat' dir='ltr'>xerint,</span> <span class='ocrx_word' id='word_1_268' title='bbox 326 2815 400 2870; x_wconf 91' lang='lat' dir='ltr'>quae</span> <span class='ocrx_word' id='word_1_269' title='bbox 413 2797 511 2868; x_wconf 88' lang='lat' dir='ltr'>potius</span> <span class='ocrx_word' id='word_1_270' title='bbox 526 2797 682 2872; x_wconf 84' lang='lat' dir='ltr'>exagitari,</span> <span class='ocrx_word' id='word_1_271' title='bbox 697 2815 783 2871; x_wconf 89' lang='lat' dir='ltr'>quarn</span> <span class='ocrx_word' id='word_1_272' title='bbox 797 2799 924 2854; x_wconf 87' lang='lat' dir='ltr'>convelli</span> <span class='ocrx_word' id='word_1_273' title='bbox 936 2799 1062 2872; x_wconf 89' lang='lat' dir='ltr'>possint,</span> <span class='ocrx_word' id='word_1_274' title='bbox 1076 2797 1236 2874; x_wconf 88' lang='lat' dir='ltr'>garrulita-</span> 
     </span>
     <span class='ocr_line' id='line_1_33' title="bbox 198 2878 1234 2955; baseline 0.001 -21"><span class='ocrx_word' id='word_1_275' title='bbox 198 2889 229 2934; x_wconf 90' lang='lat' dir='ltr'>te</span> <span class='ocrx_word' id='word_1_276' title='bbox 243 2879 498 2951; x_wconf 89' lang='lat' dir='ltr'>impudentissima</span> <span class='ocrx_word' id='word_1_277' title='bbox 514 2887 543 2932; x_wconf 90' lang='lat' dir='ltr'>et</span> <span class='ocrx_word' id='word_1_278' title='bbox 556 2880 639 2951; x_wconf 89' lang='lat' dir='ltr'>quasi</span> <span class='ocrx_word' id='word_1_279' title='bbox 652 2881 778 2955; x_wconf 78' lang='lat' dir='ltr'>satyrica</span> <span class='ocrx_word' id='word_1_280' title='bbox 792 2883 840 2937; x_wconf 90' lang='lat' dir='ltr'>vel</span> <span class='ocrx_word' id='word_1_281' title='bbox 852 2882 969 2936; x_wconf 67' lang='lat' dir='ltr'>musica</span> <span class='ocrx_word' id='word_1_282' title='bbox 992 2881 1128 2951; x_wconf 88' lang='lat' dir='ltr'>levitate,</span> <span class='ocrx_word' id='word_1_283' title='bbox 1155 2878 1234 2936; x_wconf 89' lang='lat' dir='ltr'>cohi-</span> 
     </span>
     <span class='ocr_line' id='line_1_34' title="bbox 197 2962 1234 3038; baseline 0.002 -22"><span class='ocrx_word' id='word_1_284' title='bbox 197 2963 286 3016; x_wconf 87' lang='lat' dir='ltr'>beant</span> <span class='ocrx_word' id='word_1_285' title='bbox 300 2978 367 3016; x_wconf 88' lang='lat' dir='ltr'>suas</span> <span class='ocrx_word' id='word_1_286' title='bbox 382 2975 492 3036; x_wconf 89' lang='lat' dir='ltr'>nugas;</span> <span class='ocrx_word' id='word_1_287' title='bbox 508 2970 538 3016; x_wconf 88' lang='lat' dir='ltr'>et</span> <span class='ocrx_word' id='word_1_288' title='bbox 549 2962 648 3034; x_wconf 88' lang='lat' dir='ltr'>potius</span> <span class='ocrx_word' id='word_1_289' title='bbox 662 2982 679 3018; x_wconf 89' lang='lat' dir='ltr'>a</span> <span class='ocrx_word' id='word_1_290' title='bbox 691 2963 885 3038; x_wconf 88' lang='lat' dir='ltr'>prudentibus</span> <span class='ocrx_word' id='word_1_291' title='bbox 899 2963 1060 3035; x_wconf 86' lang='lat' dir='ltr'>emendari,</span> <span class='ocrx_word' id='word_1_292' title='bbox 1075 2981 1160 3038; x_wconf 88' lang='lat' dir='ltr'>quam</span> <span class='ocrx_word' id='word_1_293' title='bbox 1170 2965 1234 3018; x_wconf 90' lang='lat' dir='ltr'>lau-</span> 
     </span>
     <span class='ocr_line' id='line_1_35' title="bbox 198 3043 1236 3124; baseline 0.003 -25"><span class='ocrx_word' id='word_1_294' title='bbox 198 3043 263 3099; x_wconf 86' lang='lat' dir='ltr'>dari</span> <span class='ocrx_word' id='word_1_295' title='bbox 276 3043 312 3097; x_wconf 92' lang='lat' dir='ltr'>ab</span> <span class='ocrx_word' id='word_1_296' title='bbox 326 3043 561 3114; x_wconf 88' lang='lat' dir='ltr'>imprudentibus</span> <span class='ocrx_word' id='word_1_297' title='bbox 576 3046 697 3124; x_wconf 82' lang='lat' dir='ltr'>eligant.</span> <span class='ocrx_word' id='word_1_298' title='bbox 736 3046 812 3104; x_wconf 90' lang='lat' dir='ltr'>Nam</span> <span class='ocrx_word' id='word_1_299' title='bbox 825 3049 851 3102; x_wconf 94' lang='lat' dir='ltr'>si</span> <span class='ocrx_word' id='word_1_300' title='bbox 862 3066 922 3103; x_wconf 89' lang='lat' dir='ltr'>non</span> <span class='ocrx_word' id='word_1_301' title='bbox 937 3047 974 3103; x_wconf 91' lang='lat' dir='ltr'>ad</span> <span class='ocrx_word' id='word_1_302' title='bbox 987 3047 1151 3103; x_wconf 89' lang='lat' dir='ltr'>libertatem</span> <span class='ocrx_word' id='word_1_303' title='bbox 1163 3064 1236 3102; x_wconf 84' lang='lat' dir='ltr'>vera</span> 
     </span>
     <span class='ocr_line' id='line_1_36' title="bbox 198 3125 1236 3205; baseline 0.004 -25"><span class='ocrx_word' id='word_1_304' title='bbox 198 3125 331 3197; x_wconf 86' lang='lat' dir='ltr'>dicendi,</span> <span class='ocrx_word' id='word_1_305' title='bbox 349 3126 401 3182; x_wconf 90' lang='lat' dir='ltr'>sed</span> <span class='ocrx_word' id='word_1_306' title='bbox 415 3125 452 3182; x_wconf 92' lang='lat' dir='ltr'>ad</span> <span class='ocrx_word' id='word_1_307' title='bbox 464 3128 615 3184; x_wconf 89' lang='lat' dir='ltr'>licentiam</span> <span class='ocrx_word' id='word_1_308' title='bbox 628 3130 822 3186; x_wconf 88' lang='lat' dir='ltr'>maledicendi</span> <span class='ocrx_word' id='word_1_309' title='bbox 834 3139 949 3205; x_wconf 84' lang='lat' dir='ltr'>tempus</span> <span class='ocrx_word' id='word_1_310' title='bbox 964 3138 1147 3205; x_wconf 87' lang='lat' dir='ltr'>exspectant,</span> <span class='ocrx_word' id='word_1_311' title='bbox 1160 3129 1236 3186; x_wconf 88' lang='lat' dir='ltr'>absit</span> 
     </span>
     <span class='ocr_line' id='line_1_37' title="bbox 197 3210 1233 3289; baseline 0.003 -25"><span class='ocrx_word' id='word_1_312' title='bbox 197 3216 231 3264; x_wconf 91' lang='lat' dir='ltr'>ut</span> <span class='ocrx_word' id='word_1_313' title='bbox 246 3210 288 3263; x_wconf 91' lang='lat' dir='ltr'>eis</span> <span class='ocrx_word' id='word_1_314' title='bbox 303 3210 422 3265; x_wconf 88' lang='lat' dir='ltr'>eveniat</span> <span class='ocrx_word' id='word_1_315' title='bbox 435 3211 513 3285; x_wconf 92' lang='lat' dir='ltr'>quod</span> <span class='ocrx_word' id='word_1_316' title='bbox 526 3213 568 3267; x_wconf 90' lang='lat' dir='ltr'>ait</span> <span class='ocrx_word' id='word_1_317' title='bbox 581 3210 695 3270; x_wconf 88' lang='lat' dir='ltr'>Tullius</span> <span class='ocrx_word' id='word_1_318' title='bbox 710 3213 746 3268; x_wconf 95' lang='lat' dir='ltr'>de</span> <span class='ocrx_word' id='word_1_319' title='bbox 760 3213 898 3289; x_wconf 88' lang='lat' dir='ltr'>quodam,</span> <span class='ocrx_word' id='word_1_320' title='bbox 926 3215 977 3288; x_wconf 93' lang='lat' dir='ltr'>qui</span> <span class='ocrx_word' id='word_1_321' title='bbox 989 3213 1130 3288; x_wconf 90' lang='lat' dir='ltr'>peccandi</span> <span class='ocrx_word' id='word_1_322' title='bbox 1142 3214 1233 3268; x_wconf 89' lang='lat' dir='ltr'>licen-</span> 
     </span>
     <span class='ocr_line' id='line_1_38' title="bbox 198 3291 1234 3370; baseline 0.005 -25"><span class='ocrx_word' id='word_1_323' title='bbox 198 3292 240 3346; x_wconf 89' lang='lat' dir='ltr'>tia</span> <span class='ocrx_word' id='word_1_324' title='bbox 259 3291 332 3347; x_wconf 88' lang='lat' dir='ltr'>felix</span> <span class='ocrx_word' id='word_1_325' title='bbox 346 3294 559 3366; x_wconf 88' lang='lat' dir='ltr'>appellabatur:</span> <span class='ocrx_word' id='word_1_326' title='bbox 579 3295 774 3366; x_wconf 87' lang='lat' dir='ltr'>Omiserum,</span> <span class='ocrx_word' id='word_1_327' title='bbox 799 3297 847 3351; x_wconf 86' lang='lat' dir='ltr'>eui</span> <span class='ocrx_word' id='word_1_328' title='bbox 864 3315 988 3370; x_wconf 88' lang='lat' dir='ltr'>peceare</span> <span class='ocrx_word' id='word_1_329' title='bbox 1006 3293 1125 3353; x_wconf 84' lang='lat' dir='ltr'>licebat!</span> <span class='ocrx_word' id='word_1_330' title='bbox 1152 3293 1234 3351; x_wconf 89' lang='lat' dir='ltr'>Vnde</span> 
     </span>
     <span class='ocr_line' id='line_1_39' title="bbox 199 3376 1233 3454; baseline 0.004 -25"><span class='ocrx_word' id='word_1_331' title='bbox 199 3376 332 3450; x_wconf 88' lang='lat' dir='ltr'>quisquis</span> <span class='ocrx_word' id='word_1_332' title='bbox 347 3385 407 3446; x_wconf 91' lang='lat' dir='ltr'>est,</span> <span class='ocrx_word' id='word_1_333' title='bbox 434 3379 485 3452; x_wconf 93' lang='lat' dir='ltr'>qui</span> <span class='ocrx_word' id='word_1_334' title='bbox 497 3378 692 3435; x_wconf 90' lang='lat' dir='ltr'>maledicendi</span> <span class='ocrx_word' id='word_1_335' title='bbox 704 3379 826 3434; x_wconf 89' lang='lat' dir='ltr'>lieentia</span> <span class='ocrx_word' id='word_1_336' title='bbox 839 3378 956 3434; x_wconf 88' lang='lat' dir='ltr'>felicem</span> <span class='ocrx_word' id='word_1_337' title='bbox 973 3398 1005 3435; x_wconf 89' lang='lat' dir='ltr'>se</span> <span class='ocrx_word' id='word_1_338' title='bbox 1018 3388 1118 3454; x_wconf 91' lang='lat' dir='ltr'>putat,</span> <span class='ocrx_word' id='word_1_339' title='bbox 1144 3381 1233 3434; x_wconf 90' lang='lat' dir='ltr'>multo</span> 
     </span>
     <span class='ocr_line' id='line_1_40' title="bbox 199 3458 1236 3537; baseline 0.006 -25"><span class='ocrx_word' id='word_1_340' title='bbox 199 3459 257 3513; x_wconf 89' lang='lat' dir='ltr'>erit</span> <span class='ocrx_word' id='word_1_341' title='bbox 270 3459 400 3530; x_wconf 82' lang='lat' dir='ltr'>felicior,</span> <span class='ocrx_word' id='word_1_342' title='bbox 419 3461 444 3514; x_wconf 95' lang='lat' dir='ltr'>si</span> <span class='ocrx_word' id='word_1_343' title='bbox 457 3458 512 3516; x_wconf 92' lang='lat' dir='ltr'>boc</span> <span class='ocrx_word' id='word_1_344' title='bbox 524 3463 568 3517; x_wconf 95' lang='lat' dir='ltr'>illi</span> <span class='ocrx_word' id='word_1_345' title='bbox 582 3463 702 3516; x_wconf 87' lang='lat' dir='ltr'>omnino</span> <span class='ocrx_word' id='word_1_346' title='bbox 716 3480 776 3518; x_wconf 93' lang='lat' dir='ltr'>non</span> <span class='ocrx_word' id='word_1_347' title='bbox 790 3463 891 3518; x_wconf 90' lang='lat' dir='ltr'>liceat:</span> <span class='ocrx_word' id='word_1_348' title='bbox 918 3481 986 3518; x_wconf 86' lang='lat' dir='ltr'>curn</span> <span class='ocrx_word' id='word_1_349' title='bbox 999 3464 1092 3537; x_wconf 90' lang='lat' dir='ltr'>possit</span> <span class='ocrx_word' id='word_1_350' title='bbox 1105 3461 1236 3536; x_wconf 90' lang='lat' dir='ltr'>deposita</span> 
     </span>
     <span class='ocr_line' id='line_1_41' title="bbox 199 3543 1234 3620; baseline 0.007 -25"><span class='ocrx_word' id='word_1_351' title='bbox 199 3543 344 3598; x_wconf 78' lang='lat' dir='ltr'>inanitate</span> <span class='ocrx_word' id='word_1_352' title='bbox 361 3544 521 3599; x_wconf 86' lang='lat' dir='ltr'>iactantiae</span> <span class='ocrx_word' id='word_1_353' title='bbox 541 3546 629 3600; x_wconf 88' lang='lat' dir='ltr'>ctiam</span> <span class='ocrx_word' id='word_1_354' title='bbox 648 3545 704 3598; x_wconf 85' lang='lat' dir='ltr'>isto</span> <span class='ocrx_word' id='word_1_355' title='bbox 719 3552 849 3618; x_wconf 89' lang='lat' dir='ltr'>tempore</span> <span class='ocrx_word' id='word_1_356' title='bbox 863 3554 1004 3620; x_wconf 86' lang='lat' dir='ltr'>tanquam</span> <span class='ocrx_word' id='word_1_357' title='bbox 1017 3545 1113 3601; x_wconf 89' lang='lat' dir='ltr'>studio</span> <span class='ocrx_word' id='word_1_358' title='bbox 1129 3563 1234 3602; x_wconf 87' lang='lat' dir='ltr'>eonsu-</span> 
     </span>
     <span class='ocr_line' id='line_1_42' title="bbox 198 3624 1235 3702; baseline 0.004 -22"><span class='ocrx_word' id='word_1_359' title='bbox 198 3624 279 3680; x_wconf 91' lang='lat' dir='ltr'>lendi</span> <span class='ocrx_word' id='word_1_360' title='bbox 291 3627 429 3702; x_wconf 91' lang='lat' dir='ltr'>quicquid</span> <span class='ocrx_word' id='word_1_361' title='bbox 441 3628 579 3696; x_wconf 87' lang='lat' dir='ltr'>voluerit,</span> <span class='ocrx_word' id='word_1_362' title='bbox 604 3625 819 3698; x_wconf 71' lang='lat' dir='ltr'>contradicere,</span> <span class='ocrx_word' id='word_1_363' title='bbox 847 3639 877 3683; x_wconf 90' lang='lat' dir='ltr'>et</span> <span class='ocrx_word' id='word_1_364' title='bbox 890 3638 1035 3702; x_wconf 89' lang='lat' dir='ltr'>quantum</span> <span class='ocrx_word' id='word_1_365' title='bbox 1051 3637 1182 3702; x_wconf 88' lang='lat' dir='ltr'>possunt,</span> <span class='ocrx_word' id='word_1_366' title='bbox 1202 3629 1235 3684; x_wconf 91' lang='lat' dir='ltr'>ab</span> 
     </span>
     <span class='ocr_line' id='line_1_43' title="bbox 199 3705 1236 3790; baseline 0.009 -31"><span class='ocrx_word' id='word_1_367' title='bbox 199 3705 241 3760; x_wconf 88' lang='lat' dir='ltr'>eis</span> <span class='ocrx_word' id='word_1_368' title='bbox 254 3725 328 3780; x_wconf 84' lang='lat' dir='ltr'>quos</span> <span class='ocrx_word' id='word_1_369' title='bbox 344 3709 470 3764; x_wconf 88' lang='lat' dir='ltr'>consulit</span> <span class='ocrx_word' id='word_1_370' title='bbox 482 3710 576 3764; x_wconf 87' lang='lat' dir='ltr'>amica</span> <span class='ocrx_word' id='word_1_371' title='bbox 588 3708 797 3784; x_wconf 87' lang='lat' dir='ltr'>disputatione,</span> <span class='ocrx_word' id='word_1_372' title='bbox 811 3708 950 3785; x_wconf 76' lang='lat' dir='ltr'>honeste,</span> <span class='ocrx_word' id='word_1_373' title='bbox 970 3713 1111 3790; x_wconf 86' lang='lat' dir='ltr'>graviter,</span> <span class='ocrx_word' id='word_1_374' title='bbox 1135 3711 1236 3784; x_wconf 82' lang='lat' dir='ltr'>libore,</span> 
     </span>
     <span class='ocr_line' id='line_1_44' title="bbox 199 3789 532 3865; baseline 0 -20"><span class='ocrx_word' id='word_1_375' title='bbox 199 3789 278 3863; x_wconf 90' lang='lat' dir='ltr'>quod</span> <span class='ocrx_word' id='word_1_376' title='bbox 292 3799 409 3865; x_wconf 90' lang='lat' dir='ltr'>oportet</span> <span class='ocrx_word' id='word_1_377' title='bbox 421 3789 532 3845; x_wconf 82' lang='lat' dir='ltr'>audire.</span> 
     </span>
    </p>
   </div>
   <div class='ocr_carea' id='block_1_3' title="bbox 0 0 1298 4396">
    <p class='ocr_par' dir='ltr' id='par_1_4' title="bbox 0 0 1298 4396">
     <span class='ocr_line' id='line_1_45' title="bbox 0 0 1298 4396; baseline 0 0"><span class='ocrx_word' id='word_1_378' title='bbox 0 0 1298 4396; x_wconf 95' lang='lat' dir='ltr'> </span> 
     </span>
    </p>
   </div>
  </div>
 </body>
</html>
