2510 4404
175 231 235 288 356
402 221 501 281 D‘tvl
522 219 710 278 nvuuull
735 217 993 279 AVGVS'l'lNl

177 392 225 440 tur
243 379 378 438 misereri
392 374 488 446 Deus,
514 371 648 430 faciendo
668 374 760 428 solem
778 389 862 428 suum
880 374 952 430 oriri
972 391 1065 448 super
1079 375 1173 433 bonos
1188 387 1211 432 et

178 467 287 534 malos,
304 471 333 517 et
343 459 469 535 pluendo
483 475 570 532 super
582 459 677 513 iustos
691 465 721 512 et
733 458 874 528 iniustos3
899 475 934 513 ac
948 459 990 512 sic
1004 477 1069 514 non
1085 461 1210 516 eontinet

178 551 208 605 in
223 549 268 602 ira
281 563 333 600 sua
346 543 550 598 miserationes
565 558 646 596 suas:
673 541 857 613 maximeque
875 540 907 596 in
921 559 955 596 eo
978 541 1056 616 quod
1071 545 1211 616 expressit

177 637 223 686 nie
236 629 380 698 Psalmus,
394 623 528 694 dicendo,
542 621 626 680 Nunc
639 625 733 702 coepi,
746 621 819 678 boec
832 633 877 680 est
889 624 1058 681 immutatio
1076 625 1212 682 dexteras

178 711 310 770 Etcelsi:
325 709 463 785 quoniam
476 708 507 762 in
519 705 574 762 bac
587 707 651 780 ipsa
664 723 765 762 eorum
778 708 1038 762 aerumnosissima
1050 709 1135 777 vita,
1149 727 1213 782 quae

178 799 221 851 ira
234 795 292 850 Dei
307 802 362 864 est,
376 809 446 848 vasa
457 789 676 846 misericordiae
689 798 783 845 mutat
795 789 826 844 in
840 791 955 860 melius,
974 793 1125 890 quamvis
1129 791 1213 847 adbuc

178 881 209 934 in
222 877 309 933 huius
326 874 523 947 corruptionis
536 874 656 932 miseria
668 881 786 928 maneat
799 873 844 928 ira
857 874 932 944 eius,
955 875 1028 947 quia
1041 893 1102 930 nec
1116 876 1149 931 in
1162 879 1213 949 ipsa

177 964 222 1018 ira
235 978 289 1016 sua
302 960 436 1016 continet
448 957 654 1013 miserationes
669 974 745 1012 suas.
781 955 853 1012 Cum
870 974 943 1034 ergo
959 957 1019 1012 isto
1038 957 1131 1013 modo
1146 978 1213 1014 com·

178 1047 293 1118 pleotur
306 1042 400 1098 divini
412 1041 492 1096 illius
507 1022 623 1098 Cantici
634 1041 756 1111 veritas,
779 1057 840 1096 non
853 1048 898 1096 est
912 1057 977 1096 eam
989 1057 1125 1097 necesse
1139 1043 1213 1098 etiam

178 1128 239 1182 illic
251 1125 391 1202 intelligi,
415 1123 465 1180 ubi
479 1143 540 1180 nou
552 1125 734 1199 pertinentes
747 1123 788 1178 ad
797 1121 951 1180 Civitatem
964 1121 1026 1180 Dei
1040 1127 1213 1200 sempiterno

177 1210 320 1284 supplicio
333 1208 499 1284 punientur.
534 1205 592 1264 Sed
605 1207 709 1282 quibus
721 1208 818 1280 placet
834 1208 921 1262 istam
933 1209 1124 1264 senteutiam
1136 1227 1213 1284 usque

177 1293 215 1350 ad
228 1295 279 1350 illa
291 1293 449 1392 impiorum
461 1299 611 1348 tormenta·
618 1289 804 1388 protendere,
817 1291 921 1346 saltem
933 1291 977 1346 sic
990 1290 1180 1370 intelligant,
1191 1303 1215 1346 ut

178 1387 317 1434 manente
331 1379 363 1432 iu
378 1377 420 1430 eis
430 1373 550 1444 iraDei,
564 1375 683 1450 quaein
697 1381 817 1429 aeterno
832 1382 876 1428 est
888 1375 1107 1448 praenuntiata
1118 1378 1215 1451 suppli-

87 1481 91 1492 ·
179 1463 237 1532 cio,
251 1479 312 1516 non
323 1460 475 1516 contineat
484 1457 587 1514 Deus*
579 1477 610 1512 ιιι
623 1456 701 1512 hac'
692 1475 737 1511 rra
750 1473 804 1512 sua
816 1457 1025 1540 miseratipnes
1039 1476 1128 1530 suas,
1142 1469 1171 1514 ct
1182 1457 1215 1514 ia-

179 1549 238 1601 ciat
252 1561 303 1598 eos
318 1560 378 1599 non
391 1549 475 1598 tanta
489 1549 600 1616 quanta
619 1538 702 1617 digni
722 1548 792 1596 sunt
803 1557 964 1613 poenarum
978 1543 1147 1599 atrocitate
1160 1561 1215 1598 eru·

178 1629 266 1697 eiari;
295 1643 357 1684 uon
370 1634 404 1680 ut
417 1643 466 1680 eas
479 1641 589 1698 poenas
603 1625 650 1680 vel
664 1641 814 1698 nunquam
831 1624 972 1693 subeant,
994 1625 1047 1678 vel
1067 1624 1216 1702 aliquando
1249 1627 1250 1644 ³

178 1709 293 1778 finiant,
308 1705 359 1762 sed
370 1717 402 1762 ut
409 1725 457 1762 eas
471 1709 602 1762 mitiores
618 1724 705 1780 quam
716 1707 823 1762 merita
835 1715 904 1762 sunt
916 1723 1021 1762 eorum
1037 1709 1215 1784 levioresque

177 1791 335 1868 patiantur.
352 1788 403 1846 Sie
417 1791 496 1844 enim
511 1798 541 1844 et
553 1790 599 1844 ira
612 1788 671 1844 Dei
684 1789 824 1860 manebit,
839 1798 869 1844 et
882 1790 913 1844 in
926 1790 990 1863 ipsa
1004 1791 1054 1846 ira
1069 1810 1129 1850 sua
1140 1795 1215 1849 ιιιίιι-

178 1875 308 1930 ιιιίιιιιιιι
328 1890 395 1928 suos
409 1889 469 1928 non
483 1871 654 1928 continebit.
684 1872 769 1938 Quod
782 1873 897 1948 quidem
910 1889 972 1928 nou
986 1873 1057 1930 ideo
1072 1876 1213 1944 confirmo,
1249 1867 1250 1926 j

179 1958 317 2035 quoniam
331 1975 390 2014 non
405 1959 521 2012 resisto.

242 2039 397 2099 Caeterum
417 2058 466 2096 eos
486 2039 536 2114 qui
553 2029 658 2114 putant
676 2039 831 2095 minaciter
848 2041 944 2114 potius
963 2057 1056 2114 quam
1079 2043 1217 2098 veraciter

181 2125 299 2196 dietum,
316 2123 473 2183 Discedite
487 2143 507 2180 ιι
519 2141 563 2181 mc
576 2122 755 2180 maledieti
742 2143 772 2178 ιιι
787 2125 883 2198 ignem
896 2132 1066 2194 oeternum,
1083 2135 1127 2196 et,
1141 2123 1216 2184 liant
1249 2197 1250 2202 ἵ

180 2211 235 2266 ιιιιιο
246 2209 277 2264 in
289 2207 466 2285 supplicium
478 2217 641 2276 aeternum,
654 2215 694 2278 et,
710 2203 952 2263 Crtciobuntur
940 2225 970 2262 ιιι
981 2209 1114 2266 saecula
1125 2227 1215 2267 socca
1249 2223 1250 2228 ’

180 2292 285 2361 lorum,
300 2300 340 2362 et,
358 2289 471 2348 Veranio
485 2309 585 2348 eorum
598 2309 654 2346 non
668 2290 822 2359 morietur,
837 2299 867 2346 ot
880 2290 959 2365 ignis
972 2309 1033 2348 non
1049 2296 1216 2370 exstingue-

178 2385 240 2444 tur,
255 2382 284 2428 et
297 2381 412 2430 caetera
424 2372 599 2444 huiusmodi,
614 2391 674 2428 non
686 2381 747 2427 tam
758 2389 825 2449 ego,
838 2390 923 2447 quam
935 2373 999 2446 ipsa
1008 2372 1168 2450 Scriptura
1180 2377 1216 2432 di-
1249 2439 1250 2456 χ

178 2459 249 2513 vina
260 2457 431 2530 planissime
445 2465 533 2532 atque
545 2457 715 2531 plenissime
728 2454 880 2534 redarguit
888 2473 922 2512 ae
932 2456 1055 2513 refellit.
1071 2458 1216 2517 Ninivitas

178 2541 283 2616 quippe
298 2540 329 2594 in
341 2537 395 2596 hec
416 2541 478 2596 vita
498 2549 622 2616 egerunt
642 2539 870 2615 poenitentiam3
898 2547 927 2594 et
945 2539 1011 2597 ideo
1026 2541 1216 2610 fructuosam,
1249 2565 1250 2580 ι

178 2625 257 2679 velut
271 2625 302 2678 in
315 2621 369 2678 hoe
383 2641 455 2701 agro
470 2624 658 2694 seminantes,
682 2632 712 2680 et
725 2641 782 2698 quo
796 2622 877 2680 Deus
892 2625 984 2679 voluit
997 2643 1066 2680 cum
1084 2628 1215 2703 lacrymis

178 2707 335 2778 seminari,
362 2706 439 2781 quod
459 2715 561 2781 postea
582 2725 647 2763 curn
667 2707 781 2762 laetitia
796 2715 971 2764 meteretur:
999 2717 1029 2763 et
1043 2718 1145 2767 tamen
1159 2712 1214 2785 quis
1249 2739 1250 2746 ι

179 2791 310 2867 negabit,
325 2789 402 2863 quod
415 2789 560 2847 Dominus
574 2789 732 2864 praedixit,
749 2791 838 2847 ineis
852 2790 945 2846 fuisse
959 2795 1152 2866 completum,
1166 2795 1213 2850 nisi
1249 2839 1250 2842 ,

146 2875 158 2898 ·
178 2891 278 2946 parum
301 2871 450 2943 advertat,
478 2873 719 2947 quemadmodum
741 2882 913 2946 peccatores
934 2873 1016 2932 Deus
1040 2895 1105 2933 non
1130 2879 1212 2934 solun

177 2957 284 3023 iratus,
305 2957 509 3011 verumetiam
522 2957 677 3012 miseratus
693 2952 824 3014 evertat?
859 2955 1043 3014 Evertuntur
1059 2963 1142 3017 enim
1153 2979 1211 3034 pec

177 3045 290 3091 catores
305 3034 417 3092 duobus
431 3036 535 3109 modis,
549 3047 601 3094 aut
615 3041 692 3096 sicut
706 3038 885 3112 Sodomitae,
901 3051 934 3097 ut
946 3059 1000 3116 pro
1013 3047 1147 3116 pcccatis
1161 3046 1211 3099 suis

177 3120 231 3193 ipsr
222 3114 378 3174 homines
391 3121 569 3194 puniantur,
594 3133 645 3179 aut
660 3125 738 3180 sieut
751 3123 917 3196 Ninivitas,
944 3135 977 3180 ut
990 3127 1055 3200 ipsa
1068 3126 1209 3184 bominum

175 3211 293 3278 peecata
305 3205 481 3276 poenitendo
496 3203 692 3262 destruantur
705 3207 826 3264 Factum
838 3217 967 3286 estergo
978 3208 1059 3283 quod
1073 3211 1210 3285 praedixit

176 3285 272 3345 Deus:
300 3305 402 3345 eversa
416 3297 460 3344 est
473 3287 582 3345 Ninive
596 3309 671 3364 quoe
684 3292 760 3346 mala
774 3300 852 3362 erat,
871 3300 901 3347 et
913 3291 990 3346 bona
1004 3293 1161 3350 aedificata
1174 3303 1209 3348 est

176 3389 250 3445 quae
264 3379 336 3428 erat.
364 3369 518 3428 Steutibus
534 3375 610 3429 enim
625 3374 780 3430 moenibus
795 3383 881 3450 atque
895 3374 1041 3446 domibus,
1056 3396 1162 3434 eversa
1175 3385 1209 3430 est

176 3455 280 3511 civitas
295 3455 327 3511 in
339 3453 461 3528 perditis
475 3457 616 3514 moribus.
631 3457 709 3514 Ae
686 3475 728 3513 sic
742 3459 874 3532 quamvis
886 3455 1030 3532 Propheta
1042 3459 1138 3517 fuerit
1148 3478 1208 3516 eon·

176 3539 326 3608 tristatus,
348 3539 491 3612 quianon
506 3550 552 3595 est
566 3539 673 3596 factum
687 3541 765 3616 quod
785 3541 829 3596 illi
842 3539 975 3597 homiues
988 3543 1156 3601 timuerunt
1167 3544 1207 3598 tuo

173 3617 366 3713 prophetante
382 3631 553 3679 venturum:
567 3623 677 3680 factum
689 3633 846 3681 esttamen
860 3623 937 3700 quod
947 3623 1047 3682 furerat
1057 3626 1125 3684 Deo
1134 3645 1206 3703 prse-

173 3699 285 3754 sciente
297 3703 493 3776 praedictum3
506 3707 644 3780 quoniam
657 3717 781 3766 noverat
794 3725 844 3782 qur
835 3707 1013 3783 praedixit,
1024 3711 1190 3785 quomodo
1183 3726 1205 3764 m

150 3810 152 3815 ‚
173 3781 274 3836 melius
289 3793 368 3837 esset
380 3787 565 3859 implendum.

234 3861 258 3915 l
261 3873 271 3916 t
284 3873 383 3918 autem
397 3871 535 3925 noverint
549 3872 599 3927 isti
613 3873 643 3928 in
662 3891 835 3947 perversum
856 3874 1061 3931 misericordes
1076 3896 1134 3952 quo
1148 3891 1204 3950 per·
