2576 4396
6 149 8 250 l
285 179 344 238 na
368 179 578 240 rrvrrura
600 181 678 240 nur
703 183 782 244 ιιι.
803 186 843 246 x.
1009 195 1066 250 eu

47 337 107 392 illis
120 351 196 409 quae
210 349 228 387 a
241 329 388 388 Chaldaeis
401 329 555 403 didicerat,
579 331 654 390 hanc
666 335 857 392 universalem
869 339 945 398 viam
957 342 1068 400 animae

46 415 218 473 liberandae
238 415 395 484 contineri3
422 423 451 469 et
467 416 567 491 utique
587 433 618 470 se
637 435 654 473 a
671 415 819 474 Chaldaeis
838 424 955 478 oracula
972 422 1069 481 divina

44 505 201 572 sumsisse,
215 519 336 577 quorum
348 499 490 556 assiduam
503 502 799 556 commemorationem
808 501 888 576 facit,
901 513 996 560 tacere
1008 523 1066 562 non

43 588 151 660 potuit.
167 587 261 650 Quam
272 585 337 640 vult
349 601 418 658 ergo
431 584 558 658 intelligi
571 584 682 639 animae
696 583 861 642 liberandae
877 588 1066 644 universalem

42 670 122 723 viam
135 665 266 722 nondum
278 675 432 740 receptam,
444 669 492 722 vel
505 685 541 722 ex
551 669 648 741 aliqua
657 669 807 726 verissima
819 669 1006 744 philosophia,
1019 673 1066 727 vel

44 769 83 806 ex
96 769 198 806 carrum
213 751 344 825 gentium
357 747 511 820 doctrinis,
537 768 611 824 quac
626 769 749 829 magnae
761 753 886 810 velutin
899 753 1005 808 divinis
1018 772 1065 810 re·

42 836 96 889 bus
108 831 303 902 habebantur,
317 831 383 904 quia
394 833 457 905 plus
470 832 545 904 apud
557 851 604 888 eas
619 835 770 890 euriositas
784 837 875 892 valuit
887 855 1065 912 quorumque
1094 895 1095 900 χ

44 917 219 992 angelorum
231 913 496 990 cognoscendorum
507 924 536 970 et
546 915 739 987 colendorum,
753 918 934 993 nondumque
945 920 1065 974 insuam

45 1001 181 1054 notitiam
193 994 338 1052 historiali
352 999 518 1072 cognitione
530 995 688 1072 perlatam?
714 999 861 1066 Quaenam
871 1003 928 1056 ista
941 1010 986 1057 est
997 1003 1065 1058 uni·

46 1081 168 1138 versalia
181 1079 241 1148 via,
264 1081 322 1134 nisi
336 1096 407 1152 quae
421 1099 479 1136 non
490 1098 558 1136 suae
573 1083 678 1156 cuique
691 1084 773 1159 genti
785 1086 915 1158 propria,
937 1084 987 1139 sed
999 1086 1064 1140 uni·

44 1164 139 1219 versis
153 1161 291 1238 gentibus
305 1179 377 1235 quae
390 1163 547 1217 eommunis
567 1173 660 1233 esset,
685 1163 823 1220 divinitus
840 1167 986 1238 impertita
1005 1162 1065 1222 esti

47 1248 140 1312 Quam
152 1251 233 1299 certe
245 1243 301 1298 iste
313 1241 398 1298 homo
416 1263 475 1300 non
488 1243 627 1299 mediocri
639 1247 759 1322 ingenio
772 1246 916 1322 praeditus
931 1265 994 1301 esse
1007 1266 1066 1302 non

47 1327 167 1382 dubitat.
212 1323 426 1382 Providentiam
439 1327 542 1400 quippe
559 1325 685 1382 divinam
705 1329 767 1384 sine
782 1329 836 1382 ista
849 1329 1007 1383 universali
1019 1329 1067 1383 via

48 1411 215 1468 liberandae
224 1411 337 1480 anhnae
346 1429 439 1488 genua
448 1409 604 1466 humanum
615 1413 781 1486 relinquere
793 1413 920 1486 potuisse
932 1429 992 1467 non
1005 1429 1068 1466 ere-

48 1495 97 1550 dit.
124 1493 227 1567 Neque
241 1493 319 1550 enim
331 1494 373 1548 ait
385 1511 444 1549 non
458 1510 536 1563 esse,
560 1491 611 1548 sed
628 1491 681 1549 hoe
698 1503 808 1550 tantum
821 1493 928 1550 bonum
940 1502 1067 1548 tautum·

48 1596 101 1652 quc
119 1576 297 1631 adiutorium
312 1574 439 1630 nondum
457 1584 618 1648 receptum,
645 1576 772 1632 nondum
790 1577 821 1632 in
841 1593 922 1632 suam
935 1576 1068 1632 notitiam

48 1679 109 1714 esse
122 1659 279 1734 perlatum:
293 1675 347 1711 nee
360 1661 471 1712 mirum
485 1655 570 1714 Tune
583 1659 660 1713 enim
672 1657 848 1735 Porphyrius
863 1667 924 1714 erat
936 1659 968 1713 in
980 1658 1067 1713 rebus

47 1741 197 1810 humanis,
219 1737 332 1813 quando
345 1740 401 1794 ista
419 1739 584 1796 liberandae
596 1743 709 1804 animae
722 1742 894 1798 universalis
907 1743 970 1811 via,
994 1758 1066 1816 quae

48 1843 105 1880 non
119 1832 166 1878 est
178 1823 236 1876 alia
249 1839 334 1896 quam
350 1822 455 1898 religio
469 1821 646 1894 Christiana,
672 1824 834 1902 oppugnari
849 1821 1067 1898 permittebatur

47 1909 79 1962 ab
93 1907 238 1978 idolorum
251 1902 477 1980 daemonumque
491 1905 647 1961 cultoribus
660 1905 833 1984 regibusque
845 1907 985 1976 terrenis,
999 1922 1056 1978 pro·

46 1999 108 2064 pter
121 1983 311 2042 asserendum
323 1995 352 2042 et
364 1986 588 2042 consecrandum
599 1986 758 2062 Martyrum
770 2007 932 2059 numerum,
944 1985 1000 2042 hoe
1012 1995 1067 2056 est,

47 2073 167 2126 testium
178 2069 323 2138 veritatis,
336 2086 468 2144 perquer
482 2068 697 2141 ostenderetur,
713 2071 809 2126 omnia
821 2069 982 2144 corporalia
993 2069 1068 2122 mala

47 2173 97 2227 pro
110 2152 168 2208 fide
181 2151 297 2226 pietatis
311 2157 341 2204 et
354 2149 600 2206 commendatione
612 2153 743 2206 veritatis
757 2169 820 2207 esse
833 2149 990 2208 toleranda.
1015 2147 1066 2204 Vi-

47 2236 132 2290 debat
146 2251 216 2310 ergo
229 2235 286 2287 ista
299 2230 484 2307 Porphyrius,
504 2241 534 2288 et
546 2251 597 2306 per
609 2232 771 2289 huiusmodi
784 2235 996 2309 persecutiones
1010 2233 1067 2287 cito
1165 2293 1169 2300 ,

47 2320 134 2374 istam
145 2317 222 2371 mam
234 2315 408 2389 perituram,
433 2323 463 2372 et
478 2324 631 2390 propterea
648 2335 708 2372 non
725 2335 788 2372 esse
801 2319 891 2391 ipsam
902 2315 1067 2371 liberandae

47 2403 161 2456 animae
172 2399 367 2454 universalem
379 2398 506 2470 putabat,
519 2416 579 2454 non
591 2399 758 2474 intelligens
770 2397 824 2454 hoc
840 2397 916 2472 quod
929 2416 991 2452 eum
1005 2415 1066 2451 mo-

49 2485 144 2553 vebat,
159 2492 188 2537 et
201 2479 278 2556 quod
290 2483 321 2537 in
336 2482 396 2537 eius
411 2483 552 2536 electione
563 2483 675 2554 perpeti
687 2484 848 2552 metuebat,
872 2483 982 2537 adeius
996 2499 1067 2536 con·

49 2566 241 2622 firmationem
254 2563 503 2636 robustioremque
517 2561 794 2617 commendationem
805 2565 900 2635 potius
913 2561 1067 2636 pertinere.

110 2645 192 2703 Haeo
211 2656 257 2702 est
275 2648 365 2723 igitur
385 2647 497 2700 animae
516 2643 682 2699 liberandae
701 2644 875 2699 universalis
888 2645 945 2712 via,
971 2641 1067 2711 idest,

49 2731 193 2786 universis
207 2729 343 2806 gentibus
357 2727 456 2784 divina
468 2727 654 2781 miseratione
666 2741 815 2797 concessa3
842 2727 921 2781 cuius
938 2722 1067 2800 profecto

50 2813 154 2869 notitia
166 2811 203 2867 ad
217 2829 399 2886 quoscunque
412 2811 470 2866 iam
481 2811 573 2880 venit,
587 2805 665 2863 etad
678 2825 864 2884 quoscunque
876 2815 999 2865 ventura
1012 2815 1067 2866 est.

51 2913 104 2950 nee
118 2894 231 2964 debuit,
257 2909 311 2948 nee
325 2892 437 2948 debebit
454 2893 481 2947 ci
493 2892 568 2963 diei,
594 2891 688 2957 Quare
701 2887 804 2946 model
830 2901 860 2948 et
872 2892 969 2958 Quare
982 2884 1066 2944 seroi

52 2978 186 3050 quoniam
203 2976 346 3031 mittentis
366 2975 516 3031 consilium
530 2992 590 3031 non
605 2982 649 3029 est
660 2971 785 3030 humano
799 2977 918 3054 ingenio
931 2982 1061 3049 penetra*

52 3059 114 3114 bile.
144 3057 228 3125 Quod
241 3059 333 3113 sensit
346 3059 432 3112 etiam
444 3059 510 3129 iste,
530 3076 595 3114 eum
609 3057 693 3126 dixit,
713 3057 841 3114 nondum
853 3066 1000 3132 receptum
1013 3053 1067 3110 hoe

52 3141 157 3196 donum
170 3139 239 3211 Dei,
253 3149 282 3195 et
294 3138 421 3204 nondum
432 3140 465 3195 in
476 3157 558 3196 suam
572 3141 706 3196 notitiam
718 3139 806 3196 fuisse
818 3143 968 3216 perlatum.
1004 3135 1066 3193 Nec

53 3225 127 3278 enim
138 3231 293 3297 propterea
305 3239 405 3279 rerum
417 3240 477 3278 non
489 3239 552 3278 esse
564 3221 714 3291 iudicavit,
729 3223 797 3295 quia
809 3223 935 3278 nondum
944 3222 976 3276 in
986 3237 1067 3274 suam

54 3306 134 3362 fidem
157 3315 307 3378 receptum
331 3304 437 3376 fluerat,
462 3306 510 3361 rel
533 3306 565 3361 in
585 3304 718 3360 notitiam
740 3304 868 3360 nondum
887 3310 1065 3378 pervenerat.

52 3386 129 3442 Haec
144 3398 199 3458 est,
218 3390 347 3462 inquam,
359 3385 573 3442 liberandorum
586 3385 763 3442 credentium
775 3386 947 3441 universalis
960 3385 1018 3453 ria,
1032 3382 1072 3436 de

51 3489 104 3544 qua
117 3470 212 3526 fidelis
226 3468 369 3526 Abraham
381 3468 510 3524 divinum
523 3469 633 3542 accepit
646 3467 805 3522 oraculum:
843 3463 879 3522 Ia
898 3466 1005 3522 semine
1017 3471 1067 3518 tao

50 3552 254 3610 benedicentur
266 3567 362 3608 omnes
373 3561 485 3628 gentes.
527 3551 584 3617 Qui
598 3550 653 3606 fuit
671 3547 784 3623 quidem
797 3557 883 3624 gente
896 3542 1066 3612 Chaldaeus,

50 3634 99 3688 sed
113 3645 146 3690 ut
159 3635 229 3690 talia
241 3633 383 3708 promissa
399 3633 574 3707 perciperet,
599 3629 677 3708 quod
690 3647 727 3684 ex
739 3631 790 3686 illo
802 3634 1007 3703 propagaretur
1020 3641 1066 3680 se·

49 3733 114 3770 men
128 3715 299 3790 dispositum
314 3731 366 3788 per
377 3714 503 3792 Angelos
516 3715 548 3770 in
560 3733 648 3771 manu
661 3711 844 3780 Mediatoris,
869 3711 900 3765 in
913 3725 970 3781 quo
991 3717 1068 3763 esset

51 3796 103 3852 ista
116 3797 282 3854 liberandae
292 3798 406 3852 anhnae
414 3797 586 3853 universalis
596 3799 654 3867 via,
665 3791 719 3850 hoe
732 3803 776 3850 est
789 3792 917 3850 omnibus
930 3789 1064 3867 gentibus
