2586 4396
251 191 310 252 DE
332 191 552 253 ClVl'l'd'l'E
575 193 653 252 DEl
677 193 756 252 LlB.
781 193 852 257 XV.
1027 205 1066 261 ⁷3

39 349 187 429 patribus,
206 365 224 403 a
237 347 339 423 quihus
352 363 442 422 nsque
456 346 493 404 ad
506 365 560 404 nos
572 349 730 404 auctoritas
742 353 889 407 veracium
902 349 1065 429 Scriptura.

39 455 106 494 rum
120 432 284 490 certissima
297 441 327 487 et
338 432 490 488 notissima
502 434 685 488 successione
696 435 839 508 pervenit.
866 433 900 491 ln
912 433 957 491 his
969 448 1065 498 autem

39 515 215 595 apocryphis
235 516 292 571 etsi
308 516 456 572 invenitur
474 517 570 592 aliqua
588 518 711 587 veritas,
737 525 834 574 ιιιιιιιι
846 527 963 594 propter
975 523 1066 578 multa

39 605 114 660 falsa
128 601 211 658 nulla
225 607 271 655 est
283 600 422 656 canonica
435 600 603 656 auctoritas.
629 598 788 676 Scripsisse
799 601 914 676 quidem
925 605 1066 662 nonnullo

39 688 142 744 divina
154 681 259 740 Enoch
272 684 353 738 illum
366 683 519 757 septimum
531 683 566 740 ab
579 684 685 756 Adam,
710 701 819 764 negare
832 703 891 743 non
903 705 1066 761 possumus,

41 789 111 828 cum
127 766 180 825 hoc
198 769 231 824 in
249 765 380 842 Epistola
399 769 541 824 canonica
558 766 644 826 ludas
657 768 809 843 Apostolus
823 768 909 826 dicat.
935 768 994 827 Sed
1006 789 1066 828 nou
1140 761 1146 772 '

41 854 152 911 frustra
166 871 226 908 non
239 860 308 907 sunt
320 852 352 907 in
364 869 399 906 eo
414 869 526 908 canone
538 849 769 928 scripturarum,
787 854 839 928 qui
853 854 1023 911 servabatur
1035 855 1067 911 in

42 939 151 1012 templo
175 934 305 992 Hebraei
328 937 427 1010 populi
453 937 668 993 succedentium
693 935 847 1014 diligentia
872 935 1067 1008 sacerdotum,

43 1019 121 1098 [Cnr
134 1029 233 1077 autem
245 1015 319 1095 hoc]
334 1021 392 1075 nisi
405 1021 473 1094 quia
485 1021 521 1078 ob
536 1023 737 1098 antiquitatem
750 1033 899 1094 suspectae
912 1021 980 1078 fidei
992 1021 1063 1078 iudi·

41 1116 105 1163 cata
119 1114 206 1176 sunt,
231 1122 286 1160 nee
300 1113 397 1162 utrum
406 1101 478 1160 haec
491 1113 589 1161 essent
603 1122 677 1180 quac
690 1106 740 1160 ille
754 1107 931 1180 sscripsiset,
956 1115 1070 1182 poterat

41 1191 187 1260 inveniri,
215 1206 275 1244 non
287 1187 392 1243 talibus
412 1187 642 1262 proferentibus,
663 1191 712 1262 qui
725 1206 759 1244 ea
770 1207 822 1262 per
835 1191 938 1245 seriem
952 1208 1069 1246 sucees-

42 1275 137 1331 sionis
150 1273 350 1347 reperirentur
366 1273 423 1327 rite
445 1289 587 1328 servasse.
630 1270 712 1328 Vnde
723 1272 775 1327 illa
788 1291 860 1348 quae
874 1272 926 1328 sub
941 1275 1002 1329 eius
1014 1292 1070 1330 no·

44 1361 125 1433 mine
142 1355 346 1432 proferuntur,
373 1364 403 1411 et
426 1356 580 1412 continent
602 1357 673 1411 istas
697 1355 732 1411 de
753 1355 921 1434 gigantibus
948 1357 1070 1427 fabulas,

43 1440 124 1518 quod
137 1459 196 1496 non
207 1438 363 1496 habuerint
374 1437 506 1495 homines
526 1448 641 1514 patres,
668 1448 747 1495 recte
759 1459 776 1496 a
793 1439 982 1515 prudentibus
995 1439 1069 1496 iudi-

41 1533 149 1582 cantur
159 1543 219 1580 non
232 1525 324 1599 ipsius
337 1541 402 1579 esse
416 1521 575 1590 credenda3
602 1525 678 1580 sicut
691 1525 780 1582 multa
794 1523 845 1580 sub
864 1523 1030 1580 nominibus
1042 1533 1071 1580 et

41 1611 166 1666 aliorum
178 1606 399 1683 Prophetarum,
414 1619 443 1664 et
455 1609 619 1665 recentiora
631 1608 683 1666 suh
697 1609 861 1665 nominibus
872 1608 1072 1683 Apostolorum

41 1694 76 1750 ab
89 1692 249 1749 haereticis
271 1691 472 1766 proferuntur,
499 1709 572 1768 quae
585 1693 683 1748 omnia
695 1692 748 1748 sub
763 1693 880 1749 nomine
894 1689 1070 1768 apocrypho-

42 1797 107 1834 rum
123 1777 300 1834 auctoritate
321 1778 462 1832 canonica
480 1775 615 1855 diligenti
633 1777 848 1833 examinatione
869 1785 980 1833 remota
994 1785 1070 1831 sunt.

40 1862 137 1942 lgitnr
149 1858 314 1917 seeundum
327 1858 493 1934 Scripturas
508 1863 663 1918 canonicas
674 1859 823 1918 Hebraeas
836 1869 922 1936 atque
930 1858 1070 1917 Christia-

43 1965 113 2019 nas,
137 1945 247 2002 multos
262 1944 397 2022 gigantes
410 1954 478 2001 ante
490 1943 629 2002 diluvium
642 1945 744 2016 baisse,
770 1945 887 2001 dubium
900 1961 960 2000 non
974 1952 1029 2014 est,
1044 1951 1073 1998 et

39 2029 90 2087 hos
110 2031 206 2088 fuisse
226 2029 306 2084 cives
326 2029 493 2106 terrigenae
507 2029 654 2086 societatis
667 2028 830 2098 hominum
856 2026 914 2083 Dei
927 2033 1023 2081 autem
1036 2025 1071 2081 fi-

39 2118 114 2184 lios,
128 2115 180 2189 qui
192 2110 353 2168 secundum
366 2129 483 2168 carnem
497 2111 532 2167 de
545 2111 617 2168 Seth
629 2113 781 2188 propagati
794 2119 878 2180 sunt,
893 2111 924 2164 iu
937 2108 1011 2164 hanc
1025 2127 1071 2164 so·

40 2200 179 2256 cietatem
192 2195 307 2252 deserta
320 2196 434 2251 iustitia
448 2194 618 2252 declinasse.
661 2194 723 2252 Nec
736 2192 900 2250 mirandum
913 2201 973 2263 est,
997 2190 1072 2268 quod

41 2284 131 2339 etiam
149 2280 185 2335 de
203 2281 275 2354 ipsis
293 2279 428 2357 gigantes
450 2280 531 2336 nasci
548 2288 715 2352 potuerunt.
758 2277 859 2354 Neque
881 2277 1071 2334 enimomnes

39 2369 196 2446 gigantes,
212 2363 264 2419 sed
275 2365 369 2440 magis
381 2364 465 2420 multi
479 2364 579 2440 utique
592 2372 662 2420 tunc
675 2364 809 2434 fuerunt,
822 2379 908 2438 quam
919 2369 985 2437 post
997 2359 1071 2415 dilu-

37 2454 118 2508 vium
133 2447 314 2522 temporibus
329 2449 461 2503 caeteris.
492 2449 571 2514 Quos
583 2457 739 2521 propterea
751 2464 850 2502 creare
862 2446 971 2519 placuit
983 2442 1070 2502 Creo-

38 2538 109 2606 tori‚
136 2543 173 2590 ut
187 2532 277 2588 ctiam
289 2527 358 2586 hinc
371 2529 574 2588 ostenderetur
587 2547 648 2586 non
661 2532 755 2586 solum
766 2526 1004 2602 pulchritudines,
1018 2543 1071 2584 ve-

39 2638 107 2676 rum
118 2619 211 2674 etiam
225 2625 254 2672 et
266 2613 482 2692 magnitudines
497 2623 527 2670 et
536 2613 723 2670 fortitudines
735 2629 886 2686 corporum
898 2627 959 2666 non
972 2610 1071 2686 magni

39 2701 212 2779 pendendas
232 2717 296 2756 ease
314 2691 454 2772 sapienti,
481 2699 532 2773 qui
550 2697 726 2771 spiritalibus
751 2703 838 2770 atque
862 2692 1072 2750 immortalibus

39 2790 132 2864 longe
148 2783 317 2842 melioribus
334 2791 421 2857 atque
440 2780 615 2838 firmioribus
634 2789 663 2836 et
681 2781 822 2836 honorum
844 2777 985 2853 propriis,
1013 2794 1072 2833 noa

36 2872 182 2928 bonorum
200 2869 398 2941 malorumque
417 2864 617 2928 communibus
640 2864 822 2920 beatificatur
844 2862 938 2920 bonis.
981 2861 1073 2928 Quam

35 2976 99 3014 rem
113 2955 191 3011 alius
205 2949 349 3026 Propheta
363 2950 567 3008 commendans
580 2951 634 3005 ait:
661 2943 709 3006 Its·
718 2948 851 3024 fuerunt
865 2949 1006 3024 gigantes
1027 2943 1074 3002 tlte·

33 3039 202 3107 nominati,
230 3037 281 3112 qni
296 3035 332 3092 ab
346 3035 432 3094 initio
444 3026 578 3108 fuerant
591 3035 752 3103 staturosi,
778 3033 904 3089 scientes
915 3028 1072 3109 proelium.

32 3123 97 3184 Non
125 3123 184 3182 bos
208 3118 299 3195 elegit
313 3117 470 3188 Dominus,
495 3119 646 3176 neoniam
669 3117 814 3174 scientiae
837 3115 918 3173 dedit
941 3113 1017 3172 illia:
1044 3119 1072 3168 et

32 3212 234 3273 interierunt,
249 3204 318 3280 quia
331 3222 387 3261 non
400 3201 567 3259 babuerunt
581 3203 769 3278 sapientiam,
776 3199 937 3277 perierunt
943 3205 1072 3274 propter

31 3288 332 3353 inconsiderantiam.

402 3366 525 3426 cnP.
567 3364 717 3423 XXlV.

29 3473 178 3540 Quomodo
192 3466 397 3588 intellgendum
412 3465 461 3528 sit,
481 3461 597 3532 paodes's
607 3460 762 3531 quintanio
768 3457 999 3540 perdendierant,
1018 3451 1074 3504 Do·

171 3538 261 3591 minas
292 3536 361 3589 init.-
381 3532 946 3597 Erantdiesearamcentamasgsntsaons.

94 3629 191 3703 Quod
209 3636 306 3685 autem
326 3625 402 3682 dixit
415 3623 511 3694 Deus,
538 3621 638 3679 Erant
652 3623 713 3680 dies
729 3635 827 3678 eoram
842 3624 954 3676 centnm
966 3613 1074 3690 viginti

26 3723 104 3777 anni
112 3759 122 3789 ,
154 3731 220 3770 non
233 3711 276 3767 sio
288 3708 486 3784 accipiendum
499 3715 558 3773 est,
583 3707 668 3781 quasi
680 3701 916 3778 praenuntiatum
929 3697 983 3768 sit,
997 3721 1000 3728 ·
1008 3705 1094 3771 post*

24 3803 103 3862 haec
130 3797 270 3856 homines
293 3801 410 3850 centum
432 3790 541 3869 viginti
562 3807 655 3846 annos
672 3783 796 3844 vivendo
814 3801 873 3840 non
895 3778 1072 3859 mansgredi,

25 3907 127 3965 quum
142 3890 176 3938 et
188 3878 256 3956 post
268 3877 410 3935 diluvium
423 3876 510 3934 etiam
523 3873 700 3953 quingentos
710 3869 871 3927 excesssise
879 3867 1061 3924 inveniamus
