2592 4396
235 283 237 289 ,
263 201 324 260 nn
346 198 562 263 crvrrrrn
585 205 664 266 ner
691 207 769 266 mn
792 209 869 270 xn.
1016 217 1077 276 arc

40 363 148 419 aliena
163 357 235 412 sint.
279 355 360 411 Etsi
378 357 471 431 potuit
489 359 586 415 anima
607 358 703 417 facere
720 381 772 436 per
787 364 1007 437 imprudentiam
1021 370 1076 427 sibi

40 461 156 502 noram
179 439 347 511 miseriam,
372 457 445 516 quae
458 460 517 500 non
532 451 608 498 esset
626 445 783 520 improvise
795 446 911 505 divinae
922 452 1075 524 providen-

40 531 123 598 tiae,
150 534 188 582 ut
207 522 286 580 hene
299 542 410 600 quoque
423 525 455 581 in
468 544 565 582 rerum
578 526 709 584 ordinem
728 529 906 603 includeret,
933 541 962 589 et
974 533 1009 590 ab
1022 533 1076 592 bae

41 632 108 670 eam
127 627 194 666 non
208 607 368 682 improvide
386 607 535 682 liberaret3
563 629 620 686 que
632 611 748 684 tandem
761 616 923 672 temeritate
935 614 1077 674 humanae

38 693 192 754 vanitatis
216 690 355 748 audemus
375 710 484 769 negare
505 692 686 752 divinitatem
707 695 802 753 iacere
819 716 905 773 pesse
921 719 990 773 res,
1016 720 1077 758 non

38 780 110 849 sibi,
138 775 195 832 scd
207 774 315 834 mundo
328 793 428 847 novas,
452 795 523 851 quas
534 796 629 853 neque
642 787 728 838 antea
740 779 858 852 lecerit,
882 802 1077 860 necunquam

38 862 184 918 habuerit
203 855 394 932 improvisasl
416 857 450 916 Si
463 869 560 918 autem
573 860 675 920 dieunt
686 864 822 922 liberatas
835 866 951 941 quidem
962 869 1076 924 enimes

38 947 77 1002 ad
90 944 249 1000 miseriam
261 960 321 998 non
335 961 517 1016 reversuras,
542 944 592 1000 sed
612 965 678 1004 eum
696 945 750 1006 boc
771 948 818 1019 fit,
844 951 876 1006 in
894 952 981 1008 rebus
1002 949 1077 1008 nihil

37 1030 113 1086 novi
126 1027 213 1098 fieri,
242 1027 380 1102 quonism
393 1045 503 1102 semper
517 1030 590 1084 eliae
603 1039 691 1105 atquo
703 1033 777 1088 aliae
789 1032 927 1090 liberatae
941 1044 1019 1106 sunt,
1046 1043 1076 1092 et

36 1115 221 1180 liberantur,
237 1119 266 1165 et
278 1110 493 1170 liberabuntur:
514 1110 568 1170 hoe
581 1123 659 1170 certe
672 1115 843 1187 concedant,
858 1119 884 1172 si
896 1119 937 1174 ita
949 1127 1003 1190 est,
1020 1137 1075 1176 no-

36 1215 92 1254 vas
113 1196 233 1251 animas
257 1193 340 1265 fieri,
367 1194 470 1268 quibua
489 1195 523 1250 fit
542 1199 790 1268 etneramiseria
802 1207 831 1254 et
843 1217 920 1256 nova
932 1201 1075 1258 liberatio.

37 1281 122 1337 Nam
135 1279 165 1333 si
179 1277 313 1352 antiques
327 1296 375 1334 ees
389 1277 491 1334 dieunt
505 1297 579 1351 esse,
602 1290 632 1336 et
645 1289 806 1336 retrorsum
820 1283 1025 1355 sempiternas,
1039 1302 1076 1340 ex

38 1363 156 1439 quibus
171 1360 297 1434 quotidie
311 1363 380 1418 novi
391 1361 466 1416 liant
476 1360 624 1435 homines,
651 1362 687 1418 de
700 1381 822 1439 quorum
837 1367 1022 1440 corporibus,
1050 1368 1077 1422 si

37 1446 201 1520 sapienter
211 1445 349 1515 vixerint,
375 1445 417 1500 ita
430 1445 601 1519 liberentur,
627 1455 661 1504 ut
673 1465 821 1524 nunquam
833 1447 871 1504 ad
882 1450 1014 1506 miserias
1028 1467 1075 1505 rc-

35 1532 224 1598 volvantur,
252 1537 465 1603 consequenter
478 1529 584 1586 dicturi
597 1539 667 1588 sunt
689 1530 829 1588 infinitus.
871 1533 1077 1600 Quantuslibet

36 1631 175 1687 namque
189 1610 295 1666 finiens
310 1630 448 1668 numerus
462 1611 565 1670 fuisset
577 1615 754 1686 animarum,
780 1605 904 1672 infinitis
918 1625 997 1672 retro
1011 1635 1075 1674 see·

36 1699 119 1755 culis
141 1693 276 1752 sufficere
295 1713 356 1752 non
373 1698 501 1769 valeret,
527 1707 561 1754 ut
574 1716 612 1754 ex
626 1700 676 1754 illo
689 1717 802 1774 semper
814 1699 919 1756 tierent
931 1698 1075 1771 homines,

37 1799 173 1858 quorum
192 1788 292 1834 essent
312 1781 426 1836 animae
447 1779 481 1836 ab
501 1783 559 1838 isto
576 1801 690 1857 semiper
708 1785 885 1840 mortalitate
899 1783 1075 1856 liberandae,

37 1881 200 1939 nunquam
220 1861 258 1918 ad
279 1862 361 1918 deam
380 1864 517 1940 deinceps
537 1865 692 1924 rediturae.
734 1866 796 1924 Nec
809 1869 869 1924 ullo
883 1866 968 1924 modo
981 1869 1075 1940 expli-

37 1951 164 2019 cabunt,
190 1945 333 2020 quomode
348 1948 378 2002 in
395 1947 497 2019 rebus,
519 1967 607 2024 quas,
629 1959 663 2006 ut
682 1949 747 2007 Deo
766 1960 852 2008 notae
871 1969 935 2008 esse
952 1952 1075 2026 possint,

36 2035 143 2090 finitas
157 2032 274 2100 velunt,
287 2029 420 2086 infinitus
434 2033 473 2086 sit
484 2051 620 2090 numerus
633 2035 804 2090 animarum.

107 2118 295 2189 Quapropter
309 2115 447 2188 quoniam
460 2116 627 2172 circumitus
640 2117 684 2170 illi
697 2117 754 2172 ism
767 2118 880 2189 explosi
901 2124 985 2186 sunt,
1012 2118 1075 2192 qui-

35 2205 96 2259 bus
111 2199 150 2255 ad
171 2196 289 2254 easdem
310 2198 440 2254 miserias
459 2200 625 2256 necessario
642 2200 797 2280 putabatur
817 2203 913 2256 anima
931 2198 1077 2272 reditura;

36 2283 120 2361 qnid
131 2291 224 2338 restat
238 2283 460 2338 convenientius
473 2283 591 2355 pietati,
617 2301 705 2358 quam
722 2283 843 2340 eredere
865 2301 1002 2340 nonense
1021 2285 1075 2340 im-

36 2368 188 2444 possibile
200 2365 278 2436 Deo,
293 2374 323 2420 et
336 2383 370 2420 es
383 2383 458 2440 quae
471 2383 618 2442 nunquam
631 2367 735 2424 fecerit
745 2387 822 2425 nova
834 2369 943 2438 faeere,
958 2377 988 2424 et
999 2365 1075 2424 inef-

36 2454 127 2510 fabili
140 2449 340 2526 praescientia
351 2451 530 2506 voluntatem
547 2451 715 2506 mutabilem
732 2469 793 2506 non
816 2447 941 2508 heberei
983 2450 1075 2508 Porro

41 2547 144 2594 eutem
155 2542 257 2589 utrum
267 2533 428 2590 animarum
437 2533 624 2588 liberatarum
634 2551 689 2588 nee
701 2535 824 2588 ulterius
838 2533 1015 2588 admiseritis
1029 2550 1076 2588 re-

41 2621 213 2676 diturarum
227 2633 365 2672 numerus
378 2617 471 2689 possit
483 2633 596 2688 semper
608 2616 725 2694 augeri,
745 2617 802 2689 ipsi
814 2615 957 2686 viderint,
977 2615 1030 2688 qui
1043 2612 1077 2668 de

40 2721 147 2759 rerum
160 2699 310 2756 infinitate
327 2697 486 2755 cohibenda
506 2707 566 2754 tam
588 2699 732 2755 subtiliter
750 2698 910 2774 disputant:
937 2715 991 2753 nes
1008 2714 1077 2752 vero

40 2785 306 2842 ratiocinationem
319 2791 448 2839 nostram
457 2799 496 2838 ex
504 2790 627 2858 utroque
639 2785 732 2839 latere
744 2784 941 2838 terminamus.
955 2779 989 2838 Si
1000 2781 1078 2835 enirn

41 2875 164 2946 potest,
189 2865 259 2942 quid
273 2883 376 2922 caune
395 2875 440 2924 est
455 2875 488 2924 ut
505 2875 631 2944 negetur
649 2869 741 2924 creari
760 2868 890 2940 potuim
907 2863 982 2942 quod
1000 2881 1077 2922 nun-

42 2971 137 3029 quam
150 2960 238 3006 antea
251 2958 381 3006 creatum
394 2959 483 3022 esset,
507 2951 534 3005 si
551 2951 738 3008 liberatarum
754 2952 916 3006 animarum
929 2966 1077 3019 numerus,

44 3039 96 3112 qui
112 3049 264 3109 nunqnam
277 3042 364 3088 antea
376 3033 442 3106 luit,
462 3050 527 3091 nen
541 3035 633 3090 solum
645 3033 738 3090 faetus
751 3044 795 3091 est
807 3037 911 3106 semel,
936 3033 988 3090 sed
1002 3051 1078 3088 nun-

42 3136 134 3196 quan
145 3119 216 3174 lieri
235 3113 365 3172 desinetl
407 3115 441 3175 st
453 3128 551 3176 autem
561 3128 679 3193 opertet
690 3127 722 3174 ut
733 3128 828 3176 certus
841 3121 880 3175 sit
892 3119 1079 3174 liberatarum

41 3204 155 3279 aliquis
168 3217 310 3258 uumerus
322 3202 498 3272 animorum,
520 3219 593 3277 quae
612 3202 649 3257 ad
665 3203 812 3260 miseriam
832 3217 982 3278 nunquam
993 3199 1078 3255 rede-

42 3297 108 3358 ent,
121 3301 224 3360 neque
236 3285 293 3339 isto
305 3301 441 3341 numerus
454 3287 577 3340 ulterius
591 3285 747 3364 ungentum
772 3286 862 3340 mam
872 3287 934 3359 ipse
948 3286 1012 3340 sine
1025 3282 1078 3337 du-

44 3373 95 3426 bio
107 3371 282 3446 mensque
295 3369 361 3440 erit,
374 3377 442 3424 ante
452 3369 556 3442 ntique
569 3385 715 3445 nunquam
726 3368 796 3424 tart:
808 3370 860 3444 qui
869 3368 1000 3442 prolecto
1015 3383 1078 3421 cre-

44 3473 148 3524 scere,
175 3460 206 3506 et
219 3451 261 3506 ed
274 3468 342 3507 suae
361 3453 532 3528 quantitatis
550 3455 707 3508 wrminnm
721 3452 878 3525 pervenire
895 3451 961 3505 tine
983 3449 1079 3520 aliquo

45 3557 109 3596 non
127 3543 233 3613 posset
250 3535 349 3608 initie3
374 3535 452 3612 quod
470 3535 587 3591 initium
601 3551 634 3592 co
647 3535 731 3591 merlo
746 3543 836 3590 antea
852 3546 1001 3606 nunquam
1013 3529 1070 3584 fuit

44 3621 115 3680 Hoc
129 3637 206 3698 ergo
219 3626 253 3675 ut
265 3629 354 3692 utet,
368 3629 481 3676 creatos
495 3617 647 3692 esthemo,
662 3628 828 3692 antequem
841 3616 938 3672 nullus
952 3613 1016 3669 fuit.
