2586 4396
236 209 275 267 62
459 201 554 262 DlVl
575 199 757 259 AVRELll
777 199 1027 258 AVGl-'S'l'lNl

237 378 270 416 eo
284 358 358 434 quod
372 356 451 414 Deus
471 372 523 411 sex
538 353 637 410 diebus
657 351 811 428 perfecerit
829 370 916 427 opere
936 371 1005 424 sua,
1028 355 1110 410 utin
1131 359 1248 431 septimo

233 444 435 519 requiesceret.
470 437 516 495 De
530 455 585 512 qua
597 439 673 493 rein
687 436 760 492 libro
773 436 943 507 undecimo,
956 438 1032 492 sicut
1044 440 1138 512 potui,
1152 439 1249 514 dispu-

233 527 302 581 tavi.
344 521 448 580 Sexies
462 531 558 578 autem
577 522 656 591 seni,
683 521 733 595 qui
754 537 891 575 numerus
913 519 1084 595 quadratum
1105 525 1250 579 senarium

233 605 320 679 facit,
344 607 467 684 triginta
480 621 532 660 sex
546 603 607 658 dias
620 603 707 659 liunt:
735 603 785 677 qui
802 603 986 676 multiplicati
1002 602 1116 674 decies,
1140 603 1174 660 ad
1185 614 1246 661 tre-

233 699 333 747 centos
348 689 501 766 sexaginta
513 688 703 762 perveniunt,
716 685 746 741 id
759 695 822 756 est,
837 684 989 741 duodecim
1000 704 1113 742 menses
1126 688 1247 744 lunares.

232 772 355 848 Propter
372 772 498 846 quinque
517 769 579 826 dies
597 771 675 826 enim
691 770 832 844 reliquos,
859 767 964 842 quibus
976 770 1079 825 solaris
1092 787 1185 826 annus
1198 772 1248 828 im-

231 858 342 932 pletur,
368 863 397 910 et
418 852 476 909 diei
493 852 698 929 quadrantem,
724 861 841 926 propter
859 869 944 927 quem
962 861 1065 926 quater
1083 852 1201 909 ductum
1218 875 1248 912 eo

233 957 326 1011 anuo,
341 931 425 1013 quem
438 937 598 994 bissextum
610 944 733 1006 vocant,
748 953 823 991 unus
837 934 899 991 dies
913 935 1061 1006 adiicitur,
1075 935 1248 995 addebantur

233 1022 408 1078 auctoribus
420 1030 521 1097 postea
533 1020 611 1091 dies,
628 1029 661 1075 ut
674 1028 841 1075 occurreret
852 1036 987 1075 numerus
1000 1036 1159 1091 annorum,
1182 1040 1246 1096 quos

234 1104 295 1162 dies
309 1104 435 1162 Romani
448 1105 636 1161 intercalares
651 1101 802 1159 vocabunt.
821 1100 947 1158 Proinde
961 1103 1047 1170 etiam
1059 1101 1156 1174 Enos,
1170 1122 1248 1178 quem

234 1186 427 1268 genuitSetb,
441 1187 539 1244 decern
550 1196 580 1243 et
588 1205 692 1243 novem
702 1185 807 1264 agebat
818 1201 920 1256 annos,
934 1184 1049 1260 quando
1059 1204 1099 1241 ex
1108 1187 1155 1241 illc
1165 1196 1248 1242 natus

234 1282 280 1330 est
292 1272 371 1330 filius
385 1273 447 1332 eius
461 1271 584 1342 cainan,
599 1287 670 1346 quos
682 1286 776 1326 anuos
789 1268 859 1326 dicit
871 1267 1023 1343 Scriptura
1036 1271 1247 1325 eentum'nona-

234 1358 327 1438 ginta.
369 1355 409 1413 Et
421 1356 558 1429 deinceps
572 1373 625 1430 per
638 1371 738 1410 omncs
752 1353 974 1431 generationes,
1000 1353 1032 1408 iu
1046 1353 1148 1427 quibua
1157 1351 1248 1409 homi-

235 1460 306 1499 num
324 1441 394 1497 anni
414 1447 676 1497 commemorentur
695 1445 763 1494 ante
784 1436 940 1507 diluvium,
965 1437 1061 1492 nullus
1079 1436 1143 1492 fere
1156 1439 1187 1494 iu
1200 1455 1249 1493 uc-

235 1527 304 1580 stris
319 1524 464 1580 codicibus
478 1523 641 1591 iuvenitur,
668 1523 717 1596 qui
737 1538 801 1576 cum
818 1527 895 1576 esset
917 1528 1034 1576 centum
1051 1537 1193 1578 annorum
1207 1520 1250 1577 sel

234 1605 328 1678 infre,
352 1607 400 1662 vel
413 1607 499 1660 etiam
514 1613 631 1662 centum
642 1605 765 1681 viginti,
792 1612 913 1660 autnon
930 1605 1021 1659 multo
1039 1605 1176 1677 amplius,
1203 1623 1249 1682 ge·

235 1691 334 1745 nuerit
358 1688 465 1759 lilium;
490 1687 540 1742 sed
554 1687 603 1761 qui
615 1687 735 1742 minima
753 1695 846 1743 oetate
867 1696 1048 1765 genuerunt,
1075 1697 1191 1744 centum
1208 1707 1248 1742 se·

235 1773 372 1849 xaginte,
395 1780 424 1826 et
437 1769 513 1845 quod
526 1771 671 1841 excurrit,
697 1768 788 1826 luisse
801 1770 980 1826 referuntur:
1007 1771 1076 1846 quia
1088 1789 1182 1841 nemo,
1209 1772 1250 1826 in-

235 1856 356 1930 quiunt,
371 1854 470 1910 decem
488 1871 631 1910 annorum
642 1851 727 1908 homo
739 1862 836 1928 potest
848 1855 971 1933 gignere
983 1853 1075 1927 filios,
1094 1856 1143 1929 qui
1155 1873 1252 1910 nume-

234 1956 286 1994 rus
303 1947 418 1995 centum
430 1937 648 2013 appellabantur
660 1937 731 1993 anui
744 1937 778 1993 ab
791 1939 849 1993 illis
862 1937 1040 2010 bominibus3
1064 1937 1116 1994 sed
1126 1939 1157 1994 in
1168 1939 1252 1993 annis

235 2021 381 2080 sexdecim
395 2031 441 2078 est
451 2021 564 2078 mistura
572 2019 725 2096 pubertas,
740 2030 769 2076 et
779 2023 855 2096 proli
867 2023 924 2078 iam
934 2020 1040 2078 idonea
1051 2022 1251 2096 procreandae,

236 2124 308 2181 quos
332 2115 447 2162 centrum
470 2114 501 2162 et
524 2105 679 2183 s'cxcginta
701 2123 793 2161 annos
814 2107 865 2161 illa
888 2114 1018 2179 tempora
1042 2106 1251 2181 nuncupabant.

235 2187 274 2247 Vt
287 2198 382 2246 autem
395 2192 480 2246 aliter
493 2208 603 2246 annum
615 2197 685 2245 tune
698 2187 787 2245 fuisse
800 2189 996 2264 computatum
1008 2191 1119 2244 nonsit
1132 2187 1252 2245 incredi-

236 2273 311 2344 bile,
334 2273 475 2330 adiiciunt
486 2272 565 2349 quod
576 2271 652 2347 apud
663 2274 817 2348 plerosque
830 2274 983 2348 scriptores
996 2270 1137 2328 historiae
1149 2274 1253 2348 reperi·

236 2365 302 2428 tur,
327 2355 485 2434 Aegyptios
498 2354 632 2412 babuisse
645 2372 754 2412 aunum
766 2364 890 2432 quatuor
908 2357 1063 2426 mensium,
1089 2355 1252 2413 Acarnsnas

237 2456 289 2494 sex
301 2441 459 2512 mensium,
477 2438 615 2496 Lavinios
630 2437 770 2494 tredecim
787 2440 938 2496 mensium.
980 2437 1089 2496 Plinius
1103 2437 1253 2499 Secundus

236 2540 325 2598 quum
338 2531 606 2594 commemorasset,
631 2524 754 2578 relatum
766 2521 857 2578 fuisse
870 2523 903 2580 in
916 2524 1029 2593 literas,
1055 2523 1204 2598 quendam
1214 2525 1253 2580 si·

153 2674 158 2684 ·
235 2608 314 2663 uisse
328 2617 444 2664 centrum
456 2607 668 2684 quinquaginta
681 2605 752 2662 duos
766 2624 873 2679 anuos,
900 2608 988 2663 alium
1006 2605 1107 2662 decem
1127 2609 1255 2684 amplius,

235 2691 307 2748 alios
320 2690 512 2748 ducentorum
525 2706 669 2747 sanorum
680 2686 816 2746 habuisse
829 2691 935 2762 sitam,
962 2691 1033 2746 ulios
1050 2697 1255 2760 trecentorum,

236 2772 376 2849 quosdam
388 2773 425 2830 ad
435 2775 624 2851 quingentos,
637 2773 711 2828 alios
721 2771 757 2827 ad
768 2783 933 2845 sexcentos,
947 2775 1105 2830 nonnullos
1117 2773 1154 2831 ad
1164 2775 1256 2830 octin-

236 2864 341 2932 gentos
355 2858 443 2912 etiam
454 2856 638 2930 pervenisse,
664 2853 736 2911 haec
749 2858 847 2913 omnia
857 2865 974 2933 propter
987 2858 1136 2913 inscitiam
1147 2867 1257 2929 tempo·

151 2995 163 3004 ,
234 2955 301 2992 rum
314 2937 455 2993 accidisse
468 2937 625 2993 arbitratus
638 2947 692 2993 est.
718 2938 776 2993 Alii
788 2941 906 3015 quippe,
919 2941 1030 3014 inquit,
1044 2949 1154 2996 aestate
1165 2957 1258 2994 unum

236 3018 467 3076 determinabant
491 3037 614 3091 annum,
642 3029 672 3076 et
689 3022 812 3078 alterum
828 3022 938 3093 hieme,
965 3024 1016 3078 alii
1042 3022 1258 3099 quadripartitis

235 3101 424 3178 temporibus,
438 3103 515 3158 sicut
525 3102 662 3175 Arcades,
676 3105 787 3180 inquit,
801 3123 924 3182 quorum
936 3107 1007 3162 anni
1020 3107 1182 3162 trimestres
1194 3105 1257 3162 lue-

234 3203 276 3244 re.
302 3185 416 3242 Adiecit
427 3187 530 3258 etiam,
542 3187 696 3262 aliquando
709 3189 883 3266 Aegyptios,
908 3207 1030 3265 quorum
1046 3208 1153 3265 parvos
1166 3206 1257 3245 annos

236 3279 442 3346 quaternorum
451 3271 594 3327 meusium
604 3271 696 3329 fuisse
705 3290 792 3347 supra
801 3271 938 3344 diximus,
951 3274 1037 3329 lunae
1050 3271 1111 3329 fine
1120 3273 1259 3329 limitasse

235 3372 353 3410 anuum.
387 3352 487 3430 ltaque
497 3353 573 3430 cpud
587 3374 647 3442 eos,
660 3357 769 3430 inquit,
785 3363 814 3411 et
826 3357 942 3433 singula
954 3356 1044 3412 nullia
1057 3373 1205 3414 annorum
1217 3355 1259 3411 ri-

235 3437 316 3493 xisse
329 3437 498 3512 produntur.

300 3520 354 3578 His
367 3524 447 3579 velut
459 3521 654 3597 probabilibus
670 3523 849 3599 argumentis
869 3522 983 3598 quidam
999 3540 1060 3580 nou
1078 3522 1260 3580 destruentes

238 3603 325 3660 fidem
338 3624 438 3662 sacrae
451 3604 538 3662 huius
552 3603 705 3676 historice,
725 3605 777 3660 sed
790 3606 941 3662 adstruere
953 3608 1100 3677 nitentes,
1114 3625 1155 3662 ne
1169 3607 1209 3662 sit
1219 3605 1262 3658 in-

240 3685 376 3744 credibile
400 3689 476 3765 quod
499 3698 557 3744 tum
579 3688 683 3744 multos
707 3706 800 3745 annos
822 3689 935 3745 vixisse
950 3689 1119 3746 referuntur
1141 3687 1264 3760 antiqui,

240 3781 448 3838 persuaserunt
461 3773 534 3841 sibi,
548 3790 602 3828 nec
617 3788 649 3826 se
661 3769 782 3828 suadere
795 3771 992 3847 imprudenter
1006 3772 1196 3842 existimant,
1209 3779 1266 3825 tam

240 3849 378 3925 exiguum
392 3854 517 3924 spatium
529 3853 664 3926 temporis
680 3862 750 3910 tuuc
765 3873 873 3912 aunum
885 3865 1035 3926 vocatum,
1061 3864 1098 3910 ut
1108 3855 1156 3910 illi
1169 3853 1265 3910 decem
