2538 4392
97 191 102 201 “
211 235 267 292 too
359 231 365 238 ·
434 219 1020 284 ntvrevnuunrvevsurm
1080 180 1084 186 ’

209 395 304 442 terrae
318 380 421 451 buerit,
439 385 557 456 propter
570 373 647 454 quod
660 373 767 434 eodem
781 376 812 434 in
825 383 936 433 terram
949 373 1058 436 lentior
1070 381 1181 439 toleret
1194 401 1236 440 ee·

209 483 346 546 turgere:
373 472 402 520 et
415 463 442 519 ai
455 459 513 539 pua
528 460 605 517 forte
618 461 677 516 alio
688 459 882 536 praetermiai.
921 457 986 517 Hae
998 461 1117 520 fabulae
1130 465 1169 522 ad
1180 467 1235 523 bel-

207 552 267 606 lum
284 565 376 624 usque
395 545 572 616 Troianum,
598 541 649 600 ubi
666 541 828 601 seeundum
845 541 952 600 librum
964 541 1082 602 Merena
1096 544 1192 606 Varro
1205 549 1234 606 de

206 632 308 710 populi
320 629 446 690 Romani
460 637 550 706 gente
562 626 677 698 linivit,
704 643 742 682 ex
755 625 913 684 oeearione
930 623 1142 702 historiarum,
1168 650 1232 708 quoe

207 733 255 772 ree
267 714 414 774 veraciter
426 719 525 790 gestae
537 711 701 782 continent,
715 711 758 766 ita
767 718 837 774 aunt
846 707 1139 788 ingeniltbominum
1147 715 1232 788 fletae,

206 808 241 858 ut
253 816 314 856 non
326 797 389 854 alnt
399 793 561 871 opprobriis
575 793 730 850 numinum
741 791 855 851 affixae.
897 791 990 851 Porro
1003 803 1105 852 autem
1118 799 1232 874 quiern-

206 899 264 958 pue
275 879 429 938 finxerunt
439 895 457 935 a
469 875 540 934 love
553 875 589 933 od
603 885 737 952 stuprum
749 885 865 952 raptum
876 873 1108 952 pulcherrimum
1120 898 1232 955 puerum

207 961 423 1040 Ganymedem,
437 960 515 1037 quod
527 959 611 1018 nefas
624 977 679 1016 rex
691 957 835 1017 Tantalus
848 960 935 1034 feeit,
955 969 985 1018 et
996 961 1063 1020 lovi
1076 961 1171 1021 fabula
1184 967 1231 1020 tri·

205 1047 284 1118 buit3
312 1047 358 1104 vel
380 1043 499 1102 Danaeia
521 1061 573 1120 per
594 1043 717 1100 imbrem
738 1061 859 1100 aureum
883 1045 1026 1120 appetitae
1042 1047 1229 1116 eoneubitum,

205 1127 256 1186 ubi
265 1129 452 1208 intelligitur,
463 1126 604 1204 pudicitie
616 1127 746 1184 nubem
760 1143 832 1184 auro
845 1123 936 1184 initae
949 1138 1105 1204 eorrupta3
1118 1147 1187 1206 qnae
1197 1131 1232 1186 il-

205 1213 242 1272 lit
256 1211 433 1288 temporibus
447 1209 495 1266 vel
507 1209 584 1266 iaetu
595 1209 645 1268 vel
658 1208 729 1266 fieta
741 1218 827 1282 eunt,
848 1219 900 1266 aut
911 1209 989 1268 faeta
1001 1211 1038 1267 ob
1047 1213 1120 1269 aliia
1134 1222 1163 1270 et
1174 1213 1233 1272 beta

207 1293 242 1352 de
261 1293 346 1367 love,
372 1292 430 1350 diei
451 1309 511 1353 non
529 1301 628 1370 puteat
640 1301 783 1370 quantum
795 1293 866 1350 meli
879 1292 914 1350 de
927 1290 1079 1364 bominum
1091 1313 1233 1372 praetum-

206 1379 301 1437 aerint
321 1377 475 1450 eordibua,
501 1375 579 1453 quod
600 1385 722 1452 portent
739 1377 797 1434 iata
817 1377 964 1451 patienter
979 1377 1060 1434 ferre
1078 1379 1234 1450 mendatio,

205 1479 280 1540 quae
292 1470 392 1520 temen
406 1461 495 1520 etiam
506 1459 633 1518 libenter
647 1460 776 1534 amplexi
787 1468 870 1518 eunt:
884 1462 934 1536 qui
951 1461 1053 1536 utique
1066 1473 1178 1538 quanto
1192 1463 1233 1520 de·

204 1546 305 1602 uotiua
318 1543 417 1603 lovem
430 1545 547 1616 eolunt,
560 1552 645 1600 tanto
655 1561 707 1600 eoa
718 1544 769 1619 qui
779 1541 851 1600 baee
861 1543 897 1601 de
905 1545 958 1602 illo
969 1543 1070 1601 dieere
1082 1549 1151 1603 auri
1163 1555 1234 1618 eunt,

206 1627 340 1687 atterius
352 1627 457 1704 punire
470 1625 642 1684 debuerunt.
668 1625 757 1684 Nune
769 1645 857 1699 vero,
881 1645 942 1685 non
955 1628 1108 1685 tolomei·
1122 1631 1177 1706 qni
1187 1632 1234 1686 ieta

205 1709 369 1782 finxerunt,
388 1711 458 1768 irati
470 1727 531 1768 non
544 1717 631 1781 eunt3
657 1709 710 1768 aed
721 1718 755 1766 ut
768 1706 854 1788 [niti]
868 1711 940 1772 tolio
951 1710 1094 1789 figmenta
1108 1713 1198 1770 etiam
1209 1715 1233 1769 io

206 1793 329 1854 tbeatrie
340 1803 473 1873 egerent,
486 1794 566 1869 ipaoo
581 1791 651 1848 deoa
663 1794 760 1866 potius
773 1795 864 1852 iratea
879 1793 986 1852 babere
998 1795 1174 1854 timuerunt
1187 1795 1233 1854 ltu

206 1877 384 1955 temporibua
397 1875 511 1934 Latona
522 1877 637 1952 peperit
647 1875 827 1950 Apollinem,
854 1897 914 1936 non
926 1880 1010 1936 illum
1022 1881 1110 1936 euiua
1125 1881 1233 1938 oraeulr

206 1964 301 2020 tolero
314 1961 431 2020 eontuli
444 1960 578 2036 euperiua
591 1958 797 2036 loquebamur,
823 1961 875 2018 ted
888 1964 969 2020 illum
982 1979 1071 2038 quem
1083 1982 1154 2026 enm
1166 1963 1233 2022 ller-

206 2047 271 2104 eule
292 2045 394 2103 ferunt
405 2043 521 2102 Admeti
544 2043 625 2122 regia
648 2051 782 2101 armenta
801 2046 930 2121 pariete:
956 2047 1007 2124 qui
1018 2055 1122 2106 tamen
1143 2050 1234 2106 aieeat

205 2129 277 2188 deuo
290 2128 432 2202 ereditur,
444 2137 479 2188 ut
489 2127 609 2204 plurimi
622 2144 656 2184 ae
665 2145 741 2203 pena
751 2145 853 2187 omnes
864 2145 953 2188 unum
964 2128 1152 2208 eundemque
1157 2132 1233 2209 Apel-

204 2215 296 2271 linem
314 2211 407 2270 ftriooe
425 2213 594 2288 opinentur.
637 2209 723 2268 Tune
737 2220 767 2268 et
783 2210 871 2270 biber
887 2222 970 2289 peter
991 2213 1117 2272 bellavit
1139 2217 1173 2273 in
1195 2214 1234 2272 ln·

204 2296 269 2368 dia,
295 2297 347 2372 qui
358 2297 464 2352 multae
478 2293 582 2352 babuit
594 2295 628 2352 in
641 2295 775 2354 exereitu
787 2293 926 2369 leminea,
953 2315 1029 2374 quae
1041 2295 1181 2358 Beeobae
1194 2318 1234 2375 ap-

203 2380 330 2454 pellatae
348 2387 433 2451 eunt,
457 2395 519 2436 non
531 2385 592 2435 tom
603 2379 715 2435 virtute
729 2378 859 2452 nobilea,
886 2397 971 2455 quam
988 2379 1102 2438 furore.
1147 2383 1234 2458 Aliqui

204 2480 276 2520 eane
290 2471 320 2520 et
330 2463 442 2520 vietum
455 2460 592 2520 aeribunt
602 2463 694 2520 iatum
707 2462 844 2520 Liberum
858 2471 889 2519 et
899 2465 1047 2536 vinetum3
1060 2469 1203 2524 nonnulli
1213 2475 1238 2522 et

204 2547 336 2605 oeeiaum
353 2547 386 2604 in
398 2565 499 2626 pugna
512 2545 669 2619 aPeraeo,
695 2565 751 2603 nee
763 2547 814 2603 ubi
825 2545 916 2604 fuerit
928 2549 1060 2622 aepultue
1072 2558 1190 2609 taeent:
1214 2559 1238 2605 et

203 2639 304 2688 tamen
316 2631 381 2688 eiua
399 2632 483 2689 velut
502 2629 551 2686 dei
563 2631 683 2686 nomine
695 2648 747 2706 per
759 2628 924 2688 immundos
937 2629 1096 2689 daemorm
1111 2633 1237 2692 uatem·

128 2739 133 2746 ·
203 2715 285 2772 nolio
299 2731 398 2786 roera,
412 2715 461 2771 vel
473 2715 572 2788 potiua
583 2714 740 2792 sacrilegio
754 2723 824 2770 aunt
837 2715 987 2798 inatimto:
1003 2715 1042 2772 de
1053 2733 1184 2792 quornm
1196 2737 1237 2775 n-

202 2797 287 2855 biota
298 2795 482 2873 turpitudine
493 2805 561 2872 port
573 2806 634 2854 tam
645 2799 754 2856 multoe
768 2815 862 2855 annor
876 2799 918 2856 aie
931 2808 1053 2856 tenetue
1064 2803 1198 2874 erubuit,
1211 2811 1238 2858 ut

203 2881 236 2940 in
250 2879 322 2936 urbe
336 2875 430 2936 Roma
445 2896 509 2936 aare
521 2877 699 2954 prohiberet.
720 2880 778 2937 Per
792 2899 826 2938 eo
840 2891 971 2959 tempora
982 2881 1113 2942 Peneus
1128 2896 1160 2943 et
1171 2902 1237 2941 uror

204 2963 267 3018 eiua
279 2960 466 3019 Andromeda
485 2970 589 3036 postea
606 2979 693 3037 quam
712 2973 783 3022 aunt
799 2968 922 3040 mortui,
949 2968 991 3024 eie
1011 2982 1063 3024 eoa
1082 2970 1118 3026 in
1133 2971 1234 3026 eoelum

202 3052 338 3118 reeeptoa
351 3061 417 3100 eoae
431 3041 635 3118 erediderunt,
647 3055 682 3102 ut
691 3048 837 3128 imagines
850 3068 952 3107 eorum
964 3052 1059 3108 otellia
1074 3051 1235 3131 designare,

203 3143 360 3204 eorumque
373 3127 519 3204 appellare
532 3129 700 3188 nominibus
713 3149 775 3192 non
789 3133 1010 3205 erubeaeerent,
1023 3151 1082 3192 nee
1094 3137 1234 3194 timerent

592 3281 615 3341 C
627 3284 653 3343 A
665 3282 698 3340 Ρ.
740 3283 773 3342 Χ
785 3285 800 3343 l
815 3284 847 3343 V.

555 3379 600 3434 De
623 3379 766 3452 Tbeolegio
787 3383 885 3450 pettit.

263 3466 320 3524 Per
329 3466 408 3526 idem
417 3471 557 3547 temporie
567 3471 755 3528 intervallum
766 3474 944 3530 exstiterunt
956 3471 1079 3547 Poetae,
1093 3478 1148 3552 qui
1158 3475 1232 3532 etin

199 3547 348 3631 'l'beologi
368 3551 553 3626 dicerentur,
580 3555 718 3632 quoniam
737 3554 836 3614 dediit
847 3557 978 3614 earmina
994 3557 1169 3617 faciebant:
1195 3553 1236 3613 ted

199 3633 306 3690 talibua
320 3633 394 3707 lite,
409 3637 461 3714 qui
474 3638 546 3696 lieet
557 3639 659 3718 magni
670 3635 820 3710 homines,
843 3648 941 3697 tamen
954 3638 1091 3698 bominee
1105 3641 1235 3700 fuerunt:

200 3713 363 3772 entmundi
375 3716 483 3793 buiut,
509 3737 595 3796 quem
607 3737 695 3778 veruo
708 3715 790 3779 Deua
803 3721 895 3795 feeit,
912 3725 1063 3781 elementa
1079 3735 1169 3798 ennt3
1194 3731 1236 3779 aut

200 3796 233 3850 in
246 3797 459 3872 prineipotibue
473 3812 504 3859 et
515 3803 708 3878 potentatibus
720 3821 774 3880 pre
787 3807 939 3864 voluntate
947 3807 1097 3866 Creatori·
1108 3817 1142 3866 et
1155 3799 1234 3886 [noel

200 3877 262 3932 tuit
276 3880 388 3936 meriti·
402 3883 546 3943 ordinati:
573 3897 604 3944 et
621 3888 647 3944 ai
665 3887 735 3964 quid
754 3885 790 3944 do
812 3907 873 3948 uno
891 3907 963 3949 tero
976 3888 1041 3949 Deo
1056 3892 1140 3948 inter
1152 3891 1234 3948 nula
