2586 4396
213 191 271 248 180
439 125 747 246 nivi-Avunhtl
771 177 1022 242 svavsTntl

212 342 286 397 sime
299 340 440 415 copulata.
484 335 559 405 Quid
572 335 651 392 enim
663 332 743 391 eliud
752 331 911 390 ostendunt
922 332 974 390 illa
986 333 1156 406 simulacra,
1179 333 1243 392 ior-

211 441 294 495 mee,
320 430 448 492 aetates,
466 437 569 491 sexus,
581 416 695 474 habitus
707 411 843 474 decrumi
868 414 1014 492 Numquid
1027 416 1178 474 barbatum
1193 417 1244 476 lo-

212 525 294 578 vem,
320 503 478 563 imberbem
490 501 665 560 Mercurium
682 507 786 575 poetae
802 497 924 571 habent,
946 499 1099 574 pontifices
1112 519 1173 558 non
1186 499 1242 558 ha-

211 585 301 648 benti
328 587 474 663 Numquid
488 585 593 658 Priapo
607 583 704 654 mimi,
730 599 791 638 nen
812 583 899 639 etism
921 583 1086 640 sacerdotes
1108 586 1244 642 enormia

210 672 345 750 pudenda
369 663 518 726 fecerunt?
543 667 589 724 An
612 667 698 722 aliter
720 674 779 721 stat
801 665 964 722 adorandus
988 667 1020 723 in
1043 667 1115 723 locis
1137 669 1243 740 sacris,

212 745 299 832 quam
324 751 455 830 procedit
479 749 616 807 ridendus
643 750 675 805 in
700 744 840 805 theatrici
873 747 951 806 Num
963 747 1109 806 Saturnus
1135 767 1243 823 senex,

211 839 314 914 Apollo
328 834 468 910 ephebus,
481 835 524 890 ita
535 849 677 908 personae
689 841 758 890 sunt
770 829 960 904 histrionum,
987 841 1094 889 utnon
1108 831 1244 890 sintsta-

213 931 281 978 tuae
294 911 498 975 delubrorum?
525 915 584 974 Cur
594 914 734 972 Forculus
747 916 797 990 qui
810 913 919 972 foribus
932 924 1062 990 praeest,
1080 924 1110 971 et
1121 915 1245 972 Limen-

211 1005 290 1060 tinus
310 1001 360 1078 qui
383 1001 495 1073 limini,
520 999 561 1056 dii
574 1008 644 1056 sunt
655 999 792 1070 masculi,
818 1007 905 1074 atque
917 999 995 1056 inter
1007 997 1060 1055 hos
1073 996 1185 1055 Cardea
1197 997 1246 1054 fe-

210 1087 291 1143 mina
302 1093 360 1155 est,
386 1099 460 1159 quae
474 1081 622 1140 cardinem
638 1075 754 1139 servati
780 1079 887 1138 Nonne
899 1081 957 1138 ista
969 1083 1001 1138 in
1014 1099 1112 1138 rerum
1125 1081 1246 1139 divina-

211 1188 277 1226 rum
289 1168 372 1224 libris
385 1168 586 1240 reperiuntur,
609 1183 682 1241 quae
695 1182 800 1243 graves
813 1173 917 1240 poetae
928 1166 988 1221 suis
1003 1165 1179 1234 carminibus
1193 1165 1246 1221 in·

211 1252 301 1330 digna
315 1245 482 1306 emerunt
508 1246 656 1326 Numquid
667 1247 765 1305 Diana
777 1245 921 1304 theatrica
932 1257 1030 1323 portat
1042 1266 1133 1320 arma,
1147 1256 1178 1304 et
1190 1267 1246 1304 ur-

210 1335 286 1392 bana
298 1333 469 1408 sinpliciter
481 1334 567 1411 virgo
581 1327 655 1393 esti.
669 1330 817 1407 Numquid
829 1331 962 1388 scenicus
972 1331 1075 1406 Apollo
1089 1329 1248 1388 citharista

210 1427 270 1489 cst,
297 1425 327 1474 ct
339 1417 374 1474 ab
388 1415 443 1472 hoc
456 1425 520 1472 arte
533 1412 691 1491 Delphicus
704 1410 809 1472 vaceti
835 1412 895 1471 Sed
906 1411 977 1470 haec
989 1413 1158 1471 honestiora
1171 1424 1247 1472 sunt

209 1503 241 1558 in
255 1499 471 1575 comparatione
485 1499 656 1574 turpiorum.
701 1495 776 1565 Quid
789 1497 825 1553 de
837 1498 900 1573 ipso
914 1496 983 1554 lorc
995 1506 1167 1570 senserunt,
1191 1499 1247 1574 qui

210 1585 273 1640 eius
298 1582 487 1639 nutricemin
501 1580 646 1656 Capitolio
664 1576 844 1655 posueruntt
883 1579 989 1638 Nonne
1014 1581 1146 1638 attestati
1171 1591 1248 1638 sunt

209 1664 387 1736 Euhemero,
414 1665 464 1740 qni
477 1681 578 1722 omncs
591 1664 665 1720 tales
680 1663 748 1719 deos
761 1681 821 1720 non
834 1662 966 1722 fabulosa
979 1664 1162 1742 garrulitate,
1189 1665 1248 1722 sed

209 1749 350 1807 historica
375 1748 529 1826 diligentie
553 1745 687 1803 homiues
712 1745 802 1802 hrisse
828 1749 1022 1824 mortalesque
1047 1744 1247 1822 conscripsit?

208 1833 356 1908 Epulones
367 1833 456 1888 etiam
468 1831 536 1888 deos
546 1830 690 1906 parasitos
696 1828 785 1902 Ιοιὶι,
798 1829 835 1888 ed
849 1832 911 1888 eius
924 1849 1055 1888 mensam
1067 1831 1117 1906 qui
1130 1832 1247 1888 consti-

209 1924 343 1987 tuerunt,
370 1915 439 1991 quid
457 1913 536 1970 eliud
549 1931 636 1990 quem
647 1913 765 1971 mimice
778 1906 862 1972 'sacre
876 1932 939 1971 esse
951 1910 1125 1972 voluerunti
1164 1913 1194 1970 N
1195 1932 1248 1970 am

208 2000 350 2076 parasitos
364 1997 441 2055 lovis
455 1997 492 2056 ed
505 1998 566 2054 eius
586 1997 753 2056 convivium
765 1996 910 2056 adhibitos
932 1999 958 2055 si
978 1999 1083 2054 mimm
1105 1997 1247 2070 dixisset,

208 2086 300 2140 risum
311 2083 412 2158 utique
425 2082 571 2158 quaesisse
583 2080 739 2138 rideretur.
782 2079 875 2139 Varro
889 2081 982 2155 dixit3
1008 2099 1069 2138 uon
1085 2099 1150 2157 cum
1171 2081 1247 2138 irri-

211 2167 292 2224 deret
303 2166 388 2237 deos,
415 2163 466 2222 sed
477 2182 543 2220 cura
556 2163 786 2238 commendaret,
800 2162 855 2222 hoe
868 2165 957 2225 dixit:
985 2165 1165 2237 divinarum,
1180 2183 1249 2222 non

208 2249 402 2312 humanarum,
410 2265 509 2304 rerum
521 2247 605 2319 libri,
625 2245 681 2304 hcc
694 2265 760 2304 enm
773 2249 924 2324 scripsisse
936 2256 1097 2320 testantnr3
1123 2265 1179 2304 nec
1191 2249 1249 2305 ubi

209 2333 292 2390 ludos
317 2332 449 2388 scenicos
476 2330 656 2407 exponebat,
682 2329 733 2387 sed
750 2329 979 2406 nbiCapitolina
1000 2332 1065 2387 iure
1086 2330 1247 2406 pandebat.

208 2413 343 2491 Denique
365 2413 505 2472 atalibas
526 2415 671 2485 riantur,
697 2422 728 2470 et
750 2412 874 2487 fatetur,
899 2415 976 2472 sicut
1000 2412 1093 2471 forma
1114 2413 1250 2474 humana

209 2499 277 2556 deos
292 2498 440 2570 iecerunt,
453 2499 495 2556 ita
508 2516 557 2553 eos
570 2497 710 2555 delectari
719 2495 852 2554 humanis
865 2497 1060 2576 voluptatibus
1073 2497 1249 2556 prodidisse.

271 2581 339 2639 Non
351 2583 431 2640 enim
444 2591 474 2638 et
485 2581 609 2660 maligni
622 2580 742 2657 spiritns
754 2597 807 2638 suo
821 2581 941 2660 negotio
954 2580 1122 2653 dehrerunt,
1141 2589 1176 2639 ut
1189 2580 1249 2638 has

209 2667 313 2724 noxias
326 2667 479 2742 opiniones
492 2661 684 2722 humanarum
696 2664 837 2722 mentium
858 2663 1058 2722 ludificatione
1078 2661 1248 2722 firmarent.

208 2749 291 2805 Vnde
304 2749 392 2806 etiam
404 2747 477 2805 illud
489 2755 550 2819 est,
576 2747 653 2824 quod
664 2745 801 2804 Herculis
821 2745 953 2804 aedituus
974 2748 1083 2806 otiosus
1096 2756 1185 2822 atque
1197 2747 1248 2804 fe-

207 2834 299 2890 riatus
312 2832 383 2888 lusit
395 2831 513 2887 tesseris
526 2848 624 2888 secum
634 2839 757 2906 utraque
766 2849 854 2888 manu
865 2831 1040 2903 alternante,
1053 2830 1086 2886 in
1096 2847 1154 2886 una
1167 2848 1248 2888 con-

207 2916 332 2970 stituens
346 2912 518 2986 Herculem,
544 2915 577 2972 in
591 2913 684 2972 altera
704 2930 737 2970 se
749 2914 857 2988 ipsum3
883 2913 984 2986 subeo
997 2913 1181 2984 conditione,
1209 2925 1250 2972 ut

207 2999 233 3052 si
245 2998 308 3069 ipse
319 2997 453 3069 vicisset,
478 2996 514 3054 de
528 2999 603 3074 stipe
615 2996 715 3072 ternpli
727 2997 783 3054 sibi
797 3015 918 3056 coenem
939 3005 1073 3073 pararet,
1099 2998 1247 3054 amicam-

207 3097 263 3155 que
275 3080 464 3154 condueeret3
490 3081 516 3138 si
528 3089 626 3138 eutem
637 3080 763 3138 victorie
776 3079 912 3138 Herculis
926 3081 1024 3152 fieret,
1045 3078 1101 3138 hoc
1113 3080 1192 3136 idem
1206 3080 1248 3136 dc

206 3165 330 3236 pecunia
344 3181 396 3220 sua
408 3164 552 3238 voluptati
563 3161 700 3219 Herculis
714 3161 878 3228 exhiberet:
905 3163 1009 3220 deinde
1022 3180 1087 3220 cum
1100 3181 1117 3218 a
1129 3179 1162 3218 sc
1174 3163 1247 3238 ipso

206 3254 348 3322 tanquam
357 3246 392 3303 ab
406 3245 534 3303 Hercule
546 3247 641 3303 victus
655 3255 746 3319 esset,
773 3247 898 3303 debitam
912 3261 1033 3302 coenam
1046 3254 1077 3302 et
1088 3243 1248 3309 nobilissi-

205 3347 282 3386 mam
302 3331 486 3388 meretricem
497 3328 688 3388 Larentinam
700 3330 754 3387 deo
767 3328 890 3386 Herculi
902 3327 989 3384 dedit.
1031 3329 1071 3386 At
1095 3328 1147 3384 illa
1173 3347 1247 3388 curn

206 3411 390 3470 dormivisset
402 3413 434 3469 iu
447 3414 570 3488 templo,
588 3413 664 3470 vidit
673 3414 706 3470 in
718 3413 828 3490 somnis
841 3410 999 3468 Herculem
1011 3411 1066 3468 sibi
1080 3429 1143 3468 esse
1157 3431 1247 3470 com-

204 3497 344 3569 mixtura,
369 3496 481 3572 sibique
505 3495 631 3566 dixisse,
658 3495 734 3572 quod
747 3495 817 3554 inde
830 3494 980 3554 discedens
994 3496 1042 3551 eui
1053 3495 1179 3570 primum
1193 3496 1247 3553 iu-

204 3580 273 3634 veni
286 3580 372 3636 obvia
383 3577 483 3651 fieret,
506 3578 582 3656 apud
594 3580 679 3636 illum
692 3588 768 3636 esset
779 3579 938 3637 inventura
949 3577 1125 3649 mercedem,
1149 3596 1259 3658 quam·

204 3659 260 3716 sibi
273 3661 391 3715 credere
404 3660 522 3718 deberet
533 3661 569 3718 ab
583 3660 712 3718 Hercule
720 3664 905 3738 persolutam.
927 3661 970 3718 Ac
982 3661 1025 3718 sic
1037 3660 1156 3716 abeunti
1170 3679 1245 3720 cum

203 3742 311 3816 primus
335 3741 450 3798 iuvenis
472 3739 629 3796 ditissimus
643 3743 782 3798 Tarutlus
808 3745 999 3814 occurrisset,
1025 3760 1145 3818 ceraque
1159 3742 1243 3802 dile-

205 3830 279 3880 ctam
292 3840 390 3880 seeum
403 3823 510 3880 diutius
523 3821 686 3898 habuisset,
712 3825 764 3882 ille
776 3821 881 3882 herede
892 3827 996 3882 relicta
1012 3824 1165 3882 defunctus
1179 3839 1232 3886 est
