2510 4404
173 217 232 276 DE
257 219 472 279 CIVITATE
495 221 573 279 DEI
594 221 673 280 LlB.
697 221 816 282 XXll.
953 231 1014 286 3⁹3

38 370 257 443 terrisoumant,
272 389 358 448 super
371 378 439 429 aira
451 375 485 430 in
497 373 623 430 nubibus
635 372 800 448 pendeant
814 374 873 433 Cur
886 377 1011 455 deniquo

25 459 42 508 {r
56 463 99 508 ost
110 453 217 510 modius
229 457 308 512 inter
322 475 432 513 summa
442 459 532 529 oooli,
547 467 577 514 ot
590 458 667 514 nuda
678 457 761 536 [ima]
773 468 927 533 terrarum,
941 481 1010 536 qua·

25 555 160 594 [aversum
171 539 247 594 orbis
258 538 437 613 extenditur,
452 543 477 596 si
489 543 570 598 locus
584 543 645 597 eius
658 543 736 598 inter
747 545 861 600 coelum
873 554 902 600 ot
911 563 1011 620 aquas,

25 630 67 676 out
79 639 214 696 aquarum
226 624 411 697 interipsum
425 634 454 680 et
466 633 559 682 terras
573 635 617 680 ost
631 623 828 683 constitutusi

52 703 198 760 Postremo
213 708 238 761 si
251 708 293 762 ita
306 715 351 762 cot
363 709 571 766 elementorum
584 708 654 764 ordo
669 708 844 784 dispositus,
862 722 896 767 ut
908 730 1014 768 sooun-

25 807 59 844 ιιιι
70 787 217 845 Platonem
230 789 341 847 dnobus
352 791 471 863 mediis,
490 792 520 847 id
533 802 593 864 ost,
611 798 678 849 aire
690 803 720 850 ot
732 812 822 870 aqua,
843 794 900 852 duo
915 794 1013 852 citro-

25 890 47 942 a,
61 871 89 926 id
102 880 157 942 est,'
166 873 245 950 ignis
256 883 285 929 ot
296 883 384 946 torta,
398 877 576 953 iungantur,
591 878 720 953 coelique
732 877 864 935 obtineat
873 880 923 936 ille
934 897 1013 936 sum-

25 957 149 1026 ilooum,
168 953 238 1012 haec
258 966 354 1012 autem
374 959 440 1028 imi,
459 961 540 1016 volut
557 959 736 1018 fundaminis
759 962 876 1033 mundi,
902 971 932 1018 ot
948 961 1014 1018 ideo

35 1040 112 1094 coelo
126 1057 260 1097 essenon
274 1050 371 1114 potest
383 1051 475 1115 torra3
495 1062 546 1100 our
561 1052 607 1100 est
619 1045 681 1118 ipae
693 1045 772 1122 ignis
786 1047 818 1101 in
831 1042 931 1102 terrai
957 1044 1013 1103 Se-

25 1122 112 1180 ndum
132 1121 206 1179 huno
226 1125 330 1200 quippe
348 1127 493 1182 rationem
508 1128 550 1182 ita
569 1129 626 1182 ista
645 1126 702 1183 duo
724 1130 867 1185 elementa
886 1130 919 1185 in
940 1130 1013 1186 looia

25 1207 118 1280 opriio,
131 1207 188 1264 imo
201 1225 235 1263 ao
248 1227 369 1280 summo,
383 1219 463 1265 tama
475 1219 506 1266 ot
517 1211 597 1288 ignis
608 1228 673 1266 osso
685 1209 855 1282 debuerunt,
869 1222 902 1268 ut
914 1230 1012 1288 quom-

25 1289 137 1346 modum
149 1293 253 1346 nolunt
264 1292 297 1347 in
311 1310 422 1348 omnmo
436 1311 500 1350 osse
513 1311 597 1366 posse
610 1293 686 1368 quod
704 1296 755 1352 imi
773 1305 830 1365 ost,
858 1298 900 1352 ita
914 1315 968 1352 neo
981 1299 1013 1352 in

25 1393 44 1429 o
59 1383 155 1449 posset
169 1393 233 1430 osso
246 1374 324 1450 quod
338 1377 444 1432 summi
457 1387 509 1433 ost.
545 1375 629 1434 Siout
642 1396 713 1456 orgo
727 1380 838 1442 nullam
850 1387 955 1454 putant
967 1382 1013 1436 vel

25 1477 51 1513 oe
64 1459 111 1514 vol
129 1457 255 1514 futuram
273 1477 337 1514 esso
358 1467 453 1516 terrae
472 1462 645 1535 pautioulam
662 1463 693 1518 in
716 1464 815 1532 ooelo,
839 1463 881 1519 ita
905 1464 1013 1518 nullam

25 1542 156 1598 rtioulam
168 1541 269 1598 vidore
282 1541 432 1600 debuimus
445 1545 523 1623 ignis
542 1546 574 1600 in
587 1553 674 1600 terra
708 1544 795 1602 Nuno
806 1564 877 1602 voro
890 1563 952 1602 non
966 1565 1014 1600 ιο-

25 1645 47 1680 n
60 1626 91 1681 in
104 1626 206 1696 torris,
228 1645 332 1682 verum
344 1628 432 1684 etiam
445 1629 498 1685 sub
512 1631 599 1684 torris
612 1630 655 1684 ita
668 1639 730 1701 ost,
756 1638 789 1685 ut
802 1647 869 1685 oum
882 1639 1016 1685 eruotont

25 1711 109 1765 rtioos
133 1711 290 1782 montium3
315 1720 433 1784 praetor
455 1711 531 1788 quod
552 1715 584 1768 in
607 1713 707 1769 usibus
732 1711 881 1770 hominum
899 1721 929 1768 ot
951 1730 1014 1768 ease

25 1812 84 1848 nom
97 1793 128 1848 in
141 1800 235 1863 tarra,
249 1801 279 1849 ot
292 1812 357 1850 oum
370 1795 596 1853 nasoividomus
610 1806 753 1854 exterra:
767 1796 884 1872 quando
899 1796 1014 1871 quidem

28 1876 64 1930 de
77 1877 164 1953 lignis
178 1885 208 1931 ot
227 1876 262 1932 do
279 1877 422 1954 lapidibus
441 1881 590 1952 nascitur,
616 1890 782 1956 quaesunt
803 1897 925 1956 corpora
948 1882 1013 1936 sine

25 1960 164 2016 bitatione
177 1967 303 2017 terrena.
332 1961 391 2019 Sed
404 1965 470 2035 illo,
496 1964 654 2039 inquiunt,
677 1967 756 2042 ignis
770 1974 815 2020 est
827 1964 1014 2036 tranquillus,

25 2061 93 2114 rus,
117 2045 273 2116 innoxius,
300 2048 506 2119 sempiternus:
534 2049 591 2103 isto
604 2056 701 2102 autom
715 2045 864 2116 turbidus,
890 2044 1014 2116 fumeus,

25 2127 181 2201 rruptibilis
195 2135 282 2201 atque
291 2137 452 2202 corruptor.
486 2128 547 2184 Neo
560 2138 658 2184 tamon
672 2129 831 2202 corrumpit
844 2135 969 2198 montes,
982 2129 1013 2182 in

25 2212 90 2267 ibus
103 2212 214 2289 iugiter
228 2219 360 2282 aestuat,
375 2229 574 2286 cavernasque
587 2220 741 2268 terrarum.
766 2209 874 2266 Verum
888 2218 961 2281 osto,
976 2212 1015 2265 sit
1113 2215 1115 2224 '

39 2297 96 2350 isto
111 2294 269 2365 dissimilis,
283 2303 318 2350 ut
329 2295 455 2350 terronis
466 2293 693 2350 habitationibus
709 2302 865 2372 congruat:
880 2311 932 2348 our
943 2312 1014 2371 orgo

26 2383 105 2449 iunt,
131 2387 166 2434 ut
179 2376 330 2434 credamus
343 2387 477 2434 naturam
491 2395 645 2450 corporum
658 2387 842 2434 terrenorum
858 2377 1014 2452 aliquando

26 2461 236 2536 eorruptibilem
245 2461 352 2518 factam
363 2449 451 2518 coelo'
459 2463 683 2518 convenientem
694 2461 832 2531 futuram,
847 2462 922 2516 siout
934 2479 1014 2518 nuno

26 2548 61 2604 ιίι
79 2545 278 2618 corruptibilis
290 2542 335 2599 his
354 2545 494 2600 convenit
505 2541 612 2600 tertiat
635 2543 717 2600 Nihil
729 2546 822 2623 igitur
836 2541 964 2600 afferunt
977 2561 1014 2598 ox

26 2629 161 2688 aderibus
175 2637 262 2702 atquo
275 2626 378 2684 ordine
391 2629 615 2699 elomentorum,
641 2627 720 2692 unda
734 2628 926 2702 omnipotenti
938 2625 1013 2696 Deo,

26 2735 35 2771 ι
53 2713 153 2767 ιιιίιιιιι
166 2711 254 2766 faciat
268 2728 390 2783 corpora
403 2719 504 2766 nostra
516 2711 602 2783 talia,
616 2720 649 2768 ut
663 2712 751 2767 etiam
763 2713 795 2768 in
809 2712 888 2769 coelo
900 2711 1014 2784 possint

26 2800 130 2864 vitare,
145 2793 354 2868 praescribant.

380 2945 484 3005 CAP.
527 2947 621 3006 xli.

26 3053 87 3098 stra
98 3043 247 3096 calumnias
257 3043 416 3114 infidelium,
435 3045 529 3113 quibus
540 3045 710 3100 Christianos
721 3047 751 3098 de
761 3047 865 3100 erudita
875 3048 964 3101 caruis
974 3065 1014 3100 re-

345 3116 510 3168 surrectione
524 3116 649 3169 irrident.

38 3218 101 3275 Sed
112 3222 368 3294 scrupulosissima
378 3239 531 3296 quaerore,
545 3221 671 3278 attidem
684 3239 741 3295 qua
755 3222 899 3278 erudimus
912 3242 1013 3278 rasur-

27 3315 129 3360 turam
144 3321 273 3372 carnem,
286 3305 328 3359 ita
342 3301 521 3377 quaerendo,
534 3307 663 3359 assolent
675 3302 815 3373 irridere,
834 3302 938 3360 Vtrum
951 3306 1014 3360 foe·

43 3385 177 3441 abortivi
195 3381 369 3462 resurgant?
392 3384 432 3442 Et
451 3385 588 3460 quoniam
601 3385 746 3442 Dominus
764 3385 821 3441 ait:
844 3383 936 3443 Amen
951 3389 1015 3444 dico

29 3471 68 3536 is,
91 3467 222 3544 capillata
235 3468 345 3545 capitia
357 3470 454 3525 osatri
464 3487 520 3526 non
527 3467 662 3547 peribit:
687 3476 784 3523 utrum
797 3476 910 3524 statura
923 3479 953 3524 ot
965 3489 1013 3525 ro-

42 3551 182 3623 aequalia
197 3549 294 3606 futura
307 3551 368 3606 sint
381 3551 530 3625 omnibns,
555 3571 593 3608 an
608 3551 741 3608 diversae
756 3569 908 3625 corporum
921 3569 1014 3627 quan-

27 3627 98 3689 test
123 3630 160 3688 Si
173 3634 251 3688 onim
264 3635 424 3709 aequalitas
439 3653 593 3711 corporum
606 3637 673 3706 orit,
688 3633 766 3690 undo
780 3631 927 3691 habebunt
940 3637 1014 3710 quod

35 3735 100 3772 non
115 3714 284 3774 habuerunt
296 3718 328 3772 in
341 3719 416 3774 molo
431 3721 560 3794 corporis
571 3720 616 3774 illi
630 3719 765 3790 abortivi,
779 3719 804 3774 si
817 3729 975 3798 resurgant
988 3729 1016 3775 ot

27 3797 51 3856 tt
82 3799 147 3856 Αιιι
160 3800 186 3854 si
199 3817 258 3856 non
272 3811 439 3878 resurgant,
454 3805 522 3877 quia
536 3821 589 3859 neo
603 3805 666 3858 nati
679 3809 758 3874 sunt,
772 3800 823 3858 sod
837 3799 931 3875 affusi,
946 3822 1015 3859 ean-

28 3907 38 3940 ι
53 3883 266 3960 quaestionem
279 3884 314 3942 do
324 3887 452 3961 parvulis
464 3895 593 3958 vorsant,
607 3886 684 3943 undo
697 3887 753 3942 illis
766 3903 900 3944 mensura
914 3905 1014 3961 corpo·
