2586 4396
226 240 285 296 ms
452 229 552 288 n1vr
572 224 760 286 suasuri
786 190 1043 281 svcvsruir

223 386 305 445 llaec
329 385 395 441 ideo
421 397 628 451 commemoro,
651 378 789 453 quoniam
812 375 897 430 multi
918 372 1143 447 praeteritarum
1161 390 1255 430 rorum

207 471 333 548 ignari,
347 465 465 542 quidam
479 465 567 520 etiam
581 462 811 518 dissimulatores
826 475 896 512 suae
910 455 1062 526 scientiae,
1084 456 1110 509 si
1122 457 1255 529 tempori-

222 554 275 609 bus
290 549 464 610 Christianis
478 544 595 621 aliquod
608 545 715 600 bellum
727 543 813 618 paulo
827 539 936 594 diutius
955 535 1033 592 trahi
1050 537 1166 608 rident,
1190 540 1255 594 ilico

221 637 254 691 in
277 643 410 692 noemam
430 630 606 706 religionem
633 625 855 700 protervissime
879 621 1025 691 insiliunt,
1037 673 1040 676 .
1052 623 1259 692 exclamantes,

223 718 300 793 quod
313 719 339 772 si
351 718 415 790 ipsa
431 731 493 768 non
511 720 602 781 esset,
629 718 659 764 et
676 716 777 764 vetere
792 707 854 762 ritu
873 705 995 761 numina
1008 705 1184 775 colerentur,
1202 706 1257 760 iam

223 801 357 858 Romana
369 799 420 852 illa
433 796 553 865 virtute,
574 811 648 868 quae
661 791 818 848 adiurante
831 787 926 845 Marte
940 793 970 842 et
981 784 1105 842 Bellona
1117 795 1197 842 tanta
1209 805 1255 842 ce-

222 885 325 940 leriter
338 881 415 936 bella
428 876 570 946 confecit,
594 874 625 930 id
643 891 757 949 quoque
778 872 929 927 celerrime
947 869 1092 925 finiretur.
1119 868 1257 926 Recolant

222 967 315 1043 igitur
329 963 380 1038 qui
393 963 530 1036 legerunt
543 976 629 1032 quam
642 956 779 1012 diuturna
791 955 877 1024 bella,
892 971 977 1027 quam
990 953 1082 1008 variis
1097 953 1257 1022 eventibus,

224 1065 310 1124 quam
322 1045 461 1102 luctuosis
482 1039 610 1098 alodibus
624 1037 803 1096 crateribus
824 1037 884 1092 sint
901 1044 986 1113 gesta
1003 1033 1160 1107 Romanis,
1186 1037 1259 1090 sicut

223 1133 299 1187 solat
312 1127 390 1185 orbis
403 1135 549 1181 terrarum
566 1125 649 1179 velut
670 1120 949 1196 procellosissimum
970 1120 1091 1195 pelagus
1112 1119 1193 1175 varia
1213 1127 1258 1174 ta-

222 1215 295 1270 lium
307 1213 449 1267 malorum
461 1214 635 1280 tempestate
648 1204 767 1260 iactari:
789 1211 818 1257 et
830 1201 907 1276 quod
921 1202 1026 1257 nolunt
1043 1200 1196 1275 aliquando
1215 1201 1258 1256 fa-

223 1303 359 1365 teantur,
383 1311 439 1348 nec
453 1290 566 1345 insanis
580 1287 721 1345 adversus
735 1283 831 1342 Deum
844 1285 955 1361 linguis
974 1301 1005 1340 se
1024 1284 1206 1356 interimant,
1232 1294 1260 1339 et

224 1378 371 1454 decipiant
385 1373 545 1448 imperitos.

577 1538 699 1598 CAP.
742 1535 907 1594 XXlll.

222 1637 265 1690 De
276 1639 342 1692 bello
351 1637 381 1690 ιἰι
391 1652 443 1706 quo
453 1635 649 1703 Rhodagas'sss
659 1651 709 1686 rosc
723 1632 872 1686 Gothorum
883 1635 1038 1686 damonum
1048 1635 1146 1697 castor,
1156 1646 1208 1684 sno
1219 1633 1260 1684 dis

471 1721 530 1757 cam
540 1703 698 1772 ingentibus
708 1703 792 1772 copiis
802 1703 859 1754 suis
869 1701 956 1754 victus
967 1712 1015 1756 est.

286 1793 371 1862 Quod
396 1804 495 1851 tamen
522 1801 623 1850 nostra
648 1795 790 1848 memoria
816 1793 1018 1848 recentissimo
1036 1789 1261 1865 temporeDeus

224 1879 400 1936 mirabiliter
413 1887 443 1933 et
454 1875 686 1933 ansericorditer
699 1875 786 1947 fecit,
812 1894 874 1932 non
888 1894 954 1931 cum
972 1877 1133 1953 gratiarum
1146 1875 1260 1930 acticnc

224 1969 466 2019 conmemorant:
481 1960 532 2016 sed
546 1960 729 2034 quantumin
740 1959 810 2033 ipsis
822 1967 877 2029 cst,
891 1959 1031 2032 omnium,
1045 1960 1071 2013 i
1079 1957 1146 2013 fieri
1155 1965 1260 2030 potest,

224 2045 374 2101 hominum
387 2044 537 2100 oblivione
551 2044 675 2117 sepelire
690 2050 851 2098 conantur:
879 2040 956 2116 quod
974 2059 991 2096 a
1010 2041 1095 2098 nobis
1111 2042 1138 2096 si
1151 2041 1260 2096 tacebi-

221 2139 287 2198 tur,
309 2127 445 2183 similiter
458 2128 567 2182 erimus
581 2127 701 2202 ingrati.
729 2122 803 2180 Cum
816 2121 1018 2200 Rhadsgaisus
1031 2141 1086 2180 rex
1101 2121 1262 2180 Gothorum

222 2210 340 2286 agmina
353 2211 470 2286 ingenti
484 2218 514 2264 et
526 2209 648 2264 immani
661 2209 720 2263 iam
732 2207 765 2262 in
774 2202 860 2262 Vrbis
874 2207 985 2262 vicinia
998 2208 1187 2276 constitutus,
1201 2204 1261 2262 Ro-

222 2293 317 2346 manis
332 2291 495 2346 cervicibus
508 2291 691 2358 immineret,
718 2306 778 2345 uno
793 2289 840 2344 die
852 2297 935 2345 tanta
948 2291 1097 2345 celeritate
1110 2290 1152 2345 sic
1164 2289 1262 2345 rictus

223 2383 279 2444 est,
291 2382 326 2428 ut
339 2391 377 2429 ne
390 2391 450 2428 uno
464 2372 581 2448 quidem
594 2390 657 2429 non
670 2371 764 2428 dicam
778 2373 942 2441 exstincto,
966 2373 1019 2428 sed
1031 2375 1187 2430 vulnerato
1201 2370 1262 2428 lto-

223 2473 389 2528 mancrum,
410 2458 500 2512 multo
514 2457 636 2530 amplius
651 2473 737 2530 quam
751 2464 869 2511 centum
882 2456 1006 2512 millium
1024 2465 1263 2530 prosterneretur

222 2541 284 2596 eius
299 2541 459 2610 exercitus,
482 2548 568 2613 atquc
583 2541 646 2612 ipse
661 2556 727 2594 cum
740 2537 808 2595 fdiis
830 2556 900 2595 mox
923 2547 1023 2613 captus
1045 2557 1140 2614 poena
1165 2537 1263 2595 debita

221 2632 387 2680 necaretur.
401 2621 477 2678 Nam
491 2623 517 2677 si
530 2623 580 2677 ille
594 2631 655 2678 tam
667 2623 784 2696 impius,
799 2640 865 2677 curn
877 2622 968 2678 tantis
983 2630 1013 2676 et
1025 2630 1086 2677 tam
1098 2622 1195 2696 impiis
1212 2639 1262 2676 co·

219 2708 277 2780 piis
291 2705 414 2762 Romam
426 2705 530 2760 fuisset
543 2707 707 2781 ingressus,
722 2707 771 2761 cui
783 2700 980 2778 pepercissetl
995 2705 1106 2770 Quibus
1119 2703 1264 2763 honoram

220 2791 293 2844 locis
317 2788 483 2862 Martyrum
508 2783 679 2842 detulissetl
715 2787 750 2842 ln
772 2805 831 2862 qua
852 2806 979 2861 persona
1001 2786 1099 2844 Deun.
1124 2783 1263 2844 timeret?

221 2868 310 2926 Cuius
324 2887 385 2924 non
399 2869 575 2945 sanguinem
587 2868 695 2940 fissum,
719 2871 802 2926 cuius
815 2869 987 2943 pudicitiam
999 2873 1089 2928 vellet
1101 2866 1264 2926 intactami

221 2953 299 3017 Quas
313 2959 411 3009 autem
424 2953 475 3006 isti
487 2969 541 3024 pro
556 2951 612 3006 diis
627 2954 688 3008 suis
702 2971 789 3010 voces
802 2951 956 3025 haberent,
971 2963 1079 3028 quanta
1093 2955 1264 3010 insultatio-

220 3052 258 3088 nc
272 3035 431 3102 lactarent,
454 3029 530 3108 qu'cd
543 3035 593 3089 illc
606 3033 672 3090 ideo
686 3037 816 3106 vicisset,
840 3036 906 3093 ideo
919 3046 1001 3092 tauta
1013 3039 1169 3111 potuisset,
1195 3038 1265 3109 quia

220 3114 401 3189 quotidianis
416 3115 568 3172 sacrificiis
582 3119 717 3192 placabat
729 3129 818 3193 atque
832 3121 977 3176 invitabat
997 3119 1082 3190 deos,
1107 3119 1187 3194 quod
1200 3117 1265 3174 Rc·

219 3215 321 3253 manos
335 3197 433 3254 facere
447 3198 614 3257 Christiana
626 3203 732 3279 religio
747 3221 807 3258 non
820 3199 947 3258 finebatl
961 3201 1036 3259 Nam
1045 3204 1265 3277 propinquante

218 3281 277 3336 iam
289 3282 339 3337 illo
352 3279 398 3336 his
412 3284 499 3352 locis,
522 3284 572 3341 ubi
590 3295 665 3341 nutu
684 3303 814 3342 sunrmaa
836 3286 998 3341 maiestatis
1022 3302 1181 3358 oppressus
1207 3294 1266 3352 est,

219 3381 284 3418 cum
296 3366 358 3419 eius
369 3364 446 3420 fama
455 3367 564 3441 ubique
579 3369 788 3436 crebresceret,
803 3367 887 3424 nobis
902 3367 978 3442 apud
992 3365 1205 3444 Carthaginem
1220 3367 1267 3421 di-

218 3446 347 3517 cebatur,
366 3445 421 3503 hoc
436 3449 566 3520 credere,
586 3467 736 3525 spargere,
756 3450 867 3506 iactare
880 3450 1029 3527 Pagrum,
1048 3449 1126 3524 quod
1139 3451 1192 3506 ille
1207 3449 1267 3504 diis

218 3529 320 3583 amicis
334 3531 558 3606 protegentibus
573 3540 603 3585 et
616 3532 842 3604 opitulantibus,
869 3533 974 3607 quibus
995 3535 1147 3588 immolare
1160 3534 1266 3607 quoti-

217 3609 264 3663 die
281 3609 442 3682 l'erebatur,
456 3614 537 3668 vinci
551 3614 671 3667 omnino
686 3631 746 3668 non
759 3624 860 3686 posset
873 3616 908 3670 ab
922 3616 965 3670 cis
978 3617 1030 3692 qui
1042 3617 1113 3670 talia
1127 3615 1187 3670 diis
1202 3613 1267 3671 Ro-

217 3693 311 3749 manis
326 3710 409 3747 sacra
422 3712 482 3749 non
495 3694 638 3764 lacerent,
653 3713 710 3750 nec
722 3694 788 3750 fieri
802 3714 820 3750 a
833 3714 978 3770 quoquam
989 3699 1211 3771 permitterent.
1227 3697 1268 3752 Et

216 3789 277 3827 ιιοιι
288 3783 383 3849 agunt
392 3776 492 3829 miseri
506 3778 617 3852 gratias
627 3784 727 3832 tantae
740 3779 959 3835 misericordiae
969 3779 1038 3850 Dei,
1053 3781 1187 3854 quicum
1202 3790 1265 3836 sta⁶

219 3854 324 3910 tuisset
331 3857 494 3928 irruptione
504 3857 655 3914 barbarica
666 3861 803 3936 graviora
809 3863 871 3934 pati
882 3860 988 3939 dignos
998 3881 1094 3918 mores
1105 3861 1266 3919 bominum
