2576 4396
227 173 290 234 DE
315 174 529 238 CIVITATE
555 181 636 242 DEI
662 185 745 245 ula.
767 188 828 248 lX.
996 199 1058 259 269

20 346 110 406 neque
123 328 298 384 sustollatur
311 329 344 386 in
358 347 485 404 samma,
512 350 606 410 aeque
617 336 649 392 iu
662 336 764 396 intima
777 338 964 415 deprlmstur.
990 345 1058 423 Ipsa

21 422 60 468 est
71 421 172 468 antem
185 411 238 466 illa
250 409 422 470 doemonum
433 416 541 472 misera
551 421 721 492 aeternitas,
735 424 782 478 vel
793 433 915 482 aeterua
926 430 1056 488 miseria.

21 497 70 562 aui
84 495 166 550 enim
180 494 239 563 ait,
265 496 363 551 auimo
376 498 508 570 passiva,
534 501 623 558 etiam
639 504 748 562 misera
767 504 907 580 dixisset,
934 513 993 566 nisi
1004 531 1056 587 pro
1142 547 1145 556 ·

22 595 114 632 eornm
134 577 298 632 cultoribus
318 579 490 637 erubuisset.
533 581 624 638 Porro
651 587 721 661 quia
743 589 929 663 providentis
952 596 1058 651 summi

22 659 88 730 Dei,
115 659 198 714 siout
211 660 301 716 etiam
314 661 370 734 ipsi
385 661 532 735 fatentur,
556 683 616 722 nou
629 667 750 726 fortuita
763 675 927 732 temeritate
943 678 1058 754 regitur

20 742 159 814 mundus,
179 760 333 817 uunquam
352 754 430 802 esset
442 745 565 806 istorum
578 758 699 807 aeterua
716 755 852 828 miseria,
879 758 938 814 uisi
949 777 1058 836 magua

20 828 132 882 malitia.
240 862 245 872 ·
660 831 748 908 (¹³al.
765 835 847 896 GAP.
863 837 973 918 XIII.)

76 908 111 966 Si
124 909 223 987 igitur
237 909 316 964 beati
328 920 407 966 reete
420 909 557 972 dieantur
569 914 774 992 eudaemones,
790 940 850 979 uon
863 932 935 980 suut
949 923 1056 982 eudae-

21 1010 112 1049 mones
138 1009 215 1066 quos
240 992 318 1048 iuter
340 990 471 1050 homiues
496 1007 526 1052 et
549 997 617 1054 deos
636 1001 687 1056 isti
709 1003 740 1058 in
758 1003 852 1060 medio
874 1007 1055 1064 locaverunt.

22 1076 84 1141 Quis
96 1093 170 1152 ergo
185 1083 233 1130 est
244 1076 327 1131 loeus
338 1075 481 1134 bonorum
494 1079 676 1153 daemonum,
687 1086 737 1159 qui
749 1103 836 1160 supra
848 1085 992 1160 homiues,
1008 1091 1056 1146 iu·

22 1156 59 1214 fra
72 1157 152 1230 deos,
166 1158 237 1214 istis
248 1159 410 1234 praebeant
420 1159 609 1235 uadimonium,
624 1167 683 1221 illis
697 1165 912 1226 ministeriumi
931 1169 966 1228 Si
978 1173 1055 1228 euim

22 1240 83 1296 boni
95 1241 273 1316 aeternique
286 1251 372 1313 suut,
397 1244 527 1316 profecto
546 1255 576 1302 et
594 1247 674 1304 beati
689 1257 767 1304 sunt.
810 1249 939 1308 Aeterua
956 1263 1056 1310 autem
1082 1301 1091 1320 ,

22 1323 164 1380 beatitudo
174 1323 288 1380 medios
303 1343 352 1380 eos
364 1344 429 1381 esse
439 1345 498 1384 uon
512 1329 595 1400 sinit,
609 1331 677 1404 quia
688 1332 815 1388 multum
828 1331 884 1388 diis
898 1345 1055 1408 comparat,

21 1409 197 1482 multumque
210 1407 248 1462 ab
261 1405 425 1465 homiuibus
440 1419 565 1484 separat.
589 1410 673 1468 Vnde
686 1413 796 1470 frustra
808 1415 860 1472 isti
872 1416 1057 1474 conabuntur

20 1489 188 1560 ostendere,
212 1488 355 1565 quomodo
374 1490 530 1548 daemones
548 1493 635 1566 boui,
661 1497 688 1552 si
706 1505 736 1552 et
753 1498 931 1556 immortales
945 1509 1056 1556 suntet

19 1571 107 1644 beati,
135 1582 219 1628 reete
238 1571 327 1628 medii
346 1576 563 1632 constituantur
575 1579 655 1634 iuter
668 1577 736 1635 deos
750 1581 928 1638 immortales
941 1599 975 1638 ae
987 1583 1055 1640 bea-

19 1664 56 1710 tos
74 1666 104 1710 et
127 1654 265 1711 homines
280 1657 416 1712 mortales
431 1676 465 1714 ae
477 1660 610 1718 miseros.
653 1661 727 1719 Cum
740 1665 820 1720 euim
833 1674 991 1740 utrumque
1003 1664 1055 1722 ba-

20 1739 101 1795 beant
114 1758 184 1794 eum
198 1737 272 1807 diis,
297 1746 327 1793 et
340 1738 550 1798 beatitudinem
563 1745 677 1800 seilicet
689 1754 719 1802 et
731 1747 994 1821 immortalitatem,
1008 1750 1055 1804 ui·

20 1819 55 1876 bil
67 1831 170 1878 autem
182 1819 289 1876 horum
301 1839 368 1876 cum
380 1818 547 1880 homiuibus
561 1835 591 1882 et
602 1828 719 1884 miseris
733 1839 764 1886 et
777 1831 963 1902 mortalibus,
983 1849 1054 1906 quo·

20 1905 94 1960 nodo
114 1923 178 1960 uon
197 1903 297 1976 potius
316 1907 422 1960 remoti
442 1908 566 1964 suntab
584 1907 749 1968 bominibus
768 1912 882 1988 diisque
895 1915 1055 1983 oouiuuoti,

20 2006 95 2062 quam
109 1989 193 2042 iuter
206 1995 349 2060 utrosque
362 1987 450 2046 medii
464 1989 635 2048 constitutit
651 1992 736 2050 Tune
749 1996 829 2052 euim
841 1994 935 2050 medii
944 2007 1055 2066 esseut,

20 2069 39 2124 si
51 2070 197 2128 haberent
211 2077 243 2124 et
254 2070 311 2142 ipsi
324 2066 380 2124 duo
393 2070 534 2145 quaedam
547 2092 616 2146 sua,
638 2094 699 2132 uon
720 2095 788 2134 eum
805 2077 883 2134 binis
897 2078 1054 2134 alterutro·

18 2171 90 2224 rum,
106 2151 159 2209 sed
174 2171 243 2208 eum
255 2153 381 2230 siugulis
395 2162 584 2231 utrorumque
597 2159 780 2216 eommunia:
807 2159 884 2216 sieut
895 2156 980 2215 bomo
993 2178 1054 2214 me-

18 2235 91 2292 dium
104 2235 248 2312 quiddam
260 2244 320 2306 est,
352 2233 404 2292 sed
417 2237 493 2292 inter
505 2257 611 2313 peoora
625 2250 655 2298 et
671 2243 811 2320 angelos5
838 2250 871 2298 ut
885 2243 955 2316 quia
966 2261 1054 2317 peous

18 2330 57 2374 est
69 2319 183 2375 animal
196 2319 372 2374 irrationale
385 2327 471 2396 atque
484 2325 622 2395 mortale,
649 2326 772 2402 angelus
790 2334 889 2382 autem
903 2327 1054 2382 ¹rationale

18 2413 41 2457 et
55 2403 240 2470 immortale,
265 2399 377 2456 medius
396 2399 481 2458 homo
502 2415 595 2476 esset,
622 2407 747 2462 inferior
765 2409 895 2485 angelis,
922 2409 1055 2482 superior

17 2487 183 2557 pecoribus,
210 2481 322 2540 habens
336 2502 401 2540 aum
414 2487 569 2558 pecoribus
583 2490 805 2559 mortalitatem,
827 2491 973 2546 rationem
984 2507 1055 2544 vero

18 2586 77 2624 eum
89 2569 229 2646 augelis,
255 2568 364 2622 animal
381 2568 525 2622 rationale
538 2571 669 2624 mortale.
713 2568 758 2624 lta
771 2587 842 2646 ergo
858 2588 924 2624 oum
937 2572 1055 2642 quaeri-

16 2669 73 2706 mus
86 2651 221 2708 medium
241 2651 321 2705 inter
338 2649 440 2705 beatos
461 2650 638 2704 immortales
657 2651 838 2726 miserosque
849 2651 987 2706 mortales
1000 2649 1055 2708 hoo

16 2735 147 2790 iuvenire
162 2733 320 2804 debemus,
333 2731 408 2808 quod
422 2739 474 2790 aut
488 2733 609 2792 mortale
623 2733 664 2788 sit
677 2732 812 2805 beatum,
827 2741 879 2790 aut
893 2733 1055 2790 immortale

17 2818 217 2874 situliserum.

398 2967 426 3028 ,C
449 2969 473 3026 Α
495 2967 527 3024 P.
563 2965 669 3026 XIV.

32 3064 70 3118 Αιι
80 3065 204 3118 dominer
213 3080 275 3116 oum
286 3063 341 3116 sint
351 3065 491 3128 mortales,
504 3063 610 3133 possint
619 3080 684 3118 uera
694 3065 862 3120 beatitudine
872 3081 927 3120 etse
931 3065 1038 3138 felices.

69 3155 179 3212 Vtrum
192 3163 293 3211 autem
306 3162 335 3209 et
348 3153 450 3210 beatus
465 3163 494 3210 et
505 3157 638 3212 mortalis
651 3153 736 3212 homo
749 3175 814 3214 esse
827 3157 934 3231 possit,
948 3173 1056 3232 magna

18 3247 55 3292 est
73 3240 154 3296 inter
176 3235 313 3294 homiues
333 3238 473 3311 quaestio.
518 3236 644 3304 Quidam
660 3240 739 3296 euim
758 3238 957 3296 conditionem
974 3255 1055 3294 suam

18 3315 151 3386 humilius
165 3323 381 3395 inspexerunt,
405 3329 666 3398 negaveruntque,
679 3319 828 3378 homiuem
840 3337 978 3396 oopaoem
990 3338 1056 3374 esse

16 3419 95 3474 posse
109 3402 328 3472 beatitudinis,
343 3401 479 3476 quamdiu
492 3405 657 3460 mortaliter
669 3403 754 3460 vivit.
781 3403 907 3470 Quidam
918 3419 989 3458 vero
1002 3417 1055 3454 ex-

17 3489 146 3546 tulerunt
159 3506 211 3558 se,
241 3495 272 3541 et
285 3485 351 3540 ausi
363 3494 435 3542 suut
448 3483 562 3555 dicere,
588 3485 752 3561 sapientiae
765 3493 930 3558 compotes,
955 3482 1056 3537 beatos

17 3586 74 3624 esse
86 3589 177 3646 posse
189 3568 344 3626 mortales.
370 3565 456 3633 Quod
472 3569 499 3624 si
511 3567 554 3624 ita
567 3577 629 3639 est,
650 3584 703 3626 eur
715 3583 777 3624 uou
790 3565 847 3639 ipsi
858 3563 955 3639 potius
967 3560 1056 3617 medii

17 3657 239 3710 constituuntur
249 3653 331 3708 inter
339 3650 478 3706 mortales
490 3650 613 3707 miseros
627 3658 657 3706 et
669 3647 849 3704 immortales
861 3645 973 3715 beatos,
987 3641 1056 3700 bes-

17 3735 168 3794 titudiuem
181 3735 330 3792 babentes
344 3749 409 3788 oum
421 3731 635 3788 immortalibus
647 3730 757 3802 beatis,
769 3727 977 3786 mortalitatem
990 3743 1057 3784 oum

16 3821 183 3878 mortalibus
198 3809 341 3876 adserui
366 3812 504 3872 Profeeto
518 3814 597 3872 enim
610 3813 637 3870 si
648 3812 729 3870 beati
742 3819 831 3886 suut,
854 3805 990 3868 invident
1002 3825 1058 3866 ue·
