2590 4396
273 183 334 243 1)ss
361 181 583 242 ClVl'l'ATE
610 183 689 242 Dat
715 187 795 244 LlB.
819 188 878 246 lll.
1065 197 1103 256 Sl

60 343 168 401 Troiae
183 337 366 396 adulterium
379 334 540 392 dicebatur.
584 335 673 392 Nulla
685 340 770 410 telis,
797 341 877 397 nulla
900 344 1002 414 similis
1022 345 1107 403 inve·

58 431 151 484 nitur:
182 432 305 480 tantum
318 429 352 475 ut
362 419 480 476 desides
493 430 624 478 ricoverct
638 418 742 477 Tullus
755 423 788 478 in
802 440 883 480 arnse
895 428 990 498 viros,
1006 438 1035 484 ct
1048 430 1106 486 lam

57 513 181 568 desueta
196 502 355 580 triumphis
369 506 498 582 agmina.
533 504 586 561 lllo
599 507 700 579 itaque
713 507 787 562 vitio
801 515 917 564 tanturn
930 511 1024 566 seclus
1037 529 1104 584 per-

55 601 211 671 petratum
226 599 274 645 est
287 589 406 645 socialis
420 588 490 644 bebi
503 598 591 663 atque
605 591 734 666 cognati.
779 591 863 657 Quod
888 593 995 648 vitium
1008 592 1105 651 Sallu·-

56 682 131 736 stius
146 693 296 752 magnum
309 682 502 728 transeunter
516 673 646 750 attingit.
667 672 829 730 Cumenim
839 675 964 732 laudans
976 677 1106 735 breviter

56 761 233 835 antiquiora
245 764 505 814 conmemorasset
515 765 664 830 tempora,
678 758 793 832 quando
807 760 868 816 vita
878 757 1030 817 hominum
1040 762 1105 818 sine

57 844 223 922 eupiditate
238 841 425 919 agitabatur,
453 848 483 895 et
495 857 548 896 sua
562 842 667 916 cuique
681 843 753 898 satis
771 843 939 916 placebant:
968 843 1105 916 „Postea

58 947 176 1003 „verc,
193 927 310 1000 inquit,
325 942 414 999 quara
426 923 458 980 in
471 923 542 981 Asia
556 922 667 1000 Cyrus,
694 927 726 982 in
740 925 866 984 Graecia
880 926 1104 986 Lacedaemonii

60 1024 175 1088 „atquc
189 1008 407 1079 Athenienses,
435 1009 656 1082 coepereurbes
680 1019 768 1084 atque
794 1013 929 1068 nationes
955 1013 1103 1090 subigere,

59 1095 243 1170 „libidinem
256 1090 428 1149 dominandi
443 1109 560 1148 eausam
570 1093 640 1150 belli
652 1091 776 1165 babere,
801 1097 959 1152 maximam
979 1097 1104 1173 gloriam

59 1183 117 1252 „in
142 1179 277 1234 maximo
302 1177 425 1250 imperio
448 1185 567 1250 putare:
595 1186 626 1232 ct
639 1185 755 1232 caetera
769 1195 843 1252 quae
857 1181 921 1252 ipse
934 1180 1104 1236 instituerat

60 1264 222 1335 „dicere.“
250 1259 327 1317 Mihi
338 1257 494 1334 hucusque
506 1261 578 1316 setis
592 1261 632 1316 sit
645 1262 708 1316 eius
723 1260 812 1316 verba
825 1263 968 1335 posuisse.
1000 1260 1104 1318 Libido

60 1351 117 1404 ista
128 1343 307 1402 dominandi
319 1344 437 1421 magnis
448 1345 532 1400 roralis
543 1345 637 1421 agitat
648 1353 679 1399 et
689 1345 816 1400 conterit
827 1362 923 1420 genus
935 1342 1105 1400 humanum.

61 1431 126 1488 liae
138 1429 264 1486 libidine
277 1426 374 1484 Ronra
386 1437 460 1483 tune
473 1429 555 1485 victo
566 1426 669 1484 Albam
681 1445 714 1482 se
727 1427 836 1484 vicisse
849 1425 1061 1500 triumphabat,
1076 1437 1106 1482 ct

65 1515 113 1570 sui
125 1514 243 1570 sceleris
270 1511 388 1568 laudem
401 1511 526 1588 gloriam
552 1509 731 1568 nominabat.
777 1509 923 1580 Quoniam
949 1511 1104 1581 laedetur,

65 1599 163 1672 inquit
186 1594 343 1669 Scriptura
368 1603 487 1666 nostra,
507 1605 654 1672 peccator
668 1596 699 1650 ia
713 1595 872 1652 desideriis
886 1596 1003 1651 caietae
1021 1612 1104 1664 sose,

64 1693 94 1739 ct
106 1681 274 1758 quietique
286 1679 385 1754 gerit,
412 1677 606 1735 benedicitur.
648 1677 777 1734 Fallacia
795 1679 887 1756 igitur
900 1679 1049 1756 tegmina,
1075 1687 1105 1733 et

64 1765 251 1837 deceptoriae
263 1761 467 1818 dealbationes
481 1761 654 1818 auferantur
667 1780 685 1818 a
697 1761 801 1833 rebus,
828 1771 862 1818 ut
882 1763 999 1819 sincero
1012 1763 1104 1835 inspi-

64 1851 179 1905 ciantur
206 1847 353 1902 exantine.
398 1842 491 1900 Nemo
515 1842 587 1900 mihi
613 1845 707 1916 dicat,
731 1844 859 1923 Magnus
873 1846 924 1901 ille
937 1855 1026 1920 atque
1043 1847 1104 1914 ille,

64 1933 129 2007 quia
142 1947 212 1988 eum
224 1931 275 1986 illo
289 1937 320 1984 ct
332 1929 385 1984 illo
399 1929 560 2004 pugnavit,
588 1937 618 1984 et
629 1929 711 1985 vicit.
735 1927 876 2006 Pugnant
890 1930 978 1984 etiam
991 1927 1104 2005 gladio-

64 2025 160 2086 tores,
189 2014 317 2070 vineunt
330 2021 362 2067 et
373 2011 450 2084 ipsi:
476 2008 563 2068 habet
575 2013 705 2087 praemia
718 2011 813 2070 laudis
828 2021 858 2068 et
871 2013 922 2068 illa
936 2011 1103 2068 crudelitas.

63 2098 119 2157 Sed
131 2106 207 2174 puto
221 2115 286 2153 csse
300 2095 396 2154 satius
412 2094 568 2152 cuiuslibet
580 2097 706 2152 inertiae
719 2113 829 2170 poenas
843 2098 941 2166 lucre,
968 2112 1054 2168 quam
1067 2095 1103 2150 il·

64 2186 156 2241 lorum
169 2199 321 2238 armornm
332 2177 460 2256 gloriam
473 2195 625 2253 quaerere.
649 2178 691 2236 Et
703 2188 803 2236 nmen
817 2180 843 2236 si
857 2179 889 2236 in
903 2195 1024 2236 arenam
1035 2196 1103 2252 pro-

65 2268 203 2325 cederent
216 2263 391 2342 ‘pugnaturi
403 2263 483 2318 inter
496 2280 528 2318 se
541 2263 736 2340 gladiatores,
763 2280 889 2337 quorum
914 2265 989 2320 alter
1014 2261 1103 2330 filius,

65 2355 135 2408 alter
147 2358 237 2426 pater
251 2357 346 2418 essct,
373 2347 433 2402 tale
451 2348 649 2420 spectaculum
671 2348 737 2422 quis
761 2342 871 2404 ferreti
898 2349 963 2422 quis
977 2365 1038 2404 non
1050 2364 1103 2402 au·

65 2431 171 2492 terreat
192 2431 346 2500 Quomodo
360 2447 433 2507 ergo
446 2431 609 2507 gloriosum
622 2433 743 2488 alterius
757 2433 876 2502 nmtris,
890 2432 1012 2488 alterius
1026 2429 1104 2484 filiae

65 2519 209 2589 civitatis,
237 2516 317 2572 inter
330 2533 363 2571 se
376 2531 525 2571 armorum
549 2517 646 2588 potuit
672 2532 737 2570 cese
764 2510 935 2569 certamenl
978 2513 1025 2568 An
1038 2513 1104 2566 idco

65 2603 214 2661 diversum
226 2599 301 2670 fuit,
328 2596 407 2674 quod
419 2615 510 2654 arena
523 2599 574 2653 illa
587 2616 648 2654 non
662 2597 736 2665 fuit,
758 2605 788 2650 et
801 2597 923 2650 latiores
938 2595 1032 2666 campi
1045 2611 1105 2650 non

64 2686 188 2743 duorum
203 2683 416 2762 gladiatorum,
444 2682 496 2737 sed
510 2683 541 2736 in
555 2679 668 2735 duobus
680 2678 796 2752 papulis
810 2678 972 2733 multorum
991 2675 1104 2732 suneri-

64 2772 124 2826 bus
136 2767 345 2841 implebantur3
363 2784 419 2823 nee
433 2761 646 2839 amphitheatro
659 2761 855 2839 cingebantur
868 2763 919 2817 illo
932 2760 1104 2831 certamino,

65 2851 120 2909 scd
133 2853 270 2908 universo
284 2850 370 2921 orbe,
398 2858 429 2904 et
441 2858 512 2904 tune
527 2849 621 2918 vivis,
648 2855 678 2902 et
700 2846 842 2920 posteris,
870 2863 927 2921 quo
941 2861 1034 2920 usque
1047 2845 1105 2900 ista

65 2937 142 2994 saraa
152 2936 334 3012 porrigitur,
361 2933 483 3005 impium
497 2932 696 3006 spectaculum
708 2926 925 3004 praebebaturl

126 3018 196 3082 Vim
218 3027 318 3074 temen
343 3015 531 3091 patiebantur
552 3013 643 3071 studii
655 3015 702 3070 sui
717 3013 759 3070 dii
771 3016 815 3070 illi
827 3013 976 3088 praesides
989 3014 1105 3088 imperii

64 3104 202 3173 Romani,
232 3109 262 3157 et
278 3101 382 3157 talium
396 3099 591 3154 certaminum
604 3108 747 3172 tanquam
760 3095 896 3154 theatrici
911 3107 1104 3172 spectatores,

63 3189 158 3247 denec
172 3185 368 3242 Horatiorum
381 3199 467 3238 soror
479 3191 599 3256 propter
613 3181 749 3240 Curatius
763 3191 824 3237 tres
838 3191 1001 3254 peremtas,
1016 3181 1104 3236 etiam

62 3276 125 3349 ipsa
137 3271 232 3329 tertia
245 3269 389 3324 exaltare
401 3274 485 3340 parte
498 3265 630 3322 fraterne
645 3265 725 3321 terro
739 3265 854 3321 duobus
866 3265 1005 3320 iratribus
1016 3263 1103 3319 adde·

63 3367 162 3428 retur,
189 3372 231 3410 nc
257 3352 356 3408 minus
379 3347 501 3405 haberet
525 3351 664 3406 mortium
678 3350 766 3404 etiam
781 3347 875 3404 Roma
894 3367 968 3422 quae
982 3349 1103 3403 vicerat.

64 3439 179 3497 Deinde
192 3436 233 3492 ad
246 3435 378 3492 fructum
390 3433 533 3489 victoriae
545 3431 619 3490 aloa
631 3431 774 3488 subversa
788 3442 847 3489 est:
872 3431 921 3488 ubi
939 3438 1006 3503 post
1019 3427 1104 3482 llium

64 3524 141 3600 qued
154 3520 270 3579 Graeci
283 3524 474 3587 everterunt,
499 3525 529 3572 et
542 3524 609 3590 post
622 3514 777 3572 Lavinium
789 3516 840 3572 ubi
852 3515 968 3572 Aeneas
982 3519 1130 3584 reguum·

63 3607 258 3686 peregrinum
271 3611 363 3676 atquc
376 3601 535 3676 fugitivum
549 3600 760 3670 constitueret,
776 3600 867 3654 tertio
879 3599 943 3650 loco
957 3591 1106 3648 habitave-

63 3701 128 3749 rant
151 3689 279 3747 numine
305 3685 358 3739 illa
371 3682 509 3740 Troiana.
552 3681 613 3740 Sed
625 3699 706 3740 more
720 3697 776 3737 suo
791 3683 879 3737 etiam
892 3675 961 3733 inde
974 3676 1032 3730 iam
1045 3674 1106 3730 sor-

64 3785 139 3830 tasse
166 3773 396 3850 migraverant,
422 3765 488 3824 ideo
516 3767 612 3824 deleta
638 3774 692 3822 est.
736 3763 944 3821 Discesserant
969 3757 1109 3814 videlieet

66 3875 161 3918 omnes
176 3855 281 3932 adytis
310 3851 430 3925 arisque
455 3851 567 3908 relictis
591 3849 648 3922 dii,
675 3848 782 3924 quibus
794 3845 950 3985 {inimum
963 3841 1034 3898 illud
1047 3851 1107 3898 ste-
