2510 4404
208 223 269 280 364
438 211 538 272 DIVl
559 209 746 268 AVRELII
767 205 1022 266 AVGVSTINI

210 373 324 449 diligat,
337 365 414 442 quod
426 363 555 422 membra
565 361 764 430 suntChristi‚
780 360 857 416 absit
868 368 904 415 ut
915 358 974 414 ista
988 355 1116 414 dilectio
1129 361 1236 432 reperis-

211 455 304 512 turin
318 451 421 528 lignis,
435 448 522 504 foeno
534 457 564 503 et
577 448 684 521 stipula
697 441 903 513 consumenda,
919 441 968 496 sed
983 458 1114 514 prorsus
1129 441 1236 497 aedificis

212 553 312 605 aureo,
327 541 478 610 argenteo,
486 549 618 608 gemmeo
627 527 818 603 deputabitur.
834 524 984 592 Quomodo
991 533 1099 581 autem
1106 534 1237 597 potesteos

211 621 275 694 plus
289 635 387 674 amare
400 631 485 690 quam
491 613 654 684 Christum,
668 628 739 687 quos
754 617 833 666 amat
844 610 945 683 utique
954 617 1084 682 propter
1091 603 1239 664 Christum

556 709 680 769 CAP.
723 705 901 772 XXVll.

212 796 316 850 Contra
327 810 417 848 eorum
424 791 639 862 persuasionem,
650 789 697 858 qni
703 796 808 856 putant
818 785 869 838 sili
879 801 930 838 oon
940 783 1084 856 odfistura
1094 786 1246 854 peccots,is

306 893 311 901 ι
376 863 484 932 quitos,
495 877 555 914 cnm
565 857 884 929 eleemosynasfocereot,
892 857 1095 922 perstiterunt.

277 946 382 1012 Retat
396 954 437 1008 cis
450 948 626 1024 respondere
640 949 690 1024 qui
704 947 816 1017 dicunt,
831 952 950 1000 aeterno
960 943 1035 1020 igne
1046 946 1121 1000 illos
1136 953 1251 1002 tantun-¹

213 1038 297 1098 modo
316 1053 451 1106 arsuros,
476 1035 526 1108 qui
539 1051 591 1107 pro
605 1032 732 1107 peccatis
746 1031 808 1086 suis
821 1028 917 1086 facere
931 1025 1040 1104 dignas
1056 1030 1251 1103 eleemosynas

214 1123 387 1199 negligunt,
413 1125 534 1192 propter
546 1117 618 1173 illud
631 1113 709 1192 quod
721 1115 763 1170 ait
775 1112 928 1186 Apostolus
941 1109 1085 1168 lacobus:
1117 1109 1251 1169 Iudicisss

215 1216 314 1262 cotem
327 1205 391 1259 cine
406 1201 615 1258 misericordia
629 1199 676 1257 illi
688 1199 739 1276 qni
751 1215 808 1253 oon
819 1195 904 1266 fecit
915 1195 1177 1252 misericordiam.
1207 1196 1251 1260 Qui

216 1305 286 1365 ergo
305 1287 393 1357 fecit,
420 1284 578 1359 inquiunt,
605 1283 736 1360 quamvis
751 1292 811 1336 n'on
825 1278 990 1334 correxerit
1001 1276 1146 1351 perditos
1159 1297 1247 1344 mores,

216 1371 267 1428 sed
286 1370 398 1426 nefarie
417 1387 451 1425 ac
471 1368 606 1442 nequiter
623 1368 702 1422 inter
720 1365 800 1438 ipsas
822 1379 888 1417 suaa
909 1361 1120 1436 eleemosynas
1145 1364 1247 1428 vixerit,

216 1471 305 1530 quum
318 1449 518 1510 misericordia
532 1451 575 1506 illi
588 1451 719 1507 futurum
728 1455 774 1504 est
788 1443 940 1514 iudicium,
953 1452 988 1499 ut
997 1454 1051 1500 aut
1065 1461 1132 1500 non
1146 1444 1247 1500 ιίιιιιιιι-

215 1548 263 1594 tur
277 1537 413 1607 omnino,
440 1543 491 1590 aut
510 1543 575 1606 post
593 1530 711 1608 aliquod
731 1540 845 1604 tempus
860 1546 877 1584 a
891 1526 1089 1584 damnatione
1105 1529 1247 1584 novissim

215 1621 366 1678 liberetur.
395 1617 457 1674 Nee
472 1617 509 1672 ob
521 1616 602 1673 aliud
616 1615 786 1672 existimant
799 1611 946 1669 Christum
959 1609 996 1666 de
1010 1613 1076 1666 solo
1092 1611 1203 1667 dilecta
1216 1623 1247 1666 ιι-

216 1721 272 1776 que
286 1703 424 1778 neglectu
438 1701 690 1774 eleemosynarum
702 1697 910 1754 discretionem
923 1695 1002 1750 inter
1016 1693 1163 1750 dexteros
1177 1705 1206 1750 et
1218 1696 1247 1748 si-

216 1785 325 1840 nistros
340 1799 404 1838 esse
417 1783 579 1852 facturum,
594 1799 716 1857 quorum
730 1781 801 1836 alios
815 1781 847 1835 in
859 1795 998 1855 regnum,
1011 1779 1089 1832 alios
1105 1779 1140 1834 in
1154 1779 1248 1853 suppli·

217 1867 294 1922 cium
309 1865 406 1920 mittat
425 1872 587 1920 aeternum.
634 1863 673 1919 Vt
697 1873 794 1920 autem
815 1861 984 1937 quotidiana
1006 1861 1067 1916 sibi
1090 1864 1248 1936 opinentur,

217 1967 292 2024 quae
306 1946 404 2004 facere
419 1947 538 2002 omnino
552 1965 612 2004 non
626 1956 760 2018 cessant,
787 1947 999 2021 qualiacunque
1018 1953 1051 1999 ct
1075 1955 1249 2019 quantacun·

218 2051 273 2108 que
286 2033 365 2102 sint,
389 2049 441 2104 per
466 2031 666 2106 eleemosynas
690 2029 797 2085 dimitti
820 2045 906 2102 posse
927 2036 1070 2101 peccata,
1096 2030 1249 2084 orationem

218 2133 306 2192 quam
319 2113 418 2172 docuit
429 2115 492 2186 ipse
506 2112 669 2184 Dominus,
694 2123 723 2168 et
738 2109 971 2190 suffragatricem
985 2111 1041 2166 sibi
1055 2109 1199 2166 adhibere
1211 2129 1249 2166 eo-

220 2207 343 2268 nantur,
363 2205 394 2252 et
406 2206 521 2252 testem.
557 2195 643 2252 Sicut
657 2196 735 2251 enim
747 2197 845 2252 nullus
860 2203 923 2265 est,
938 2195 1095 2267 inquiunt,
1111 2194 1191 2265 dies,
1203 2211 1248 2268 qm

218 2300 236 2337 a
250 2279 424 2337 Christianis
436 2276 508 2334 haec
522 2281 615 2336 oratio
630 2297 691 2334 nou
703 2276 829 2333 dicatur:
856 2279 898 2332 ita
918 2278 1030 2332 nullum
1053 2286 1100 2333 est
1114 2277 1247 2352 quotidie-

218 2381 289 2420 num
313 2365 515 2437 qualecunque
540 2371 708 2436 peccatum,
735 2359 812 2434 quod
827 2377 880 2434 per
898 2359 977 2414 illam
1000 2377 1061 2415 non
1084 2360 1246 2421 dimittatur,

218 2464 308 2520 quum
321 2445 462 2516 dicimus,
489 2444 619 2502 Dimitte
636 2445 718 2502 nobis
732 2435 833 2501 dedito
846 2442 968 2499 nostro:
994 2443 1021 2497 si
1035 2443 1116 2517 quod
1129 2446 1245 2519 sequitur

217 2528 312 2585 iacere
334 2547 486 2598 curemus,
511 2531 591 2586 eiciet
613 2539 643 2586 et
662 2544 715 2584 nos
739 2523 916 2593 dimittimus
934 2525 1119 2582 debitoribus
1138 2529 1240 2584 nostris

217 2611 285 2670 Non
299 2613 378 2670 enim
391 2613 433 2668 ait
446 2610 606 2683 Domitius,
619 2611 771 2686 inquiunt,
798 2608 833 2666 Si
846 2609 1015 2666 dimiseritis
1027 2619 1153 2683 peccata
1165 2609 1244 2666 hond

219 2695 322 2767 nibus,
337 2694 464 2752 dimittet
477 2695 559 2752 vobis
573 2694 662 2752 Pater
673 2703 772 2750 vester
786 2690 955 2768 quotidiana
967 2711 1060 2766 parva
1072 2702 1194 2766 peccata
1204 2711 1243 2748 se

218 2787 295 2850 stra3
309 2777 377 2850 sed,
389 2779 520 2844 dimittet
532 2778 623 2848 vobio,
637 2779 748 2853 inquit,
755 2785 887 2856 peccato
897 2785 1008 2832 oestro.
1035 2776 1244 2851 Qualiaennqse

218 2880 289 2940 crgo
303 2863 352 2918 vel
364 2869 588 2936 quantacunque
602 2863 677 2931 sint,
692 2861 806 2916 etiamsi
821 2858 951 2935 quotidie
963 2869 1188 2934 perpetrentur,
1201 2877 1242 2914 nes

217 2945 252 3000 ab
267 2946 309 3000 eis
322 2945 384 3020 vita
397 2942 549 2999 discedant
564 2941 718 3021 [discedat]
735 2945 766 3000 in
779 2944 882 3000 melius
897 2951 1089 3013 commutata,
1111 2961 1165 3018 per
1177 2945 1242 2996 elee-

193 3078 194 3087 ,
216 3043 369 3100 mosynam
381 3027 486 3081 reniae
502 3044 563 3082 non
577 3037 702 3104 negatae
725 3023 829 3102 [venia
842 3043 901 3082 nou
915 3021 1040 3102 negata]
1065 3027 1174 3082 remitti
1197 3025 1242 3079 sili

215 3124 302 3181 posse
314 3117 510 3182 praesumunt.

280 3189 340 3248 Sed
352 3191 440 3262 bene,
455 3191 531 3267 quod
541 3193 592 3250 isti
603 3193 708 3271 dignas
722 3213 775 3270 pro
787 3193 915 3267 peccatis
930 3202 1118 3249 commonent
1131 3194 1240 3248 eleemo

217 3293 305 3352 sycas
321 3293 385 3332 esse
399 3274 562 3333 faciendas:
589 3279 726 3352 quoniam
740 3279 767 3334 si
780 3276 928 3346 dicerent,
945 3277 1164 3350 qualescunque
1177 3276 1240 3330 elce·

216 3377 354 3434 mosynas
367 3377 420 3434 pro
433 3361 562 3432 pcccatis
576 3369 606 3416 et
620 3359 797 3434 quotidianis
810 3369 839 3415 et
851 3360 966 3436 magnis
980 3369 1011 3414 et
1029 3368 1239 3433 quantacunque

205 3443 361 3500 scalmum
375 3441 587 3499 consuetudine
599 3442 830 3500 misericordiam
842 3459 929 3517 posse
942 3442 1101 3515 impetrare
1114 3440 1237 3504 dinosa

217 3534 251 3582 ut
271 3543 306 3580 ea
327 3524 497 3600 quotidiana
520 3527 653 3582 remissio
675 3535 862 3601 sequeretur,
888 3523 1100 3581 viderentrem
1113 3542 1148 3581 se
1160 3523 1235 3580 diem

216 3606 371 3664 absurdam
397 3617 483 3682 atquc
509 3608 672 3664 ridiculam.
717 3607 769 3666 Sic
791 3609 870 3664 enim
888 3615 1068 3685 cogerentur
1085 3607 1173 3664 fateri
1187 3601 1235 3662 lien'

215 3705 316 3761 posse,
329 3699 362 3744 ut
374 3691 610 3763 opulentissimus
623 3689 708 3747 homo
721 3689 822 3748 decem
835 3691 991 3747 nummulis
1004 3689 1122 3748 diurnis
1136 3693 1168 3748 in
1178 3689 1236 3745 elot-

215 3785 354 3843 mosynas
367 3773 522 3844 impensis,
535 3771 707 3844 homicidia,
722 3782 751 3828 et
764 3773 923 3844 adulteria,
952 3782 983 3829 et
995 3771 1113 3830 nefaria
1126 3785 1237 3850 quscqlt

215 3847 295 3906 lacta
318 3851 481 3910 redimeret.
526 3855 649 3922 Quodsi
666 3856 908 3914 absurdissimum
927 3864 958 3912 et
975 3856 1238 3914 insanissimos
