2586 4396
265 217 326 276 ΒΕ
349 213 559 275 ClViTATE
583 217 660 275 DEI
682 216 760 276 nin.
782 219 836 276 vt
1019 223 1073 282 171

96 367 314 439 Quamobrem,
334 369 435 425 sicum
452 368 488 426 de
501 387 595 445 regno
613 378 732 426 terreno
750 389 970 446 quaereremus,
989 391 1075 447 quos-

40 473 102 511 nam
117 453 195 509 iilud
210 451 280 507 deos
294 451 343 507 vel
357 450 423 508 deas
438 450 602 510 bominibus
615 451 789 510 credendum
810 464 887 510 esset
902 471 987 529 posse
1005 475 1075 512 cou-

38 539 130 608 serre‚
151 536 297 592 discussis
311 534 443 592 omnibus
457 537 546 616 longe
559 536 685 592 alienum
705 554 723 591 a
740 539 865 593 veritato
882 547 1075 594 monstratum

37 630 96 692 est,
109 638 128 676 a
141 636 293 694 quoquam
306 619 428 676 istorum
438 619 593 678 multorum
606 620 756 676 numinum
769 629 857 694 atque
868 619 1007 676 fohorum
1020 623 1076 676 sel-

37 715 91 760 tem
104 720 205 778 regno
219 711 337 757 terrena
351 702 518 758 existimare
532 703 688 758 constitui:
702 719 799 758 nonne
813 703 1077 760 insanissimseim-

35 787 231 860 pictatium,
251 785 278 839 si
291 792 411 840 aeterne
425 786 499 856 rita,
515 803 589 860 quac
606 786 731 841 terrenis
744 786 877 843 omnibus
894 787 996 863 regnis
1013 787 1077 841 sinc

36 871 95 925 ulla
109 867 302 925 dubitatione
312 868 361 923 vei
375 870 590 942 comparatione
602 868 792 942 praeferendo
811 878 873 939 ert,
900 869 936 925 ab
957 869 1077 924 istorum

38 970 186 1026 quoquam
198 950 265 1007 dsri
279 950 414 1025 cuiquam
426 969 510 1025 posse
524 947 677 1008 credaturi
720 950 823 1027 Neque
836 953 914 1008 euim
923 959 1077 1026 propterea

38 1035 75 1090 dii
94 1036 176 1091 teies
196 1034 247 1091 vel
265 1043 414 1090 terrenum
430 1051 553 1109 regnum
571 1033 641 1090 dere
658 1051 717 1090 non
737 1051 822 1109 posse
839 1036 991 1104 visisunt,
1011 1035 1078 1108 quia

39 1119 79 1172 illi
99 1119 205 1193 magni
229 1125 259 1171 et
277 1117 387 1171 excelsi
405 1126 488 1188 sunt,
515 1115 570 1173 boc
588 1116 724 1192 quiddam
740 1133 860 1191 porrum
878 1127 907 1176 et
924 1117 1077 1185 abiectum,

40 1199 112 1274 quod
125 1217 190 1255 non
205 1199 402 1273 dignarentur
413 1201 445 1254 in
461 1208 542 1256 tanto
559 1200 738 1256 sublimitate
756 1216 868 1254 curare.
911 1197 970 1254 Sed
988 1216 1077 1271 quan*

42 1281 180 1338 tumlibet
193 1279 431 1340 consideratione
444 1281 616 1358 fragilitatis
629 1281 772 1338 bumonoe
784 1279 909 1338 caducos
918 1281 1077 1354 apiccoten

41 1367 104 1421 reni
117 1366 208 1440 regni
221 1364 327 1420 merito
341 1365 461 1439 quisque
476 1373 656 1435 conteronot3
670 1364 715 1418 ilii
729 1362 770 1418 dii
784 1363 860 1418 tales
869 1371 1079 1440 apparuerunt,

42 1458 72 1503 ut
83 1447 287 1525 indignissimi
302 1444 487 1519 riderentur,
506 1447 612 1522 quibus
626 1445 719 1502 danda
734 1454 821 1520 utque
834 1442 978 1503 serrendo
996 1441 1078 1497 debe·

41 1540 106 1587 rent
119 1533 171 1588 rel
184 1533 245 1588 ista
259 1531 410 1588 committi.
452 1530 495 1588 Ac
508 1549 560 1605 per
573 1529 645 1600 boe,
666 1529 693 1586 si
707 1525 753 1607 (ut
771 1530 922 1602 superiore
941 1526 1079 1599 proximis

42 1613 151 1672 duobus
164 1614 250 1670 libris
262 1621 441 1686 pertractata
455 1608 632 1695 docuerunt)
648 1613 748 1670 nuilus
762 1608 843 1668 Deus
861 1629 899 1668 ex
915 1610 968 1668 illa
985 1607 1080 1679 turbo,

44 1699 89 1754 rel
102 1698 189 1772 quasi
202 1696 401 1770 plebeiorum,
421 1697 470 1754 rel
483 1699 565 1772 qussi
578 1712 728 1772 procerum
742 1694 877 1764 deorum,
894 1691 1016 1750 idoneus
1035 1700 1080 1748 est

44 1798 134 1857 regna
147 1779 288 1838 mortalia
302 1778 470 1840 mortalibus
484 1781 568 1849 dare,
587 1786 697 1856 quanto
709 1779 806 1838 minos
818 1786 914 1852 potest
931 1777 1080 1834 immorta-

44 1863 82 1917 les
95 1881 133 1918 ex
147 1863 323 1922 mortalibus
336 1857 450 1918 iocerei

101 1944 173 2002 Huc
186 1944 316 2014 accedit,
337 1946 445 2018 quiesi
460 1947 668 2006 iamcunrillis
686 1949 800 2023 agimus
818 1945 869 2019 qui
888 1961 947 2002 nou
964 1949 1081 2020 propter
1123 1979 1129 1990 .

47 2031 144 2100 istam,
174 2027 227 2083 red
238 2037 356 2101 propter
370 2029 458 2085 vitam
477 2047 550 2102 quae
562 2039 627 2104 post
644 2040 768 2088 mortem
786 2029 962 2094 futurumst,
979 2024 1081 2080 existi·

44 2121 119 2168 nant
138 2109 281 2168 colendos
296 2109 381 2180 deos3
409 2112 466 2168 iam
480 2129 534 2168 nec
546 2123 664 2187 propter
682 2115 734 2170 illu
751 2114 854 2168 saltem
874 2125 948 2182 quac
963 2105 1082 2161 deorum

45 2196 142 2250 talium
154 2195 297 2269 potestati
312 2204 452 2269 tunquam
465 2193 619 2269 dispertite
631 2205 661 2254 et
673 2195 805 2271 proprio,
827 2209 886 2250 uon
899 2190 1013 2248 retione
1030 2205 1082 2244 ve-

44 2279 149 2350 ritatis,
165 2276 217 2333 sed
232 2277 372 2334 vanitatis
387 2279 523 2350 opinione
537 2279 724 2350 tribuuntur,
738 2278 856 2336 omnino
871 2271 986 2332 colendi
999 2280 1082 2339 sunt;

46 2361 119 2416 sicut
133 2359 261 2417 credunt
274 2356 305 2414 hi
320 2360 371 2433 qui
384 2360 493 2418 cultum
506 2379 607 2418 eorum
619 2365 698 2420 vitae
711 2359 934 2418 huiusmortalis
946 2354 1082 2412 utilitati·

45 2442 95 2498 bus
112 2443 316 2498 necessarium
334 2459 398 2498 esse
422 2442 619 2501 contendunt:
646 2454 749 2502 contra
776 2460 847 2516 quos
873 2442 932 2498 iem
957 2439 1084 2511 quinque

46 2524 287 2598 praecedentibus
312 2525 508 2582 voluminibus
535 2527 624 2596 satis,
651 2534 792 2599 quantum
809 2523 906 2596 potui,
928 2517 1083 2591 disputavi·

47 2609 124 2674 Quae
139 2626 208 2666 eum
223 2607 266 2662 ita
279 2607 355 2678 sint,
368 2608 394 2663 si
407 2625 508 2664 corum
521 2609 572 2681 qui
584 2609 715 2662 colerent
728 2605 812 2660 deam
825 2601 1022 2668 Iuventatem,
1035 2615 1085 2652 ae·

47 2699 90 2746 tas
107 2692 172 2764 ipsa
188 2688 310 2746 floreret
327 2691 490 2766 insignius3
517 2697 711 2746 contemtores
728 2693 826 2742 eutem
842 2685 922 2753 eius,
946 2681 994 2736 rel
1009 2681 1086 2734 intra

49 2790 143 2828 onnes
156 2773 362 2830 occumberent
374 2773 552 2844 iuventutis,
567 2773 615 2830 rei
627 2773 658 2828 in
672 2789 707 2828 ea
719 2779 854 2845 tanquam
869 2764 956 2824 senili
969 2771 1086 2834 torpore

49 2854 256 2931 frigescerent:
282 2856 310 2911 si
322 2856 412 2912 malas
430 2856 575 2914 cultorum
590 2872 709 2912 suorum
727 2851 885 2928 speciosius
904 2857 935 2905 et
953 2845 1087 2903 festivius

49 2936 179 2998 Fortuna
191 2938 314 2996 barbata
328 2939 463 3010 vestiret3
487 2957 504 2996 a
519 2937 623 3013 quibus
636 2947 733 2996 eutem
749 2942 950 3011 sperneretur,
970 2929 1087 3006 glabros

49 3029 97 3077 aut
116 3023 195 3078 male
214 3019 350 3078 barbatos
363 3019 540 3078 videremus:
568 3021 656 3078 etiam
675 3023 718 3078 sic
736 3019 898 3076 rectissime
917 3013 1087 3078 diceremus,

48 3103 100 3159 hoc
120 3122 216 3179 usquc
234 3102 386 3160 istaadeas
404 3105 534 3181 singulos
552 3121 653 3176 posse,
675 3104 737 3160 suis
753 3100 857 3158 officiis
876 3092 1089 3173 quodammodo

49 3188 202 3260 limitatas3
230 3205 265 3244 ac
281 3203 334 3261 per
347 3185 401 3242 boc
415 3204 469 3242 nec
482 3183 662 3244 sluventote
676 3195 809 3261 oportere
819 3185 881 3259 peti
891 3183 981 3239 ritum
994 3186 1089 3234 aeter·

51 3287 131 3340 narn,
151 3288 230 3346 quae
244 3287 305 3326 non
319 3267 402 3326 duret
414 3268 546 3340 borbonr3
573 3288 627 3326 neo
644 3269 806 3326 aFortune
818 3265 937 3323 barbata
951 3263 1020 3318 boni
1034 3259 1089 3315 oli-

51 3351 113 3428 quid
127 3363 197 3428 post
210 3351 287 3411 hanc
300 3353 390 3409 ritarn
405 3370 468 3407 esse
481 3351 665 3426 sperandum,
680 3354 764 3410 cuius
777 3353 809 3408 in
820 3348 875 3406 hac
888 3349 949 3404 rite
962 3349 1090 3418 potestas

52 3436 128 3492 nulla
141 3445 232 3508 esset,
248 3445 282 3491 ut
297 3433 418 3490 eundern
431 3434 536 3491 saltem
550 3444 684 3504 aetatem,
696 3451 771 3509 quoe
778 3431 868 3488 barba
878 3429 1020 3489 induitur,
1028 3425 1090 3501 ipsa

51 3529 219 3591 praestaret.
265 3516 353 3574 Nune
364 3535 434 3574 vero
447 3535 513 3574 cum
527 3535 625 3574 eorum
639 3519 733 3574 cuitus
748 3531 803 3571 nec
815 3521 936 3586 propter
950 3510 1007 3564 ists
1016 3506 1089 3576 ipsa,

53 3601 282 3676 quaeputanteis
298 3598 676 3672 subdito,sitnecessarius;
690 3599 757 3671 quia
765 3606 794 3652 et
805 3596 889 3651 molti
900 3591 1032 3647 colentes
1041 3584 1089 3642 lu-

52 3694 196 3744 ventatem
225 3685 312 3742 deam
323 3683 442 3740 minime
455 3684 488 3738 in
502 3683 553 3738 illa
567 3692 663 3739 aetate
677 3683 855 3757 viguerunt,
883 3670 1013 3730 etmulti
1032 3687 1090 3726 non

54 3786 111 3824 eam
125 3772 259 3826 colentes
273 3765 404 3844 gaudent
416 3766 521 3824 robore
538 3765 715 3835 iuventutis3
744 3764 871 3836 itemque
889 3755 972 3814 multi
985 3751 1091 3810 Fortu-

58 3869 108 3908 nae
123 3853 264 3910 barbatae
278 3850 425 3924 supplices
438 3849 475 3905 ad
489 3849 598 3906 nuliam
614 3849 661 3906 vei
680 3845 837 3906 deformem
854 3841 970 3898 borbum
989 3854 1091 3912 pervc-
