2590 4396
297 213 358 274 DE
381 213 596 276 GlVlTATE
621 215 699 273 DEl
727 217 808 276 LlB.
836 221 869 279 V.
1051 231 1108 286 147

61 368 240 444 praescirit3
259 365 394 439 profecto
410 375 440 422 et
453 367 502 422 illo
516 369 700 440 praesciente
714 379 759 426 est
771 371 881 445 aliquid
894 373 926 429 in
939 387 1042 434 nestra
1053 399 1107 436 ro-

59 455 184 508 luntate.
215 450 362 516 Quocirca
374 451 454 505 nullo
468 450 553 506 ruodo
567 453 708 528 cogimur,
723 463 773 509 aut
785 463 900 511 retenta
913 463 1106 531 praescientia

60 536 115 591 Dei
128 536 242 590 tallere
255 534 416 590 vohmtatis
430 533 600 605 arbitrium,
620 545 670 590 aut
682 545 797 593 retento
811 540 973 596 voluntatis
984 543 1105 600 arbitrio

59 618 155 674 Deum
170 613 264 690 (quod
275 615 359 670 nefas
370 610 425 692 est)
440 634 549 691 negare
560 620 722 689 praescium
736 620 915 678 futurorum:
929 624 981 679 sed
994 635 1104 681 utrum-

58 720 111 774 que
126 699 346 772 amplectimur,
360 706 514 772 utrumque
528 698 654 755 fideliter
668 693 852 758 etveraciter
866 706 1046 762 confitemur.
1066 707 1103 763 ll-

56 783 115 851 lud,
129 791 164 848 ut
172 782 255 836 bene
269 781 437 851 credamus,
451 779 520 850 boe,
534 789 567 836 ut
579 781 654 840 bene
666 786 808 842 vivamus.
829 785 906 842 Male
919 799 1016 846 autem
1029 793 1104 847 vivi-

58 877 113 933 tur,
128 866 156 918 si
166 863 205 917 dc
217 861 282 917 Dea
294 881 356 917 non
367 861 443 918 bene
457 863 598 920 ereditur..
608 864 693 924 Vnde
706 867 808 923 absita
820 870 905 926 nobis
919 873 980 926 eius
995 891 1105 949 negare

58 947 268 1021 praescientia,
282 953 316 1002 ut
325 945 412 1002 liberi
425 965 491 1004 ease
504 949 640 1020 velirnue,
653 969 710 1024 quo
724 952 881 1008 adiuvante
895 973 993 1010 auarus
1006 956 1104 1024 liberi,

60 1033 103 1085 vel
117 1031 242 1085 eriasus.
269 1026 399 1084 Proinde
412 1047 472 1086 uon
485 1029 594 1088 nune
608 1040 677 1090 ruat
689 1033 782 1112 leges,
807 1035 1036 1113 obiurgationes,
1051 1055 1103 1094 ex-

59 1113 256 1182 hortationes,
271 1109 372 1166 laudcs
387 1122 416 1168 ct
428 1113 673 1186 vituperationes:
697 1118 765 1191 quia
780 1126 810 1172 ot
822 1119 899 1191 ipsas
913 1119 1026 1178 futuras
1041 1139 1104 1178 esse

59 1196 228 1270 praescivit,
236 1203 267 1250 et
273 1197 375 1252 valent
381 1197 549 1268 plurimum,
555 1207 694 1271 quantum
702 1217 751 1256 eas
758 1201 898 1256 valituras
905 1220 968 1258 esse
975 1206 1103 1276 praesci-

59 1282 115 1350 vit3
130 1287 161 1337 et
171 1296 277 1352 preces
290 1278 438 1337 valeatad
447 1281 687 1353 caisupetranda,
701 1299 775 1355 qnae
788 1300 821 1337 se
832 1285 1018 1356 precantibus
1033 1305 1103 1344 eou-

60 1381 209 1418 cessurum
217 1364 461 1436 eseepraeacivit:
474 1371 504 1418 et
515 1363 592 1418 iuste
603 1365 733 1437 praemia
746 1363 831 1420 bonis
845 1365 945 1436 laetis,
961 1376 991 1422 et
1001 1387 1103 1440 paece-

60 1449 96 1500 tis
107 1446 251 1519 supplicia
265 1447 424 1504 constituta
437 1454 514 1502 aaut.
529 1444 631 1520 Neque
644 1449 721 1504 enirn
735 1447 801 1506 ideo
814 1458 916 1522 peceat
926 1447 1023 1521 boma,
1037 1453 1104 1526 quia

61 1529 139 1584 Deus
152 1530 239 1584 illum
250 1537 438 1601 peccaturum
452 1547 516 1586 esse
527 1531 698 1602 praescivit:
718 1533 776 1588 imo
792 1531 858 1588 idco
874 1551 934 1590 non
957 1532 1104 1590 dubitatur

61 1613 153 1684 ipsum
166 1629 303 1685 peecare,
322 1629 388 1666 eum
400 1621 510 1686 peccat,
524 1613 593 1686 quia
606 1614 656 1670 ille
670 1616 751 1670 euius
761 1617 955 1689 praescientia
967 1617 1029 1674 falli
1043 1635 1103 1674 aaa

61 1703 166 1768 potest,
186 1712 249 1749 non
263 1693 366 1768 fatum,
381 1713 442 1752 non
455 1696 613 1768 tenuram,
636 1716 696 1754 non
711 1698 820 1773 aliquid
834 1699 922 1770 aliud,
946 1699 996 1756 sed
1009 1701 1101 1774 ipsum

62 1787 247 1850 peccauerunt
264 1795 330 1832 esse
345 1781 511 1852 praescivit.
539 1779 596 1845 Qui
610 1781 636 1836 si
649 1783 724 1838 nolit
737 1783 837 1857 utique
852 1802 911 1840 nea
924 1793 1037 1857 peccat:
1051 1783 1102 1838 sed

63 1862 85 1916 si
97 1877 221 1934 peecare
234 1862 376 1931 noluerit,
389 1863 477 1918 etiaar
490 1861 545 1920 hoc
558 1863 608 1918 ille
621 1865 787 1936 praescivit.

102 2109 148 2162 De
158 2109 308 2164 univerae
314 2110 487 2178 potamia
497 2109 564 2175 Dei,
573 2112 653 2164 cuim
661 2111 766 2180 tegito
775 2111 864 2162 onmis
876 2112 1058 2166 carmentae.

123 2201 208 2258 Deus
227 2201 327 2274 itaque
350 2217 477 2258 summus
502 2211 532 2256 et
551 2221 640 2258 verus
663 2219 729 2257 aeas
744 2199 841 2256 Verbo
866 2220 919 2258 sua
942 2211 972 2258 et
989 2200 1102 2277 Spiritu

61 2293 172 2353 tanao,
187 2301 264 2358 quae
277 2284 336 2340 tria
348 2301 440 2340 seusun
452 2293 531 2356 sunt,
552 2283 633 2342 Deus
647 2303 722 2341 unus
736 2285 931 2360 omnipotens,
945 2295 1060 2343 creator
1074 2297 1103 2342 et

60 2371 153 2424 lactor
170 2367 268 2424 omnis
293 2368 410 2424 animae
428 2376 516 2442 atque
533 2370 629 2426 omnis
650 2371 795 2444 corperis:
823 2371 906 2424 cuius
922 2379 991 2426 sunt
1009 2371 1100 2443 parti-

61 2452 208 2526 cipatioue
226 2449 339 2522 felices,
358 2451 522 2526 aeneaque
540 2461 610 2508 sunt
628 2454 770 2523 veritate,
797 2470 858 2508 nou
876 2454 1007 2508 ravenate
1033 2453 1099 2508 leli-

61 2553 123 2591 ces:
151 2535 203 2610 qui
221 2533 295 2590 lecit
305 2531 455 2590 mairem
471 2537 618 2592 rationale
630 2536 739 2592 animal
752 2552 790 2588 ex
805 2535 904 2588 anima
919 2544 949 2589 et
966 2551 1103 2608 corpore,

61 2620 198 2693 quicum
220 2626 391 2690 peccantem
415 2637 470 2674 nec
496 2619 671 2692 impunitum
697 2630 761 2671 esse
786 2617 934 2689 permisit,
960 2633 1015 2671 nee
1038 2617 1102 2670 siue

62 2699 265 2756 misericordia
290 2699 462 2775 dereliquit3
489 2703 538 2775 qui
561 2699 648 2755 bonis
671 2708 702 2754 et
726 2700 810 2754 melis
833 2700 992 2754 essentiam
1015 2699 1104 2754 etiarn

63 2802 133 2838 eum
144 2781 303 2856 lapidibus,
330 2784 610 2840 vitamscminalem
630 2783 801 2838 etiamtum
819 2780 986 2852 arboribus,
1013 2782 1104 2837 vitam

63 2867 228 2922 sensualem
259 2867 348 2924 etiarn
371 2885 436 2924 eum
461 2866 629 2941 pecoribus,
664 2867 758 2922 vitam
778 2865 1008 2921 intellectualem
1037 2883 1103 2922 cunr

61 2952 133 3007 solis
153 2950 267 3030 angelis
289 2949 383 3006 dedit:
417 2968 435 3004 a
453 2967 510 3025 quo
529 2957 574 3006 est
592 2951 687 3006 omnis
712 2948 833 3020 modus,
859 2950 953 3006 onais
979 2951 1102 3024 species,

61 3036 158 3090 omnis
178 3031 266 3104 ordo;
292 3051 310 3088 a
336 3051 393 3108 quo
420 3042 464 3090 est
489 3053 643 3105 measure,
672 3051 822 3104 numerus,
852 3031 982 3107 pondus,
1007 3051 1025 3088 a
1046 3051 1102 3108 quo

61 3127 105 3172 est
119 3113 260 3192 quicquid
278 3117 453 3175 naturaliter
474 3126 532 3190 est,
558 3119 756 3192 cuiuscunque
774 3118 894 3195 generis
919 3126 978 3188 cst,
1004 3117 1103 3171 curius-

59 3203 133 3258 libet
159 3199 374 3258 aestimationis
400 3209 457 3272 est3
486 3219 503 3256 a
527 3219 583 3276 quo
607 3211 676 3256 sunt
698 3203 811 3256 semina
838 3199 1013 3270 leomarum,
1041 3199 1102 3256 lor-

60 3303 125 3340 mae
146 3284 310 3354 seminum,
337 3291 432 3340 motus
459 3285 601 3340 seminum
624 3294 710 3359 atque
734 3284 909 3340 formarum:
948 3285 999 3357 qui
1024 3279 1104 3338 dedit

11 3443 12 3446 Ἴ
60 3378 90 3424 et
105 3369 189 3426 carui
206 3369 370 3446 originem,
392 3365 654 3441 pulchritudinem,
681 3367 889 3436 valetudinem,
915 3366 1103 3442 propagatio-

60 3454 107 3508 nis
121 3452 351 3522 feeunditutem,
376 3451 572 3508 membrorum
586 3450 819 3524 dispositionem,
846 3450 969 3504 salutem
982 3463 1104 3502 eoncor-

59 3536 143 3594 diae:
157 3537 210 3612 qui
223 3545 255 3592 et
266 3537 384 3592 animae
397 3535 563 3594 irrationali
576 3532 656 3590 dedit
667 3533 849 3603 memoriam,
873 3548 1002 3598 sensum,
1017 3545 1105 3600 eppe-

59 3621 163 3692 titum3
183 3619 326 3676 rationali
340 3627 438 3676 antem
449 3619 570 3693 insuper
583 3626 722 3687 mantem,
741 3614 980 3691 intelligentiam,
1000 3611 1105 3666 vdua-

58 3711 166 3758 tatem:
194 3703 245 3778 qui
258 3721 322 3758 non
337 3703 429 3756 solrun
442 3703 555 3756 coelum
568 3709 598 3756 et
610 3710 729 3768 terram,
749 3717 807 3754 nee
819 3698 913 3752 solum
926 3695 1064 3771 angelum
1078 3702 1108 3748 et

57 3783 227 3856 hominem
254 3784 307 3842 sed
326 3802 382 3840 nee
401 3786 503 3862 exigui
520 3794 551 3840 et
574 3780 782 3840 contemtibilis
805 3779 963 3836 animantis
982 3778 1106 3843 riseera,

59 3887 114 3926 nec
128 3872 193 3926 avis
207 3869 382 3944 parandam,
408 3887 462 3924 ncc
481 3866 589 3924 herbae
609 3864 779 3934 llosculrun,
806 3883 862 3920 nce
876 3861 990 3918 arboris
1004 3861 1105 3917 fotian

757 3943 817 4002 Ka
