2590 4396
249 225 308 282 lta
470 218 566 280 Dlvl
587 215 768 276 AVRELll
788 215 1036 274 AVGVSTlNl

248 372 300 428 sed
313 374 451 448 quoniam
462 370 578 430 Stoicos
590 369 673 441 dicit,
691 370 751 425 vim
763 369 817 424 fati
826 377 1002 439 asserentes,
1013 369 1086 424 istor
1100 387 1138 426 ex
1150 368 1247 430 Home
1260 403 1264 410 ·

248 475 283 512 ro
298 473 400 514 versus
414 457 508 512 solere
521 471 672 528 usurpare,
686 469 747 508 non
760 451 795 506 de
808 453 887 508 illius
899 461 1011 526 poetae,
1025 451 1077 508 sed
1089 452 1124 508 de
1137 455 1264 512 istorum

246 537 483 615 pbilosophorum
494 539 632 611 opinione
644 545 802 606 tractatur,
820 551 886 590 cnm
898 554 950 609 per
962 538 1034 590 istos
1048 555 1166 608 versus,
1188 557 1263 612 quos

247 623 439 698 disputationi
451 621 598 692 adhibent,
611 638 698 695 quam
711 619 746 674 de
762 619 822 674 fato
835 616 962 690 habent,¹
973 617 1042 693 quid
1055 621 1182 676 sentiant
1196 639 1264 676 esse

247 707 348 778 fatum,
362 706 543 777 apertissime
556 703 731 774 declaratur,
751 703 889 777 quoniam
902 700 998 758 lovem
1011 705 1162 776 appellant,
1176 721 1264 777 quem

245 807 389 848 summum
402 787 488 846 deum
500 786 614 862 putant,
638 803 725 862 aquo
740 786 951 849 connexionem
963 784 1065 842 dieunt
1080 785 1205 860 pendere
1219 787 1263 842 la-

245 883 350 930 torum.

246 1048 289 1102 De
296 1049 476 1118 praescientia
486 1047 541 1100 Dei
550 1057 578 1101 et
587 1048 793 1189 liberossominis
803 1051 954 1112 voluntate,
974 1057 1068 1102 contro
1079 1046 1215 1100 Ciceronis
1225 1049 1266 1100 de-

699 1128 833 1172 acteonem
1251 1145 1255 1160 ι

310 1207 375 1266 Hos
388 1206 490 1266 Cicero
503 1209 546 1264 ito
558 1207 735 1288 redarguere
747 1210 863 1282 nititur,
877 1217 982 1266 utnon
995 1209 1144 1267 existimet
1156 1207 1266 1282 aliquid

246 1310 279 1348 se
292 1291 430 1350 adversus
444 1309 494 1348 eos
508 1293 623 1364 valere,
650 1295 709 1350 nisi
727 1293 843 1350 auferat
860 1291 1078 1350 divinationem.
1113 1291 1208 1358 Quam
1224 1293 1266 1348 sie

248 1371 372 1434 conatur
384 1377 519 1444 aniene,
541 1385 576 1432 nt
587 1386 678 1454 neget
689 1396 756 1434 esse
769 1377 922 1434 scientiam
934 1376 1120 1446 futurorum,
1146 1393 1266 1450 eamque

247 1460 381 1516 omnibus
394 1461 506 1516 viribus
520 1461 630 1515 nullam
643 1479 707 1516 esse
720 1463 838 1517 omnino
852 1458 1019 1530 contendat,
1032 1460 1079 1515 vel
1089 1459 1120 1514 in
1129 1456 1208 1530 Doo,
1221 1460 1267 1515 rel

247 1543 279 1596 in
292 1540 424 1613 bomine,
450 1544 618 1615 nullamque
635 1561 735 1600 rernm
752 1543 987 1617 praedictionem.
1012 1541 1057 1598 lta
1071 1550 1101 1597 et
1113 1540 1171 1598 Dei
1183 1559 1266 1614 prae-

247 1625 399 1680 scientiam
412 1632 517 1702 negat,
540 1632 570 1679 et
582 1643 696 1680 omnem
707 1624 886 1699 prophetiam
898 1627 963 1680 luce
976 1625 1130 1680 clariorem
1143 1635 1267 1682 conatur

248 1715 380 1763 evertere
392 1709 476 1764 ranis
490 1708 808 1784 argumentationibus,
833 1716 864 1764 et
875 1707 1046 1781 opponendo
1060 1709 1116 1764 sibi
1128 1708 1265 1782 quaedam

249 1791 377 1860 oracula,
402 1808 476 1865 quae
489 1789 575 1846 facile
586 1800 711 1864 possunt
723 1789 833 1847 refelli:
857 1809 932 1866 quae
945 1800 1042 1848 tamen
1052 1811 1108 1848 nec
1121 1792 1184 1865 ipsa
1196 1811 1265 1847 con-

247 1875 349 1930 vincit.
373 1872 409 1930 ln
426 1871 587 1930 bisantem
604 1871 874 1932 mathematicorum
901 1875 1077 1932 coniecturis
1104 1875 1267 1931 refutandis

248 1958 312 2012 eius
326 1965 432 2035 regnat
444 1958 552 2028 oratio;
578 1959 647 2032 quia
659 1976 728 2014 vere
741 1959 814 2014 tales
828 1966 912 2028 sunt,
932 1967 966 2014 ut
978 1977 1010 2014 se
1023 1960 1103 2033 ipsae
1116 1957 1268 2014 destruant

248 2050 279 2096 et
290 2041 434 2098 refellant.
470 2039 563 2100 Multo
581 2049 652 2098 sunt
670 2033 769 2098 autem
785 2042 1014 2114 tolerabiliores,
1040 2043 1091 2118 qui
1106 2044 1154 2098 vel
1173 2042 1268 2098 sidero

247 2124 308 2180 fata
321 2127 517 2196 constituunt,
538 2142 624 2200 quam
636 2127 692 2182 iste
707 2126 757 2200 qni
769 2126 847 2181 tollit
858 2127 1080 2200 praescientiam
1092 2125 1266 2184 futurorum.

248 2207 322 2264 Nam
342 2218 371 2263 et
389 2207 524 2264 confiteri
543 2226 607 2264 esse
620 2207 717 2264 Deum
736 2217 766 2264 et
783 2227 893 2286 negare
910 2211 1074 2284 praescium
1090 2209 1267 2278 futurorum,

246 2291 431 2363 apertissima
443 2293 559 2348 insania
571 2301 624 2348 est.
652 2291 735 2360 Quod
749 2291 854 2366 etipse
868 2311 932 2348 cum
945 2292 1068 2364 videret,
1095 2293 1184 2348 etiam
1197 2291 1267 2348 illud

247 2375 372 2430 tentarit
386 2392 529 2446 asserere,
555 2373 634 2448 qnod
647 2363 787 2450 scriptum
801 2385 853 2432 est.
878 2374 969 2434 Dacis
982 2377 1122 2453 insipiens
1136 2376 1167 2436 in
1181 2376 1268 2432 corde

219 2495 221 2500 ·
247 2475 310 2528 suo,
323 2476 379 2514 non
392 2468 439 2514 est
451 2457 550 2516 Deua:
576 2457 627 2514 sed
640 2478 699 2516 non
712 2477 751 2514 ex
762 2477 816 2516 sua
828 2477 962 2534 persona.
989 2458 1067 2514 Vidit
1083 2457 1160 2512 enim
1181 2475 1268 2532 quam

247 2551 326 2598 esset
338 2540 516 2598 invidiosum
530 2552 560 2598 et
571 2544 739 2600 molestum:
765 2541 889 2618 ideoque
903 2541 1015 2599 Cottam
1032 2541 1101 2596 lecit
1114 2539 1267 2614 disputan·

246 2635 306 2682 tem
324 2624 359 2680 de
377 2623 431 2682 hac
448 2645 481 2682 re
498 2625 653 2683 adversum
675 2619 791 2684 Stoicos
810 2628 842 2682 in
859 2628 944 2708 libriq
958 2626 992 2684 de
1010 2624 1128 2680 deorum
1147 2633 1276 2702 natura,-

220 2705 223 2710 ’
247 2718 277 2764 et
288 2727 341 2782 pro
355 2708 466 2766 Lucilio
479 2708 583 2780 Balbo,
609 2711 657 2766 oui
669 2708 837 2767 Stoicorum
849 2719 945 2785 partes
963 2705 1157 2766 defendendas
1177 2707 1267 2781 dedit,

246 2794 349 2848 maluit
361 2793 438 2848 ferre
454 2795 640 2863 sententiam,
654 2811 740 2866 quam
752 2813 805 2867 pro
819 2791 921 2866 Cotta,
948 2795 999 2867 qui
1012 2794 1120 2848 nullam
1132 2801 1267 2850 naturam

246 2875 375 2930 divinam
396 2892 460 2929 erse
483 2874 641 2930 contendit.
681 2873 714 2932 ln
735 2877 817 2932 libris
836 2896 906 2933 vero
926 2875 960 2930 de
979 2875 1160 2932 divinatione
1179 2894 1216 2930 ex
1236 2895 1267 2930 se

247 2960 309 3031 ipso
322 2957 503 3030 apertissime
520 2967 669 3035 oppugnat
686 2962 909 3034 praescientiam
928 2958 1102 3016 futurorum.
1129 2957 1196 3016 Hoc
1214 2976 1266 3014 au·

246 3050 306 3095 tem
318 3049 411 3094 totum
423 3039 519 3095 facere
532 3035 659 3113 ¹videtur,
684 3062 722 3100 ne
735 3044 828 3102 fatum
841 3063 906 3100 esse
920 3044 1097 3112 consentiat,
1124 3052 1154 3098 et
1166 3042 1267 3117 perdat

247 3123 368 3178 liberam
378 3123 565 3182 voluntatem.
591 3124 677 3183 Putat
690 3129 778 3199 enirn,
803 3145 942 3184 concessa
955 3128 1079 3184 scientia
1090 3126 1265 3193 futurorum,

247 3209 289 3262 ita
303 3223 367 3260 esse
381 3223 562 3282 consequens
578 3209 686 3282 fatum,
713 3221 747 3268 ut
759 3211 863 3288 negari
877 3211 994 3267 omnino
1007 3229 1068 3268 non
1080 3210 1181 3284 possit.
1208 3207 1267 3264 Sed

247 3307 364 3363 quoquo
376 3288 460 3346 modo
471 3309 502 3348 se
511 3289 636 3350 habeant
644 3295 875 3352 tortuosissimae
886 3295 1116 3350 concertationes
1128 3301 1157 3348 et
1167 3290 1266 3363 dispu-

246 3375 372 3428 tationes
385 3371 635 3450 philosophorum,
662 3396 716 3434 nos
734 3386 767 3432 ut
784 3376 955 3434 confitemur
968 3395 1111 3434 summum
1124 3385 1153 3428 et
1165 3393 1267 3430 verum

247 3455 352 3528 Deum,
366 3458 407 3514 ita
417 3460 597 3516 voluntatem
608 3471 803 3533 summamque
811 3469 985 3532 potestatem
999 3478 1033 3516 ac
1045 3459 1267 3534 praescientiam

248 3543 310 3596 eius
324 3540 504 3598 confitemur.
524 3542 552 3598 N
554 3562 586 3598 ec
599 3545 733 3598 timemus
746 3561 784 3598 ne
797 3542 862 3598 ideo
877 3561 937 3598 non
950 3545 1101 3600 voluntate
1114 3541 1265 3611 faciamus,

249 3624 325 3699 quod
336 3626 483 3680 voluntate
496 3625 629 3696 facimus,
644 3627 712 3698 quia
722 3623 751 3680 id
762 3644 815 3682 nos
828 3625 957 3682 facturos
971 3628 1020 3681 ille
1031 3626 1198 3701 praescivit,
1214 3643 1265 3680 cu-

249 3711 295 3763 ius
309 3710 502 3781 praescientia
514 3708 576 3763 falli
591 3727 650 3764 non
662 3717 766 3781 potest.
793 3708 877 3776 Quod
890 3706 994 3766 Cicero
1007 3711 1115 3780 timuit,
1128 3719 1162 3765 ut
1174 3726 1264 3780 oppu-

249 3800 355 3867 gnaret
367 3792 604 3863 praescientiam
624 3800 653 3845 et
666 3788 771 3862 Stoici,
784 3802 817 3846 ut
830 3809 890 3848 non
904 3795 1001 3850 omnin
1014 3794 1187 3850 necessitate
1202 3790 1266 3846 lieri

249 3873 391 3942 dicerent,
405 3875 535 3948 quamvis
546 3874 643 3930 omnia
656 3874 715 3930 fato
729 3875 792 3930 lieri
806 3875 1026 3933 contenderent.
