2590 4396
269 189 324 248 nn
347 189 566 248 castrare
591 191 672 252 nur
694 195 774 258 nnn.
798 177 873 255 1v.'
1022 207 1080 262 no

75 362 132 419 quaa
142 352 261 418 possunt
273 359 425 398 occurrero
441 344 655 420 cogitantibus,
676 345 734 402 dici
749 359 846 405 autem
859 353 922 408 siue
937 371 1079 412 verecun-

72 426 106 482 dia
121 443 174 482 non
186 435 313 500 possunt.

420 576 540 634 cnP.
584 576 705 636 Xlll.

83 672 115 726 lle
123 672 159 725 bis
167 673 212 742 qui
220 675 275 726 solo
286 672 434 727 rationalia
445 673 597 726 animantia
603 684 700 742 portes
710 691 765 728 csse
777 675 918 731 nninsDei
928 692 1062 734 asserunt.

117 761 146 819 Si
158 773 251 821 autem
264 763 326 818 sola
338 764 476 820 annualia
489 765 662 836 rationalia,
676 768 753 824 sicut
766 778 836 824 sunt
848 767 999 841 homiues,
1012 788 1079 844 par-

71 856 103 901 tes
114 845 163 902 Dci
176 865 237 904 esse
263 845 461 917 contendunt3
487 865 548 903 nori
561 847 647 904 video
661 849 792 924 quidam,
821 854 846 907 si
859 859 941 908 totns
955 851 1080 908 mundus

72 940 103 984 cst
113 929 199 1002 Deus,
218 928 362 1006 quomodo
376 931 484 988 bestias
500 931 534 988 ab
549 934 611 987 eius
625 935 756 1005 partibus
771 931 926 1009 separentl
953 933 1013 991 Sed
1027 936 1079 992 ob-

71 1013 152 1069 luctari
164 1013 228 1088 quid
240 1029 312 1088 opus
329 1009 395 1068 esti
422 1013 467 1071 De
481 1017 544 1090 ipso
559 1017 697 1072 rationali
711 1020 875 1088 animante,
901 1018 932 1074 id
955 1029 1001 1076 est
1024 1017 1077 1075 ho-

73 1098 141 1166 uine,
165 1097 230 1171 quid
242 1097 395 1152 infelicius
409 1098 489 1156 credi
502 1105 614 1172 potest,
635 1116 720 1172 quam
731 1100 789 1155 Dei
801 1111 914 1174 partem
927 1104 1077 1174 vapulare,

71 1195 118 1234 cun
127 1197 190 1253 puer
201 1175 343 1254 vapulati
368 1177 430 1235 Iam
440 1197 512 1236 vero
525 1189 623 1254 partes
638 1181 695 1237 Dei
708 1182 774 1237 ficri
786 1185 929 1253 lascivas,
948 1185 1077 1256 iniquas,

71 1263 160 1334 inpias,
184 1273 268 1338 atquc
283 1263 407 1318 omnino
422 1261 618 1334 damnabiles,
646 1267 710 1337 quis
724 1263 802 1320 ieme
821 1265 929 1337 possit,
955 1267 1015 1319 nisi
1029 1269 1076 1338 qui

72 1359 160 1414 prorsus
172 1341 301 1402 insanit?
328 1343 481 1402 Postremo
496 1347 565 1421 qnid
577 1348 717 1401 irascitur
731 1349 790 1417 eis,
804 1363 821 1402 a
835 1346 938 1420 quibus
952 1364 1013 1401 nou
1027 1365 1077 1403 co·

74 1427 136 1498 litun,
154 1445 212 1485 cum
225 1449 242 1486 a
256 1430 323 1484 suis
336 1430 467 1500 partibus
482 1447 543 1485 non
558 1426 690 1485 coletur?
715 1427 820 1486 Restat
835 1445 907 1506 crgo
921 1437 954 1484 ut
967 1429 1078 1500 dicant,

76 1511 219 1568 onnesdeos
235 1529 308 1568 snas
333 1509 440 1566 habere
453 1515 547 1582 vitas,
575 1513 632 1567 sibi
657 1527 799 1587 quemque
824 1513 942 1583 vivere,
968 1514 1079 1568 nullum

76 1609 213 1651 comnessc
226 1604 347 1671 partem
361 1597 548 1670 cuiusquam3
563 1593 615 1650 sed
624 1613 726 1652 omncs
738 1594 887 1666 colendos,
903 1597 952 1669 qui
966 1613 1062 1673 cogno
1076 1630 1079 1640 ·

75 1676 104 1728 sci
114 1685 135 1730 ct
145 1681 193 1732 coli
204 1687 349 1753 possunt3
367 1680 435 1752 quia
448 1687 508 1733 tam
521 1680 605 1734 multi
619 1688 703 1750 sunt,
716 1688 750 1735 ut
763 1695 864 1734 onrnes
878 1695 938 1733 uon
953 1680 1077 1752 possint.

74 1756 168 1821 tinorum
179 1759 305 1834 lupitcr,
325 1762 395 1835 quia
408 1777 463 1817 rex
475 1762 640 1839 praesidet,
666 1763 761 1836 ipsum
775 1762 862 1817 credo
876 1761 911 1816 ab
926 1763 969 1816 eis
981 1763 1080 1836 putari

73 1856 163 1916 rognum
178 1846 223 1900 vel
247 1843 464 1916 constituisse,
489 1846 537 1900 vel
549 1846 667 1900 auxisse
680 1843 853 1902 Romanum.
897 1841 973 1899 Nam
984 1846 1010 1899 si
1023 1842 1079 1898 hoc

72 1923 114 1994 ipso
134 1943 184 1982 non
209 1927 301 1998 lecit,
330 1943 417 2000 quern
430 1928 519 1983 alium
532 1927 617 1983 deum
631 1945 702 2003 opus
717 1937 778 1984 tam
790 1943 929 2004 magnum
947 1927 1080 2001 potuisse

72 2007 164 2082 aggredi
186 2011 327 2080 credant,
355 2027 421 2064 cum
435 2027 534 2066 omncs
549 2013 684 2086 occupati
697 2013 758 2067 sint
771 2011 873 2067 officiis
888 2017 918 2064 et
944 2009 1079 2083 operibus

71 2093 179 2164 propriis,
203 2113 257 2150 nec
279 2094 363 2148 alter
390 2093 484 2148 irruat
507 2095 538 2150 in
564 2091 703 2150 alteriusi
729 2093 839 2171 Aroge
853 2092 946 2167 igitur
959 2093 1079 2148 deorum

72 2185 164 2248 regnum
175 2174 327 2234 hominum
340 2175 437 2248 potuit
450 2183 480 2231 et
491 2179 648 2256 propagari
662 2187 692 2232 et
705 2172 826 2253 augerii

419 2323 540 2382 CAP.
584 2323 690 2383 xlv.

70 2413 189 2486 laganum
202 2434 355 2494 regnorum
365 2421 426 2474 loci
442 2421 653 2492 incongruenter
663 2424 798 2476 adscribi:
817 2441 889 2486 cam,
909 2424 933 2474 si
948 2421 1078 2482 Victoria,

166 2501 195 2544 nt
203 2496 316 2557 colant,
336 2492 386 2544 dea
396 2501 449 2555 eat,
467 2492 527 2560 ipsa
538 2493 600 2545 bnic
610 2493 720 2560 negotio
730 2495 787 2544 sala
802 2492 948 2559 sufficeret.

112 2593 160 2654 Hic
171 2603 299 2672 primum
309 2615 434 2675 quaero,
449 2614 501 2654 cur
514 2615 574 2654 non
589 2598 678 2654 etiam
692 2599 788 2670 ipsum
799 2613 925 2672 regnum
939 2595 1009 2648 deus
1025 2595 1078 2648 ali-

70 2677 116 2746 quis
127 2678 181 2735 esti
206 2683 266 2740 Cur
281 2685 364 2740 onim
378 2699 438 2739 non
453 2680 542 2734 etiam
555 2680 598 2734 ita
612 2679 666 2746 sit,
679 2677 706 2732 si
718 2675 851 2732 Victoria
864 2675 918 2731 dea
933 2671 995 2730 esti
1021 2675 1080 2732 Aut

69 2759 119 2828 qnid
130 2762 184 2834 ipso
197 2764 267 2823 love
281 2769 315 2822 in
329 2763 384 2820 hac
399 2780 487 2820 causa
500 2779 571 2836 opus
586 2768 646 2832 est,
674 2761 700 2816 ai
713 2757 845 2816 Victoria
871 2759 969 2816 faveat
982 2759 1078 2832 sitque

82 2844 177 2916 rapitis,
203 2858 233 2904 et
245 2866 365 2921 semper
379 2856 427 2902 eat
440 2843 476 2902 ud
490 2845 573 2914 illos,
594 2839 666 2917 qnos
681 2844 745 2899 vult
758 2861 825 2898 esse
839 2836 988 2898 victoresi
1013 2839 1078 2898 Hac

69 2918 107 2977 deu
121 2925 227 2986 favente
255 2939 288 2986 ct
313 2931 456 3004 propitia,
483 2929 572 2984 ctiam
584 2923 654 2983 lore
667 2933 793 2983 vacante
806 2927 854 2981 vel
867 2923 945 2982 aliud
958 2935 1077 3003 agente,

69 3019 122 3074 qnae
140 3022 238 3086 gentes
252 3033 318 3071 non
333 3011 465 3068 subditae
489 3005 694 3066 remuneranti
722 3027 796 3083 quoe
809 3027 902 3086 regna
915 3027 977 3064 non
992 3007 1077 3064 ceda-

67 3086 134 3142 renti
170 3095 313 3154 Auferte
336 3096 472 3168 displicet
496 3095 599 3163 bonis,
627 3093 811 3166 iniquissima
824 3092 1011 3164 improbitate
1024 3109 1077 3164 pn-

66 3186 150 3244 guare,
162 3187 190 3234 et
202 3179 350 3236 finitimos
365 3179 479 3252 quietos
492 3179 659 3248 nullamque
672 3177 811 3230 iniuriam
824 3174 967 3230 faciontes
982 3171 1018 3228 ad
1032 3171 1076 3227 di-

66 3248 328 3339 litt²11dunrrcgnum
340 3261 416 3317 bollo
431 3268 592 3334 spontaneo
606 3254 783 3329 provocaret
810 3256 900 3313 Plane
914 3259 940 3312 si
953 3257 996 3311 ita
1008 3273 1076 3311 son-

66 3331 135 3410 Vbsst,
159 3345 288 3418 approbo
303 3353 334 3400 et
346 3342 441 3399 lando.
456 3391 462 3402 .

439 3492 560 3550 cnP.
604 3490 683 3548 XV¹

265 3589 309 3642 An
320 3599 456 3659 congruat
466 3589 540 3642 bonis
551 3587 634 3640 latins
643 3587 709 3638 celle
718 3603 844 3655 regnare.

109 3668 229 3735 Videant
254 3695 327 3755 crgo
341 3696 380 3733 ne
402 3679 478 3734 forte
492 3693 553 3732 nan
565 3677 714 3750 pertineat
727 3675 763 3730 ud
775 3675 856 3730 viros
871 3673 979 3740 bonos,
1006 3687 1078 3748 gau-

65 3748 116 3810 Vtrt
127 3757 158 3815 de
170 3763 261 3839 regni
274 3759 440 3817 latitudine.
473 3759 615 3833 iniquitas
631 3759 709 3812 onim
721 3775 824 3812 corum
839 3771 903 3809 cnm
917 3753 1019 3826 quibus
1034 3753 1079 3806 iu»

66 3841 97 3889 'is
107 3837 174 3900 bella
187 3853 279 3922 gesta
292 3851 376 3914 sunt,
391 3861 515 3920 regnum
528 3839 642 3897 adiuvit
655 3848 687 3894 ut
702 3845 862 3976 cupiscisrct:
890 3834 966 3908 quad
978 3835 1080 3907 utiquo
