2530 4392
180 209 236 268 DE
259 210 478 270 ClVlTATE
502 211 580 272 DEI
608 213 688 272 LlB.
711 213 791 274 XX.
941 221 1003 281 819

46 362 193 434 Ὶοιιοιίῐιιιι,
217 381 316 438 paoem
334 375 520 440 peecatorum
533 365 670 440 lntuens3
695 365 736 424 ito
749 375 783 426 ut
795 366 874 427 inter
888 379 1002 430 emtore

46 456 114 517 eret,
140 443 277 515 Quomodo
290 448 379 506 soioo't
391 448 491 521 Deus,
504 459 536 510 et
547 451 577 508 se·
587 459 634 510 eat
645 452 774 511 seientia
787 453 818 510 e‘n
831 450 1003 515 Altieelno?

46 540 108 586 :eret
120 531 212 587 etiam:
238 526 470 608 Numquidnam
483 531 649 606 iustificari
659 552 710 594 cor
722 553 830 606 mm,
854 547 883 595 ot
897 536 959 596 loos·
970 539 1002 596 in

46 613 178 672 ocentibut
191 612 283 690 [inter
296 612 476 692 innocentes]
487 633 592 680 manus.
605 614 706 676 meas?
744 615 783 675 Vt
799 629 896 678 sutem
909 620 1004 678 solve-

57 696 126 752 hana
147 695 337 754 difficillimam
361 702 578 774 quaestionem,
604 701 739 778 qusefit,
762 720 850 778 quum
868 702 1005 761 videntur

50 785 131 836 iesse
142 782 251 852 miseri,
279 791 309 838 et
325 781 423 840 felices
445 785 528 841 mali:
554 781 635 855 Hoc,
653 785 766 862 inquit,
781 785 863 846 labor
876 797 922 846 est
935 797 1005 846 onte

55 866 137 922 donec
149 867 289 922 introeam
304 867 334 922 e'n
348 868 552 926 sanctuarinm
561 865 629 939 Dei,
645 879 674 927 et
687 867 852 946 intelligam
865 873 896 928 in
907 873 1004 928 nocie-

46 968 74 1004 o.
93 946 191 1004 Iudicio
210 949 315 1024 quippo
329 951 487 1006 novissimo
503 969 563 1008 non
579 953 622 1008 sio
636 953 706 1010 erit:
720 951 770 1008 sed
784 954 815 1010 in
829 963 928 1029 aperta
946 955 1004 1010 iui-

47 1051 107 1088 rum
118 1033 239 1103 miseria,
253 1042 283 1088 et
295 1043 395 1108 aperta
408 1033 549 1092 felicitate
559 1036 712 1107 iustorum,
727 1038 815 1116 longe
827 1055 913 1114 quam
929 1055 1005 1094 nunc

46 1115 118 1172 aliud
129 1116 280 1192 apparebit.

328 1200 450 1260 CAP.
494 1199 650 1260 xxlx„

46 1279 238 1334 odoentnElioe
251 1289 315 1334 anta
329 1280 471 1346 iudicium,
491 1282 568 1334 cuins
579 1282 781 1351 praedicatione
799 1283 1005 1353 scripturarum

120 1358 218 1402 secreto
232 1359 368 1404 reserante
379 1351 475 1405 Iudaei
485 1361 674 1406 convertentur
685 1354 722 1404 od
731 1352 876 1406 Obrimum.

46 1456 113 1513 Cum
125 1465 217 1512 autem
230 1456 443 1530 admonuisset,
454 1468 489 1516 ut
502 1462 704 1516 meminissent
716 1462 790 1539 legis
805 1460 915 1538 Moysi:
934 1479 1005 1537 quo·

46 1562 60 1596 n
72 1539 254 1616 praevidebat
266 1560 332 1612 eos,
356 1544 446 1599 multo
460 1541 553 1600 adbuc
566 1553 696 1620 ternpore
710 1563 771 1601 non
785 1564 849 1601 eam
866 1547 1005 1621 spiritali-

62 1627 137 1680 sieut
150 1634 333 1699 oportuerat,
356 1635 545 1701 accepturos,
569 1630 709 1686 continuo
721 1629 861 1685 subiecit:
888 1628 930 1686 Et
941 1648 1006 1686 eece

46 1711 160 1764 mittam
172 1708 250 1766 nobis
263 1708 362 1766 Etiam
379 1709 553 1781 Thesbiten,
571 1722 641 1770 onte
655 1731 740 1790 quom
752 1715 853 1770 veniat
865 1715 929 1774 dies
942 1711 1006 1769 Do-

46 1796 183 1868 [magnas
196 1803 225 1850 et
238 1792 384 1864 illustria,
398 1796 449 1871 qui
460 1805 612 1853 conectat
624 1816 674 1855 cor
681 1799 787 1874 patria
800 1797 842 1853 od
848 1795 962 1869 filiam,
977 1806 1007 1853 et

46 1875 164 1932 bominis
183 1877 404 1955 adproximant
422 1895 521 1948 suunt,
547 1897 584 1936 ne
596 1879 686 1952 forte
704 1882 823 1938 ueniens
835 1882 1006 1958 percutiam

46 1979 91 2015 om
107 1962 239 2036 penitus.
282 1959 339 2016 Per
351 1960 429 2018 hunc
441 1961 537 2018 Elium
550 1981 688 2041 rorognum
699 1962 918 2038 mirabilemque
938 1982 1006 2038 pro-

46 2063 93 2099 am
106 2045 237 2118 exposita
251 2043 307 2099 sibi
318 2045 401 2122 lege,
426 2047 529 2100 ultimo
547 2054 676 2120 tempore
693 2055 762 2101 ante
776 2045 931 2114 iudicium,
958 2045 1005 2100 lu-

46 2145 64 2180 s
87 2128 117 2182 in
135 2125 281 2184 Christum
301 2145 418 2198 verum,
442 2127 549 2198 idest,
575 2130 607 2184 in
620 2127 768 2185 Christum
789 2136 922 2183 nostrum
942 2145 1006 2183 esse

46 2213 154 2283 ituros,
182 2211 401 2267 celeberrimum
420 2220 465 2266 ost
476 2213 508 2266 in
521 2213 704 2268 sermonibus
725 2210 917 2286 eordibusque
935 2209 1007 2266 fida·

46 2337 50 2350 .
82 2293 149 2368 lpse
163 2296 268 2370 quippe
281 2304 350 2350 ante
363 2295 519 2352 adventum
535 2295 641 2352 iudicis
654 2293 814 2352 Salvatoris
828 2312 889 2350 non
902 2295 1006 2350 imme-

46 2389 179 2454 speratur
192 2397 255 2434 esse
268 2388 424 2436 venturus:
445 2380 512 2455 quia
525 2381 613 2436 etiarn
625 2399 706 2436 nune
717 2381 818 2436 vivere
831 2397 891 2436 non
905 2380 1006 2434 imme-

46 2462 182 2520 creditur.
206 2461 299 2519 Curru
311 2481 435 2538 namque
448 2466 536 2542 igneo
548 2473 649 2538 raptus
663 2473 707 2520 est
719 2462 754 2519 de
764 2462 851 2518 rebus
861 2461 1006 2534 humanis,

59 2545 286 2604 evidentissime
305 2556 408 2604 saneta
426 2545 579 2621 Scriptura
597 2557 730 2603 testamur.
778 2547 873 2614 Quum
891 2547 1007 2604 venerit

46 2674 53 2704 ‚
71 2630 253 2705 exponendo
267 2633 361 2708 legem
375 2633 563 2705 spiritaliter,
576 2649 664 2706 quam
677 2648 757 2688 nuno
769 2628 867 2686 ludaei
880 2631 1005 2686 earnali-

46 2717 167 2790 opiunt,
190 2725 341 2772 convertet
354 2733 405 2771 cor
411 2717 517 2793 patria
530 2715 571 2772 od
580 2713 697 2787 filium,
712 2714 815 2785 idest,
828 2731 879 2770 cor
891 2722 1007 2788 patrum

46 2801 122 2856 lios:
150 2799 334 2876 singularem
356 2799 461 2874 quippe
483 2816 536 2872 pro
560 2817 681 2856 numero
701 2799 807 2874 plurali
830 2799 1006 2872 interpretes

46 2884 169 2961 regines
180 2892 350 2957 posueruut.
381 2880 421 2938 Et
433 2891 478 2938 est
488 2899 594 2938 ¹sensuro
601 2921 610 2953 ,
624 2892 658 2938 ut
671 2885 758 2939 etiam
770 2879 825 2939 filii
838 2883 880 2937 sie
897 2882 1007 2938 intelli-

55 2970 178 3045 legem‚
207 2965 238 3022 id
250 2975 295 3022 est
306 2964 423 3038 ludaei,
449 2967 688 3042 quemadmodum
702 2977 798 3044 patres
813 2984 876 3022 eam
891 2967 1006 3022 intelle-

46 3061 90 3121 rt,
113 3051 146 3108 id
161 3060 210 3108 est
224 3049 404 3128 Prophetae,
422 3052 572 3128 inquibus
587 3061 695 3108 eratet
710 3053 773 3128 ipse
785 3049 913 3127 Moyses.
956 3048 1007 3107 sio

53 3153 112 3192 cor
123 3146 247 3210 patrum
257 3145 444 3192 convertetur
457 3137 494 3191 ad
505 3135 593 3206 filios,
608 3152 674 3192 aum
684 3137 881 3214 intelligentia
891 3143 1007 3208 patrum

46 3229 147 3278 ,cetur
161 3219 201 3276 ad
214 3221 442 3296 intelligentiam
454 3217 598 3290 filiorum
625 3228 655 3274 et
676 3237 726 3276 cor
741 3218 878 3290 filiorum
893 3217 935 3272 ad
946 3233 1007 3292 pa-

46 3323 161 3372 ονιιιη,
176 3301 246 3358 dum
259 3303 291 3357 in
304 3301 334 3356 id
353 3301 431 3376 quad
444 3310 602 3356 senamunt
614 3301 676 3372 illi,
698 3300 886 3357 consentient
900 3305 930 3352 et
942 3298 1007 3353 isti:

46 3411 47 3417 ι
60 3385 274 3464 Septuaginta
282 3383 432 3454 dixerunt,
446 3393 476 3442 et
488 3403 540 3441 cor
551 3382 676 3440 bominis
690 3381 905 3460 adproximant
916 3396 1008 3436 onum.

46 3473 139 3528 enim
153 3471 237 3527 inter
250 3487 282 3526 se
294 3467 379 3525 valde
393 3468 519 3544 proximi
531 3476 628 3544 patres
642 3476 672 3523 et
690 3466 755 3522 filii.
790 3464 964 3539 Quanquam
977 3465 1008 3518 in

46 3575 51 3612 ι
73 3553 296 3632 'Septuaginta
319 3554 529 3627 interpretum,
556 3551 607 3626 qui
632 3548 800 3625 prophetice
824 3547 1010 3620 interpretati

67 3648 180 3714 potest
194 3655 298 3695 sensus
313 3637 388 3693 alius
401 3635 534 3712 idemque
549 3635 670 3690 electior
682 3632 826 3702 inveniri3
852 3639 885 3686 ut
899 3629 1009 3686 intelli-

54 3723 152 3781 Elias
168 3741 223 3778 cor
235 3721 294 3779 Dei
306 3719 402 3777 Patris
422 3737 614 3777 conversurus
628 3717 665 3774 ad
676 3718 800 3775 Filium:
828 3731 888 3771 non
907 3715 1009 3790 utique

46 3813 73 3863 jo
92 3816 131 3864 ut
147 3805 242 3862 Pater
255 3805 359 3883 diligat
372 3803 494 3876 Filium,
508 3803 560 3860 sed
573 3801 704 3860 docendo
718 3800 794 3877 quod
807 3798 893 3856 Pater
906 3797 1010 3876 diligat
1090 3804 1091 3807 ’

46 3914 82 3963 n,
100 3901 139 3946 ut
154 3899 189 3948 et
203 3887 316 3962 ludaei,
331 3889 510 3965 quamprimo
524 3887 661 3962 oderant,
675 3887 800 3966 diligant
814 3881 948 3955 eundem,
961 3883 1008 3958 qui
