2510 4404
209 228 268 288 DE
291 229 519 291 ctvtsauu
541 233 622 294 DEI
646 237 729 299 ΗΒ.
751 239 850 301 xxi.
983 253 1044 312 35⁵

32 375 168 436 Ecclesiae.
190 378 224 438 Si
237 383 288 456 qui
302 391 400 440 autem
413 401 508 459 usque
522 385 559 442 ad
570 397 693 446 mortem
706 388 856 452 habebunt
868 416 919 454 cor
931 401 1042 474 impoe-

32 465 123 534 nitens,
137 481 186 520 nec
200 483 238 520 ex
251 467 379 523 inimicis
394 479 606 526 convertentur
618 473 650 528 in
662 472 752 546 filios,
765 479 905 552 numquid
918 483 976 538 iam
989 503 1041 558 pro

32 549 79 616 cis,
102 546 204 617 idest,
229 567 282 624 pro
302 552 410 606 talium·
423 550 628 610 defirnotorum
644 558 794 630 spiritibus
813 571 878 617 orat
890 561 1043 622 Ecclesia?

32 631 93 696 iuis
104 631 157 702 ita,
181 633 240 686 nisi
254 634 323 707 quia
335 635 394 690 iam
407 635 438 690 in
457 645 541 708 parte
560 635 667 694 diaboii
682 651 880 716 computatur,
898 647 958 721 qui,
979 646 1045 704 dum

32 722 95 769 essct
106 715 135 770 in
147 732 277 788 corpore,
296 735 356 772 non
371 727 418 774 est
430 719 593 776 translatus
607 721 644 777 ad
658 721 824 781 Christum?

79 795 179 852 Eadem
192 799 291 873 itaque
305 817 392 856 causa
406 810 461 873 est,
474 820 527 858 cur
539 821 600 860 non
615 816 716 863 oretur
729 816 801 864 tunc
813 827 866 882 pro
880 807 1044 868 hominibus

32 888 129 936 reterns
141 881 209 958 igne
220 883 392 956 puniendis,
416 903 492 959 quae
506 897 662 959 causaest,
686 899 719 945 ut
731 908 825 965 neque
839 911 930 964 nunc,
949 912 1046 970 noque

34 982 85 1020 unc
98 973 194 1020 oretur
206 984 259 1040 pro
272 969 386 1044 angelis
398 970 498 1026 malis:
518 987 594 1044 quse
607 973 710 1028 itidem
723 989 809 1030 causa
823 984 878 1047 cst,
897 985 931 1031 ut
944 994 1044 1052 quam-

32 1049 59 1102 ·is
71 1066 120 1122 pro
133 1047 318 1121 homiuibus,
337 1049 429 1128 [nunc
441 1054 518 1110 vivis
535 1063 646 1126 oretur,
663 1058 750 1112 etiam
761 1055 858 1132 malis]
874 1066 973 1114 temen
987 1061 1043 1116 iam

32 1150 69 1186 sce
82 1150 156 1188 nunc
168 1141 268 1190 oretur
281 1152 334 1208 pro
355 1135 521 1192 infidelibus
535 1137 690 1212 impiisque
704 1138 859 1196 defunctis.
903 1140 979 1197 Nam
991 1161 1044 1216 pro

35 1215 155 1272 eiunctis
169 1216 350 1290 quibusdam,
369 1220 418 1274 vel
430 1221 522 1292 ipsius
534 1217 698 1292 Ecclesiae,
722 1223 770 1277 rel
784 1223 966 1296 quorundam
978 1227 1044 1298 pio-

32 1317 78 1354 um
91 1298 243 1356 exauditur
256 1302 368 1358 oratio:
382 1303 434 1358 sed
446 1321 499 1376 pro
511 1301 557 1359 his
571 1321 694 1378 quorum
709 1305 741 1360 in
756 1303 873 1362 Christo
886 1324 1045 1384 regenera-

32 1400 106 1437 srum
119 1401 170 1438 nee
182 1401 275 1457 usque
288 1383 361 1440 adeo
376 1387 437 1440 vita
454 1387 487 1442 in
506 1404 629 1460 corpore
646 1390 722 1444 male
744 1397 829 1465 gesta
849 1397 911 1460 est,
935 1399 969 1445 ut
992 1391 1044 1446 tali

32 1465 206 1522 sisericordia
223 1465 390 1524 iudicentur
408 1467 492 1546 digni
509 1488 571 1525 non
585 1489 666 1541 esse,
690 1489 745 1527 nec
763 1472 943 1546 usqueadeo
957 1472 1044 1540 bene,

32 1558 43 1604 t
61 1551 146 1606 talem
162 1549 395 1608 misericordiane
418 1553 603 1626 reperiantur
625 1555 821 1611 necessariam
845 1573 905 1612 non
927 1554 1043 1612 habere.

33 1634 93 1688 ieut
106 1634 191 1689 etiam
204 1632 282 1690 facta
296 1637 515 1692 resurrectione
528 1645 711 1694 mortuorum
729 1657 790 1695 non
804 1636 928 1694 deerunt
941 1639 1044 1713 quibus

32 1725 74 1772 oet
85 1734 210 1790 poenas,
234 1735 307 1792 quos
326 1720 481 1790 patiuntur
501 1720 621 1793 spiritus
639 1729 836 1792 mortuorum,
862 1723 1046 1798 impertiatur

32 1799 216 1871 sisericordia,
230 1803 309 1858 utin
323 1801 423 1878 ignem
433 1821 493 1859 non
503 1804 659 1860 mittantur
672 1814 832 1861 aeternum.
848 1803 952 1880 Neque
965 1807 1043 1862 enim

32 1903 43 1938 e
59 1883 230 1958 quibusdam
242 1887 387 1941 veraciter
401 1885 564 1957 diceretur,
589 1886 667 1961 quod
681 1907 742 1944 non
756 1889 798 1943 eis
812 1889 979 1944 remittatur
993 1907 1045 1944 nc-

32 1987 63 2022 uc
76 1969 107 2023 in
120 1965 174 2024 hoc
188 1969 315 2038 saeculo,
342 1987 438 2042 neque
452 1971 485 2024 in
500 1968 614 2040 futuro,
642 1972 702 2026 nisi
721 1979 822 2026 essent
838 1971 961 2042 quibus,
988 1971 1045 2026 etsi

32 2069 67 2106 on
80 2052 111 2106 in
125 2053 194 2122 isto,
208 2061 307 2106 tamen
320 2053 487 2106 remittetur
499 2052 532 2106 in
545 2051 657 2107 futuro.
683 2050 743 2107 Sed
756 2069 822 2106 curn
835 2051 943 2106 dicmm
956 2051 1046 2106 fucrit

40 2133 138 2190 iudice
155 2136 291 2191 vivorum
312 2143 400 2206 atque
420 2142 613 2203 mortuorum,
645 2129 748 2190 Venite
770 2132 918 2190 denedicti
939 2130 1045 2189 Patris

32 2219 77 2288 ei,
94 2219 249 2295 possidete
267 2227 416 2294 paratum
433 2215 514 2272 uobis
532 2234 655 2290 regnum
671 2233 690 2271 u
704 2216 915 2272 constitutione
928 2215 1041 2271 mundi:

44 2303 111 2357 aliis
126 2321 143 2356 c
157 2301 323 2372 contrario,
350 2298 505 2356 Discedite
518 2317 538 2354 a
551 2318 595 2356 me
608 2297 762 2356 maledieti
779 2299 810 2354 in
831 2297 929 2372 ignem
943 2307 1044 2354 aeter-

32 2405 86 2455 em,
100 2387 153 2462 qui
161 2395 297 2461 paratus
310 2393 355 2440 est
369 2382 494 2453 diabolo,
509 2392 539 2440 et
551 2381 668 2456 angelis
681 2382 759 2436 eius:
785 2389 825 2450 ct,
846 2377 932 2438 Ibunt
946 2382 1002 2437 isti
1014 2382 1045 2436 in

32 2469 181 2546 spplicium
195 2479 365 2536 aeternnm,
388 2467 462 2522 iusti
474 2475 573 2522 autem
587 2466 618 2519 in
632 2465 726 2520 uitam
739 2472 911 2521 aeternam:
937 2465 1046 2519 nimiae

32 2553 232 2608 *acsumtionis
248 2560 293 2606 est
306 2549 415 2620 dicere,
436 2549 574 2622 cuiquam
588 2563 691 2602 eorum
704 2555 859 2602 aeternum
872 2547 1046 2620 supplicium

32 2635 226 2705 infuturum,
254 2651 328 2708 quos
344 2631 427 2688 Deus
442 2633 536 2686 ituros
549 2631 581 2686 in
596 2629 771 2703 supplitium
789 2627 865 2684 dixit
881 2637 1045 2699 aeternum,

40 2738 95 2794 per
108 2717 200 2774 huius
214 2716 441 2792 praesumtionis
453 2715 675 2788 persuasionem
686 2710 796 2784 faeere,
809 2720 843 2768 ut
852 2711 887 2768 de
898 2713 961 2787 ipsa
975 2729 1046 2787 quo-

32 2823 55 2859 :e
70 2803 137 2859 vito
150 2802 199 2857 vel
213 2801 383 2874 desperetur
396 2800 444 2854 vel
457 2796 606 2854 dubitetur
619 2803 752 2852 aeterna.

52 2885 153 2942 Nemo
161 2885 262 2960 itaque
273 2884 315 2939 sic
328 2883 476 2960 intelligat
485 2878 633 2940 Psalmum
644 2887 810 2952 cernentem,
819 2875 969 2958 Numquid
974 2877 1045 2938 otta·-
1062 2885 1075 2908 ⁸

32 2989 77 3028 sce
91 2969 286 3026 turmisereri
299 2964 398 3038 Deus,
413 2975 468 3024 aut
484 2965 645 3023 continebit
658 2967 689 3020 in
703 2965 753 3022 ira
766 2982 822 3022 sna
840 2965 1047 3021 miserationes

32 3051 90 3110 as?
104 3062 140 3108 ut
149 3053 287 3128 opinetur
297 3051 332 3108 de
343 3049 509 3108 homiuibus
520 3049 606 3106 bonis
617 3066 726 3120 vereris,
737 3048 773 3104 de
782 3049 867 3104 malis
875 3045 989 3118 falsam,
998 3059 1048 3103 aut

36 3129 1047 3208 bonishominibusetmalisongelisveram,demolisautemhomini-

34 3240 48 3276 s
64 3221 177 3277 falsam
190 3220 248 3278 Dei
261 3237 325 3274 esse
338 3217 524 3273 sententiam.
538 3213 604 3270 Hoc
618 3217 697 3270 enim
710 3213 787 3288 quod
800 3215 842 3268 ait
854 3212 998 3280 Psalmus,
1012 3212 1046 3266 ad

32 3323 67 3361 se
81 3301 307 3359 misericordiae
327 3300 475 3372 pertinet,
494 3295 573 3352 etad
587 3295 663 3352 filios
681 3295 900 3368 promissionis,
925 3311 1048 3366 quorum

32 3397 60 3443 at
73 3404 157 3442 unus
172 3386 262 3440 etiam
274 3385 336 3456 ipse
349 3377 504 3453 Propheta,
518 3380 569 3454 qui
583 3397 648 3434 cum
662 3377 795 3446 dixisset,
816 3371 965 3452 Numquid
977 3373 1047 3430 odii·

32 3480 135 3525 rcetur
150 3467 291 3524 misereri
302 3463 401 3532 Deus,
428 3470 483 3518 aut
495 3461 656 3520 continebit
668 3461 699 3516 in
713 3461 762 3516 ira
775 3473 831 3514 sna
843 3458 1048 3514 miserationes

32 3548 93 3607 as?
108 3550 255 3606 continuo
271 3547 405 3616 subiecit,
419 3544 462 3600 Et
475 3545 550 3614 dini,
563 3541 647 3602 Nunc
660 3543 752 3620 coepi,
765 3539 839 3598 iaec
852 3549 899 3598 est
912 3541 1048 3614 immuta7

32 3655 38 3688 s
53 3635 211 3691 dexterae
224 3630 355 3690 Eacelsi.
381 3627 528 3703 Exposuit
540 3627 673 3702 profecto
688 3624 757 3700 quid
770 3623 891 3694 dixerit,
905 3619 1053 3698 Numquid

32 3717 171 3775 retinebit
184 3717 216 3774 in
230 3717 280 3772 ira
291 3732 347 3772 sua
359 3713 567 3770 miserationes
580 3709 670 3768 suae?
682 3709 730 3765 iro
745 3708 823 3764 enim
834 3705 892 3763 Dei
906 3713 950 3761 cst
963 3706 1050 3760 etiam

33 3822 53 3859 a
65 3803 136 3858 vita
150 3800 301 3870 mortalis,
326 3798 378 3854 ubi
390 3795 475 3852 hanso
488 3797 613 3852 vanitati
632 3793 736 3849 similis
750 3791 849 3846 factus
864 3799 924 3860 est,
948 3797 977 3843 et
991 3785 1052 3842 dies

33 3905 60 3944 rs
76 3887 170 3943 velut
182 3883 285 3942 unsbra
304 3888 504 3957 praetereunt.
541 3878 575 3934 ln
589 3896 646 3954 qua
658 3885 756 4015 tanieq
770 3876 813 3930 ira
828 3891 888 3928 non
904 3871 1052 3928 oblivisci-
