2538 4392
189 199 250 262 DE
273 199 490 263 ctvrrrrss
507 199 699 264 netum.
721 199 848 265 xvtn.
972 209 1034 272 w

33 357 109 414 etima
120 351 266 412 liberaliter
278 351 422 412 educatur
433 363 487 410 est.
521 351 582 414 Sed
595 372 652 414 uec
669 355 815 428 sapientie
827 355 1035 436 Aegyptiorum

32 438 180 514 sapientiem
192 435 400 511 Prophetarum
414 447 583 498 neutrorum
600 448 730 517 tempore
743 439 916 500 antecedere
929 445 1032 516 potuit,

28 520 130 598 qnando
141 519 247 596 quidem
261 531 292 578 et
302 519 605 596 norehamprapuete
615 521 681 582 trit.
716 523 794 589 Qud
806 532 902 584 autem
919 527 1033 598 repien-

27 609 80 663 tice
93 622 147 660 ecee
157 604 247 678 potuit
259 605 290 660 in
302 605 447 681 Aegypto,
461 615 529 662 ante
544 623 629 680 quam
642 607 684 662 eis
698 603 769 676 leia,
782 625 880 682 ¹qutun
894 617 1035 668 mortuam

27 701 150 764 tunquam
162 685 239 743 deam
252 705 388 766 magnam
402 687 550 750 colendam
564 699 751 769 putauerunt,
774 692 874 748 literae
889 687 1035 748 tradereti

26 774 75 830 lsia
86 789 163 848 porro
175 769 272 826 inuehi
285 767 452 828 filiu'iuiese
466 771 616 854 proditur,
644 775 694 848 qui
706 775 816 848 primur
830 793 956 856 regnare
970 794 1035 834 coe·

25 859 65 932 pit
76 855 188 934 Argivis,
201 853 314 930 quando
325 852 456 912 Abrahae
469 857 527 919 iem
541 867 662 932 nepotes
675 859 864 933 reperiuntur
877 859 983 917 exorti.

322 995 720 1087 crr.xxxvmr

22 1123 95 1191 Quod
101 1123 220 1196 quaedem
228 1131 382 1179 cancrorum
391 1121 495 1192 reciptet
505 1122 702 1180 ecetectaeetrue
712 1141 797 1184 eaeor
803 1134 917 1195 propter
924 1125 1036 1185 arietum

74 1213 122 1248 noc
131 1191 254 1262 receperit
264 1191 479 1276 ietmtetemfce
485 1211 536 1262 per
546 1193 710 1254 oecndonem
720 1211 810 1252 eorum
817 1195 977 1272 [decrerit

419 1273 611 1318 tresenreuter.

79 1374 133 1432 laur
144 1389 210 1430 aero
225 1372 251 1428 ai
264 1372 355 1450 longe
366 1372 534 1448 antiquiore
547 1348 693 1448 repetam,
716 1384 746 1436 et
757 1384 827 1436 ente
840 1372 910 1439 illud
924 1370 1036 1452 grande

20 1459 149 1519 diluuium
165 1465 263 1516 uerter
281 1465 344 1515 erat
359 1457 460 1531 utique
475 1455 542 1516 Noe
564 1456 741 1531 patriarche,
762 1475 848 1534 quern
867 1455 1038 1540 prophetem

20 1562 125 1622 quoqne
137 1560 193 1600 uon
206 1541 352 1599 immerito
363 1538 503 1601 dixerint:
532 1541 558 1600 ri
571 1541 689 1616 quidem
701 1544 765 1618 ipra
777 1559 848 1606 arca
858 1561 946 1619 quam
956 1539 1038 1613 fecit,

20 1633 46 1687 in
68 1646 121 1702 que
142 1645 206 1684 euru
231 1625 291 1683 cuir
313 1625 422 1695 erasit,
443 1623 596 1699 prophetia
614 1636 781 1689 nostrorum
794 1635 958 1708 temporum
974 1625 1037 1686 tuit.

20 1712 89 1781 Quid
100 1707 197 1771 Enoch
210 1709 349 1784 septimus
363 1707 400 1764 ab
413 1708 521 1780 Adora,
547 1728 648 1770 noune
661 1713 750 1774 etiem
770 1709 802 1772 in
820 1709 964 1775 unomen
976 1710 1037 1786 epir

20 1798 87 1854 rtcln
95 1795 221 1870 Apostoli
233 1792 323 1852 ludeo
340 1789 530 1871 prophetante
547 1790 751 1868 praedicaturi
786 1795 917 1863 Quorum
930 1797 1038 1870 scripit

20 1892 44 1938 rt
56 1879 128 1955 epud
141 1875 260 1936 Iudaeae
275 1887 305 1934 et
318 1875 396 1950 apud
408 1895 461 1940 noa
480 1878 513 1936 iu
531 1881 707 1941 auctoritate
724 1897 786 1940 uon
807 1888 921 1952 errent,
947 1879 1038 1942 alluh

20 1966 78 2022 'ecit
91 1963 262 2038 antiquitat,
286 1970 405 2036 propter
416 1979 503 2037 quem
515 1959 690 2023 ridebantur
701 1961 835 2026 habenda
853 1981 918 2024 erac
937 1979 1037 2038 autre·

20 2059 63 2120 ta,
77 2067 116 2105 ne
129 2044 328 2122 proferrentur
341 2044 415 2102 selae
428 2063 481 2120 pro
496 2047 583 2105 vorin
615 2045 691 2108 Nara
704 2055 734 2104 et
746 2047 937 2121 proferuntur
949 2064 1037 2122 quae·

19 2134 71 2189 [eu
89 2149 164 2208 quee
183 2131 310 2205 iptorum
324 2145 388 2186 eane
406 2127 542 2188 dicentur
554 2129 589 2186 ab
604 2131 647 2188 eir
666 2130 714 2204 qui
728 2147 789 2204 pro
802 2147 855 2191 ruo
866 2145 961 2200 ,centu
970 2147 1037 2204 pere

20 2218 70 2287 im,
83 2214 161 2291 quod
174 2215 287 2284 volunt,
302 2211 433 2272 credunt.
456 2209 515 2270 Sed
527 2231 562 2270 ea
575 2215 693 2274 certitea
707 2214 905 2276 ercomenon
916 2214 1037 2289 recepit,

19 2320 64 2357 ron
77 2298 158 2375 quod
171 2295 448 2368 carcedonium,
461 2297 514 2374 qui
523 2295 590 2354 'Deo
603 2299 786 2373 placuerunt,
800 2297 971 2374 reprobetur
983 2315 1036 2360 au·

19 2385 135 2455 toritas,
149 2380 201 2440 red
214 2379 293 2456 quod
304 2381 363 2440 itta
376 2399 441 2438 erae
454 2399 515 2440 nnn
529 2381 835 2458 credentur'ipecrum.
858 2381 919 2442 Nec
932 2383 1038 2442 nair-am

19 2470 86 2526 ebet
97 2467 204 2537 rideri,
218 2462 597 2540 quoneuepeenhabeacer‚
609 2465 1038 2542 quaeeubteneaeauttquitatn

19 2554 119 2610 omine
132 2549 339 2627 proferentum
354 2547 469 2624 quondo
479 2547 595 2624 quidem
606 2551 638 2606 in
648 2551 712 2626 ipae
721 2548 846 2610 historia
856 2566 959 2629 regunt
969 2547 1039 2610 ludu
1139 2595 1140 2602 a

19 2634 113 2714 iudae]
130 2644 162 2692 et
175 2652 280 2712 regum
293 2631 394 2703 larail,
411 2651 485 2708 quae
497 2651 545 2690 rea
559 2643 657 2712 genter
672 2635 814 2706 continet,
827 2632 863 2692 de
878 2633 982 2709 quitur
996 2634 1038 2694 ci·

19 2741 62 2778 em
77 2719 256 2795 scripturae
269 2717 429 2776 canonicae
443 2717 604 2791 credimur,
628 2727 891 2778 commemorantur
903 2718 1038 2792 pluriter,

19 2825 69 2861 uae
88 2805 134 2862 ibi
153 2822 216 2860 non
237 2803 438 2877 explicentur,
462 2810 492 2858 et
509 2804 542 2860 iu
559 2803 641 2859 libr-ir
661 2804 726 2860 nliie
746 2803 876 2862 inueniri
888 2801 1038 2874 dicuntur,

19 2908 66 2945 uos
81 2885 254 2963 Prophetae
267 2886 459 2961 scripserunt,
473 2895 504 2944 et
516 2887 623 2944 alicubi
635 2905 738 2945 eorum
751 2905 867 2964 qunque
878 2883 1039 2962 Prophete-
1116 2956 1118 2962 Ι

19 2994 56 3030 rm
71 2973 203 3030 nomina
216 2990 274 3029 non
289 2979 440 3046 tacentur3
466 2989 521 3028 nec
540 2980 638 3030 tamen
652 2973 850 3030 inveniuntur
867 2972 900 3030 in
912 2989 1039 3043 cunone,

19 3078 78 3114 rem
91 3057 214 3128 recepit
226 3057 348 3130 populun
362 3053 429 3112 Dei.
463 3054 553 3112 Cuius
571 3057 632 3128 rei,
654 3056 767 3128 fateor,
791 3073 880 3114 ecura
892 3075 939 3114 rue
950 3057 1039 3126 letet3

19 3143 47 3197 ei
67 3139 156 3218 quod
180 3141 335 3209 existimo,
362 3140 450 3194 etiam
462 3140 555 3213 ipone,
577 3141 682 3215 quibus
697 3159 732 3196 ee
745 3157 818 3216 queo
832 3142 864 3198 in
877 3141 1037 3201 auctorite-

40 3225 211 3303 religionie
230 3239 297 3278 ecee
314 3221 467 3292 deberent,
494 3232 614 3279 sanctur
626 3225 727 3298 utique
740 3221 867 3297 sparum
881 3223 1038 3292 revelabat,

19 3310 43 3364 ia
58 3311 149 3366 sicut
161 3305 297 3364 homines
311 3303 451 3371 historica
464 3304 635 3384 diligentie,
662 3309 720 3362 elin
731 3307 807 3362 eicut
818 3304 978 3378 Prophetas
991 3305 1039 3364 irt-

19 3395 163 3449 iratione
186 3391 287 3453 divine
304 3387 433 3448 ermom
451 3391 596 3463 potuir1e3
622 3396 709 3464 atque
726 3387 798 3445 hnec
825 3389 867 3443 ite
885 3387 976 3443 iniere
994 3387 1039 3444 di-

19 3486 111 3547 nete,
129 3483 170 3532 ut
184 3476 236 3532 ilie
249 3484 388 3548 tauquam
399 3473 488 3546 ipris,
512 3474 569 3529 iate
582 3491 652 3529 vern
664 3482 802 3548 tanquam
816 3469 880 3528 Deo
893 3489 946 3544 per
959 3471 1039 3544 ipaua

19 3560 143 3635 ruenti,
160 3557 366 3615 iudicarentur
377 3573 445 3612 ease
458 3555 628 3628 tribuende3
642 3557 731 3612 eoric
744 3556 795 3611 illu
806 3555 991 3630 pertinerent
1002 3553 1039 3614 ad

19 3652 167 3699 ertatem
183 3641 380 3722 coguitionir,
394 3637 465 3696 huet
478 3639 515 3696 cd
527 3641 680 3718 religionis
694 3639 910 3695 auctoritatem:
936 3639 968 3695 iu
982 3655 1039 3714 qna

19 3728 184 3784 ctoritate
205 3723 497 3798 mediterranea,
522 3732 638 3800 praeter
656 3741 743 3798 quem
761 3723 787 3778 ai
805 3739 862 3798 qno
879 3723 938 3782 iarn
951 3723 1038 3778 etiem

19 3832 27 3866 r
53 3811 197 3868 nomine
215 3819 348 3869 veterum
360 3805 568 3882 Prophetarum
581 3808 689 3887 scriptu
705 3805 912 3883 proferuntur,
935 3826 990 3864 uec
1004 3805 1039 3862 ed

19 3915 74 3950 nm
89 3897 223 3971 copiam
233 3893 494 3966 rcieutieevolent‚
509 3893 644 3970 quoniam
658 3901 756 3948 utrum
769 3907 869 3954 eorum
883 3893 1031 3966 eint,·quo
