2586 4396
258 219 317 277 DE
342 218 554 279 clv1TnTE
577 222 655 281 DEI
676 217 754 281 tta.
777 223 848 281 XV.
1034 231 1073 288 43

42 373 242 447 satisfaciet
256 369 347 429 Pater
360 383 457 430 cester
470 373 614 445 eoelestis,
628 377 657 432 si
669 397 723 434 aaa
736 378 908 436 dimiseritis
921 383 1075 459 unusquis-

41 481 101 542 que
110 457 223 531 fratri
239 474 291 513 sao
305 457 341 514 de
358 456 491 515 cordibus
504 461 622 516 vestris.
665 459 729 518 Hoc
742 462 828 517 modo
842 472 982 519 curantur
996 467 1073 522 circs
1173 485 1176 491 ·

41 544 183 603 Civitatis
204 539 263 596 Dei
282 541 313 596 in
331 539 384 596 hac
404 549 521 598 terrens
537 545 774 621 peregrinantes,
803 554 833 602 et
848 548 913 620 paci
933 564 1074 622 supernae

39 631 159 706 patriae
171 627 359 699 suspirantes.
404 622 530 699 Spiritus
554 636 651 683 antem
674 637 791 685 sanctus
811 639 948 703 operatur
966 632 1069 688 intrin-

41 729 153 782 secus,
166 717 199 766 ut
212 710 309 765 valcat
326 707 434 784 aliquid
447 709 608 783 medicina,
628 728 701 786 quac
714 711 868 770 adhibetur
881 715 1073 771 extrinsecus.

40 795 186 869 Alioquin
205 793 320 848 etiamsi
332 791 414 850 Deus
433 795 496 869 ipse
513 803 597 850 utens
614 805 748 854 creatura
767 796 823 853 sibi
841 797 956 854 subdita
975 799 1007 856 in
1020 800 1073 854 ali-

42 898 105 956 qua
118 878 214 954 specie
227 875 354 933 humana
367 896 469 934 sensus
483 879 648 954 alloquatur
664 877 820 953 humanos,
846 883 908 939 sive
920 885 1073 956 istoicor-

41 965 143 1038 poris,
165 963 229 1018 sive
242 962 324 1031 illos,
349 980 419 1036 quos
432 963 497 1017 istis
510 964 671 1020 simillimos
683 963 819 1022 babemus
833 967 865 1022 in
879 967 1006 1037 somnis,
1020 984 1075 1021 nco

42 1048 189 1104 interiore
202 1046 300 1122 gratia
312 1054 439 1102 mentem
451 1057 537 1124 regat
549 1056 635 1123 atque
647 1058 733 1127 agat,
747 1047 820 1106 nibil
834 1049 952 1124 prodest
964 1048 1074 1106 homini

42 1132 139 1189 omnis
152 1128 331 1203 praedicatio
343 1131 486 1187 veritatis.
522 1129 605 1187 Facit
617 1141 713 1188 autem
730 1131 785 1190 hoc
797 1131 878 1189 Deus
898 1135 1005 1190 avasis
1019 1134 1074 1188 mi-

43 1213 297 1272 concordissime
310 1232 380 1272 vasa
393 1213 578 1287 discernens,
603 1214 819 1289 dispensatione
838 1235 895 1292 qua
911 1218 974 1290 ipse
992 1217 1076 1272 novit

44 1301 172 1355 multum
184 1299 315 1370 occulta,
341 1297 392 1354 sed
409 1307 507 1354 tamen
526 1299 612 1354 iusta.
627 1361 630 1368 ¹
655 1299 721 1374 Ipso
735 1301 839 1376 quippe
852 1298 1008 1356 adiurante
1020 1300 1075 1353 mi-

45 1383 189 1439 rabilibus
202 1391 231 1438 et
244 1382 403 1440 latentibus
415 1381 523 1456 modis,
548 1399 636 1457 quum
648 1393 813 1458 peccatum,
835 1382 911 1458 quod
922 1381 1032 1439 habitat
1045 1383 1076 1438 in

43 1466 184 1524 membris
197 1467 321 1538 nostris,
335 1484 409 1542 quae
420 1467 516 1541 potius
529 1466 588 1522 iam
598 1485 694 1541 poena
704 1469 819 1543 peccati
832 1475 892 1538 est,
910 1468 987 1523 sicut
998 1466 1075 1540 Apo-

43 1553 139 1608 stolus
151 1551 308 1625 praecipit,
335 1569 395 1607 non
413 1559 519 1628 regnat
531 1551 562 1606 in
576 1561 678 1608 nostro
692 1552 810 1608 mortali
824 1569 944 1626 corporc
958 1549 994 1606 ad
1007 1549 1075 1605 obe·

44 1633 183 1691 diendum
200 1633 353 1690 desideriis
372 1635 451 1707 cius,
478 1653 532 1690 nec
546 1634 575 1689 si
588 1634 715 1692 membra
729 1644 830 1691 nostra
841 1635 924 1691 velut
935 1634 1075 1708 iniquita·

43 1721 84 1774 tis
103 1736 183 1774 arms
200 1716 387 1790 exhibemus,
414 1719 596 1775 convertitur
609 1718 645 1775 ad
656 1728 785 1776 mentem
799 1719 929 1776 nonsibi
942 1717 978 1774 ad
990 1719 1076 1788 mala,

45 1802 111 1860 Deo
138 1809 280 1880 regente,
307 1804 554 1875 consentientem3
580 1811 610 1859 ct
631 1821 695 1860 eam
718 1812 870 1883 regentem
892 1802 1076 1878 tranquillius

44 1905 124 1944 nnnc
138 1884 270 1956 babebit,
284 1895 385 1960 postea
397 1888 523 1944 sanitato
534 1887 664 1962 perlecta
678 1895 765 1964 atque
779 1888 997 1944 immortalitate
1009 1901 1075 1961 per·

45 1985 128 2046 cepta
142 1969 231 2027 homo
246 1971 310 2026 sinc
323 1972 382 2027 ullo
395 1981 512 2046 peccato
525 1972 557 2027 in
571 1979 690 2028 aeterna
704 1989 775 2046 pace
787 1971 930 2050 regnabit.

443 2119 556 2178 CAP.
600 2119 685 2178 Vll.

45 2220 91 2274 De
101 2236 180 2272 caasa
191 2229 219 2272 at
225 2218 380 2288 pertinacia
390 2217 494 2270 sceleris
506 2214 591 2282 Cain,
611 2233 687 2286 quera
706 2232 724 2269 a
738 2215 867 2290 fatiam
886 2223 1012 2285 correpto
1031 2233 1078 2269 nee

409 2286 465 2340 Dei
476 2303 561 2339 sermo
570 2286 713 2341 recurarit.

101 2398 162 2456 Sed
173 2398 229 2454 hoc
239 2398 345 2471 ipsum,
358 2394 435 2471 qnod
447 2397 524 2452 sicut
533 2397 678 2469 potuimns
691 2395 888 2469 exposuimus,
901 2392 1078 2470 quumDeus

46 2486 186 2560 loquutus
200 2491 277 2540 esset
286 2479 322 2536 ad
329 2478 401 2536 Cain
413 2497 447 2535 eo
456 2496 538 2535 more
552 2474 680 2555 [modo],
694 2496 827 2552 quocum
839 2479 940 2551 primis
953 2475 1078 2532 homini-

46 2570 100 2624 bus
113 2586 166 2642 per
178 2574 345 2622 creaturam
359 2561 518 2618 subiectam
528 2562 610 2618 velut
624 2579 727 2617 corum
736 2561 832 2616 socius
843 2558 935 2615 forma
947 2575 1079 2635 congrua

49 2651 237 2725 loquebatur,
266 2647 335 2725 quid
356 2647 385 2702 ei
407 2640 534 2720 profuiti
560 2643 667 2700 Nonne
685 2651 858 2718 conceptum
871 2643 966 2698 scelus
980 2643 1011 2696 in
1025 2659 1078 2696 ne-

48 2733 147 2792 cando
159 2735 248 2790 tratre
263 2734 351 2788 etiam
363 2738 430 2804 post
441 2728 560 2785 verbum
573 2727 690 2785 divinae
703 2724 912 2782 admonitionis
929 2721 1078 2800 imploritl

48 2819 128 2876 Nam
139 2837 224 2894 quum
237 2815 379 2873 sacrificia
392 2813 579 2870 discrevisset
589 2812 750 2882 amborum,
775 2810 808 2867 in
818 2810 897 2868 illius
907 2809 1080 2885 respiciens,

49 2903 138 2960 buius
152 2903 332 2976 despiciens,
358 2896 435 2973 quod
449 2915 508 2954 non
522 2894 713 2954 dubitandum
730 2903 775 2952 cst
787 2895 924 2970 potuisse
941 2895 1081 2973 cognosci

47 2991 135 3067 signo
148 2989 246 3062 aliquo
261 2991 416 3041 amestantc
428 2981 554 3054 visibili3
579 2991 608 3037 et
619 2978 675 3038 boc
687 2977 753 3038 ideo
766 2977 887 3038 iecisset
898 2979 998 3051 Deus,
1012 2980 1081 3054 quis

45 3075 125 3128 strala
138 3080 224 3128 erant
238 3086 325 3145 opera
341 3065 442 3138 huius,
468 3066 568 3122 tranis
590 3084 661 3123 vero
685 3065 749 3123 eius
771 3064 864 3139 bana3
890 3065 1080 3122 contristatus

47 3167 93 3212 est
106 3155 182 3214 Cain
195 3154 297 3225 valde,
312 3161 342 3208 ct
354 3150 482 3208 concidit
493 3150 583 3205 facies
597 3151 670 3206 eius.
714 3147 765 3209 Sic
779 3151 858 3206 cuim
871 3150 1011 3224 scriptum
1025 3159 1080 3217 cst,

45 3239 89 3297 Et
101 3242 183 3298 dias't
198 3237 342 3296 Domiaas
356 3236 396 3293 ad
411 3233 502 3303 (laia,
528 3231 629 3303 Quare
643 3235 744 3300 tristis
749 3232 862 3305 factas
875 3249 922 3303 aa,
946 3241 975 3288 st
989 3249 1081 3308 quara

47 3325 179 3382 concidit
191 3323 297 3394 facies
316 3317 389 3376 raa?
415 3314 515 3374 Nonae
528 3319 557 3372 si
570 3326 650 3374 recte
662 3318 792 3394 offeras,
818 3326 899 3373 recte
912 3324 1011 3371 autera
1024 3331 1080 3367 aare

46 3409 184 3478 dividas,
196 3401 352 3483 peccasti?
380 3401 519 3472 Quiesce:
546 3402 587 3458 ad
599 3411 629 3458 ts
643 3401 718 3458 enim
731 3400 882 3455 conversio
896 3399 977 3466 aias,
1004 3404 1034 3450 ct
1048 3405 1080 3448 aa

44 3491 251 3550 dominaberis
272 3488 362 3544 illias.
393 3485 426 3541 ln
440 3483 493 3540 hac
507 3483 705 3540 admonitione
719 3499 803 3556 quarn
817 3478 898 3536 Dans
911 3477 1033 3552 protulit
1045 3475 1081 3528 ad

44 3576 141 3647 Cain,
168 3572 240 3630 illud
259 3571 373 3648 quidem
393 3567 470 3646 quod
489 3566 675 3639 dictumest,
699 3563 842 3622 Nonacri
858 3571 939 3618 racto
957 3559 1080 3635 afferas,

40 3671 132 3718 recte
157 3667 256 3716 autem
279 3674 335 3713 aaa
359 3654 491 3723 dividas,
511 3652 664 3728 peccasti,
691 3649 758 3726 quia
776 3665 836 3703 non
859 3645 957 3700 clucet
970 3659 1023 3698 cur
1037 3641 1082 3698 vel

40 3729 130 3802 unde
144 3744 185 3798 sit
198 3740 322 3810 dictum,
348 3738 454 3793 multos
471 3751 573 3790 sensus
590 3736 703 3810 pcpcrit
716 3734 777 3790 eius
792 3728 969 3799 obscuritas,
996 3744 1082 3802 quum

42 3829 224 3884 divinarum
237 3823 454 3899 Scriptursrum
472 3819 593 3894 quisquo
613 3826 755 3874 tractator
774 3811 933 3872 secundum
950 3811 1017 3868 fidei
1036 3829 1082 3864 re·

42 3915 158 3994 gulam
170 3909 201 3966 id
213 3917 336 3966 conatur
350 3921 506 3981 exponere.
542 3900 633 3960 Recto
649 3903 750 3976 quippe
765 3897 885 3957 offertur
898 3896 1083 3963 sacrificium,
