2530 4392
188 195 249 252 ms
324 153 332 162 ’
411 182 505 244 οινι
530 178 724 240 ινιιιιιιι
749 174 1001 238 svovsmm
1255 155 1256 244 l

191 342 350 421 gloriosam
371 356 442 416 ergo
460 353 563 411 pacem
581 331 716 390 bellando
735 331 857 405 cupiunt
874 326 1040 404 pervenire.
1073 323 1158 383 Nam
1171 326 1233 403 quid

191 435 236 482 est
249 421 327 480 aliud
339 421 482 491 victoria,
508 421 568 476 nisi
586 416 728 473 subiectio
741 407 989 490 repugnantiuml
1013 409 1095 486 quod
1109 429 1184 466 cum
1196 409 1233 466 fa-

192 519 272 565 ctum
285 505 385 577 fuerit,
397 521 456 578 pax
471 503 535 558 crit.
558 501 642 557 Pacis
656 501 748 576 igitur
760 498 926 560 intentione
939 502 1089 572 geruntur
1103 501 1137 548 et
1149 493 1231 562 bella,
1256 553 1257 580 ,

190 592 227 649 ab
236 589 282 646 his
296 589 385 646 etiam
399 589 449 663 qui
461 587 601 643 virtutem
618 584 754 639 bellicam
771 579 890 636 student
903 595 1043 634 exercere
1060 576 1230 650 imperando

190 684 279 750 etque
304 669 473 750 pugnando.
506 666 591 724 Vnde
616 683 719 740 pacem
746 671 861 721 constat
884 663 955 719 belli
981 679 1047 716 esse
1077 660 1231 733 optabilem
1256 671 1257 688 ²

190 757 289 815 sanem.
326 754 430 811 Omnis
451 752 529 808 enim
548 749 634 806 ιιοιιιο
652 751 741 804 etiarn
761 743 962 824 belligerando
975 762 1082 819 pacem
1094 745 1230 818 requirit:

191 859 278 898 nemo
292 846 390 894 eutem
402 837 511 892 bellum
524 831 714 907 pacificando.
750 829 827 888 Nam
840 839 869 886 et
881 830 926 884 illi
940 829 990 903 qui
1002 847 1121 902 pacem,
1137 829 1171 882 in
1183 843 1232 900 qus

192 931 274 992 sunt,
287 919 452 994 perturbari
465 919 580 986 volunt,
605 933 665 971 non
677 933 782 990 pacem
795 913 931 984 oderunt,
945 909 996 966 ted
1010 929 1079 966 eam
1091 929 1146 984 pro
1159 910 1231 965 arbi-

192 1007 251 1062 trio
265 1020 320 1058 suo
334 1003 456 1077 cupiunt
470 1000 652 1056 commutari.
688 997 756 1054 Non
770 1015 842 1074 ergo
857 1005 891 1052 ut
903 997 942 1050 sit
954 1012 1015 1068 pax
1034 995 1163 1063 nolunt,
1184 990 1233 1048 sed

193 1097 228 1146 ut
241 1105 275 1142 ee
289 1086 328 1140 sit
342 1103 429 1160 quant
441 1085 556 1142 volunt.
594 1079 732 1156 Denique
746 1081 803 1138 etsi
815 1098 868 1154 pcr
882 1077 1060 1135 seditionem
1075 1095 1109 1133 se
1122 1077 1160 1132 ab
1174 1076 1233 1131 eliis

194 1170 414 1245 separaverint,
439 1186 504 1224 cum
522 1167 564 1222 cis
586 1166 658 1239 ipsis
676 1164 851 1240 conspiratis
864 1163 913 1220 vel
926 1161 1171 1218 coniuratis-suis
1184 1158 1233 1215 nisi

195 1254 427 1330 qualemcunque
440 1252 521 1326 pacis
536 1251 663 1324 speciem
678 1256 809 1318 teneant,
828 1264 888 1303 non
902 1244 1033 1302 efficiunt
1047 1243 1130 1319 quod
1144 1245 1235 1298 inten-

195 1335 279 1394 dunt.
317 1333 444 1392 Proinde
461 1337 591 1391 latrones
610 1334 683 1406 ipsi,
707 1340 741 1388 ut
760 1328 962 1389 vehementius
976 1336 1006 1384 et
1018 1328 1118 1384 tutius
1140 1325 1235 1382 infesti

195 1421 256 1476 sint
267 1420 334 1495 paci
346 1427 542 1487 coeterorum,
559 1434 662 1490 pacem
674 1417 780 1474 volunt
791 1413 900 1470 babere
914 1413 1074 1469 sociorum.
1111 1409 1178 1468 Sed
1191 1409 1236 1464 etsi

195 1522 273 1560 unus
288 1503 328 1558 sit
340 1511 400 1558 tam
412 1501 598 1576 praepollens
621 1501 751 1570 viribus,
776 1507 807 1553 et
831 1497 967 1554 conscios
990 1497 1034 1552 ito
1057 1512 1192 1566 cavens,
1213 1501 1258 1546 ut:

195 1587 272 1644 nulli
285 1585 365 1639 socio
379 1602 410 1640 se
425 1583 599 1650 committat,
614 1584 752 1657 solusque
766 1579 912 1636 insidians
926 1588 956 1635 et
966 1579 1165 1653 praevalens,
1183 1576 1237 1652 qui·

194 1667 251 1724 bus
263 1667 393 1740 potuerit
406 1665 551 1739 oppressis
566 1673 596 1720 et
609 1666 765 1722 exstinctio
778 1663 900 1738 praedas
913 1670 998 1740 agat,
1024 1680 1095 1718 cunr
1108 1663 1155 1716 eis
1169 1669 1237 1717 certa

197 1767 270 1824 quos
285 1747 421 1804 occidere
434 1765 496 1803 non
509 1755 620 1820 potest,
646 1757 676 1804 et
688 1766 762 1822 quos
776 1749 840 1804 vult
853 1748 945 1803 latere
959 1743 1036 1822 quod
1054 1743 1151 1816 facit,
1175 1762 1236 1819 qus-

197 1833 372 1904 lemcunque
386 1829 518 1886 umbram
529 1830 611 1904 pacis
626 1839 718 1886 tenet.
745 1829 781 1886 ln
794 1830 878 1887 domo
889 1838 989 1886 autem
1002 1846 1056 1884 sua
1070 1847 1142 1884 cum
1156 1845 1236 1884 uxore

199 1924 229 1972 et
243 1933 309 1970 curn
323 1913 404 1986 filiis,
418 1921 449 1969 et
463 1913 489 1968 si
502 1929 576 1988 quos
586 1913 660 1969 alios
669 1914 731 1970 illic
741 1910 839 1984 habet,
853 1912 953 1969 studet
964 1911 1101 1986 profecto
1116 1930 1184 1968 esso
1195 1927 1237 1985 ps·

198 2007 298 2056 catus:
314 1998 356 2053 eis
368 1999 474 2073 quippe
484 1995 521 2054 ad
534 2005 638 2054 nutum
652 1995 918 2073 obtemperantibus
932 1997 996 2051 sine
1009 1993 1101 2051 dubio
1117 1995 1237 2052 delecta-

198 2091 257 2140 tur.
293 2080 369 2138 Nam
382 2081 408 2138 si
421 2099 482 2138 non
495 2081 557 2153 fiat,
570 2079 756 2158 indignatur,
770 2081 903 2155 corripit,
924 2077 1072 2136 vindieat:
1100 2088 1132 2135 ct
1146 2078 1236 2136 domas

125 2183 130 2193 ·
199 2184 270 2222 suae
283 2183 395 2241 pacem,
409 2165 436 2222 ιι
448 2167 490 2222 ιιι
504 2183 626 2222 necesse
640 2166 689 2237 sit,
704 2166 794 2222 etiam
807 2161 965 2222 saeviendo
978 2164 1149 2237 componit3
1165 2179 1236 2236 quau

200 2249 292 2306 sentit
305 2267 371 2305 esse
385 2265 445 2306 ιιοιι
458 2267 555 2324 posse,
569 2250 628 2306 nisi
642 2248 756 2306 cuidam
768 2248 925 2324 principio,
943 2244 1021 2321 quod
1034 2247 1102 2320 ipre
1115 2248 1150 2303 ιιι
1164 2245 1237 2301 dono

200 2350 255 2388 sue
274 2339 334 2401 cst,
359 2340 476 2387 caetero
496 2333 529 2388 ιιι
548 2331 652 2388 eadem
671 2331 832 2390 domestico
855 2331 997 2388 socictate
1016 2329 1157 2388 subiecta
1179 2331 1237 2386 sint

198 2413 329 2488 Ideoque
343 2415 369 2470 si
383 2410 537 2472 offerretur
551 2417 579 2472 ei
593 2417 721 2474 servitus
734 2417 877 2492 plurium,
901 2415 949 2471 vel
962 2414 1096 2470 civitatis
1110 2416 1162 2471 rel
1174 2431 1237 2491 gen·

199 2499 249 2569 tis,
265 2497 307 2553 ita
319 2506 353 2554 ut
366 2497 408 2554 sic
423 2499 449 2554 ei
465 2500 623 2571 servirent,
637 2498 878 2575 quemadmodum
891 2497 948 2554 sibi
961 2495 1041 2554 domi
1054 2515 1130 2554 suae
1142 2496 1238 2554 serviri

199 2579 332 2654 volebat3
346 2599 407 2640 ιιοιι
418 2600 450 2638 se
463 2583 522 2640 iam
534 2585 679 2640 latronem
692 2583 813 2640 latebris
827 2581 977 2652 conderet,
991 2580 1045 2636 sed
1056 2599 1164 2660 regem
1178 2598 1238 2637 eon·
1258 2605 1259 2618 ι

200 2665 334 2740 spiouum
348 2665 531 2740 sublimaret,
547 2683 614 2724 cum
626 2666 728 2724 eadem
740 2668 773 2723 in
786 2667 837 2723 illo
850 2664 993 2741 cupiditas
1008 2673 1039 2720 et
1049 2667 1169 2721 malitia
1180 2681 1238 2740 per·

199 2757 343 2805 nranerct.
377 2747 485 2806 Pacem
498 2752 599 2826 itaque
613 2769 681 2807 cum
694 2749 756 2807 suis
770 2768 871 2808 omnes
884 2747 992 2806 hebere
1006 2749 1150 2822 cupiunt,
1177 2763 1239 2823 quos

200 2830 237 2888 ad
251 2849 336 2888 suum
349 2832 504 2890 arbitrium
522 2835 627 2890 volunt
646 2835 757 2890 virere.
793 2831 869 2890 Nam
888 2840 919 2888 et
938 2849 1004 2889 cum
1016 2833 1126 2907 quibus
1139 2832 1238 2888 bellun

200 2924 328 2993 gerunt,
352 2934 420 2974 suos
438 2915 546 2988 iacere,
567 2917 594 2972 si
610 2917 737 2992 possint,
756 2919 871 2989 volunt,
891 2916 992 2992 eisque
1005 2915 1152 2974 subiectis
1166 2917 1237 2993 leges

199 3016 269 3054 suae
282 3000 363 3074 pacis
378 3000 538 3075 imponere.

254 3079 314 3140 Sed
327 3082 469 3138 faciamus
481 3084 618 3158 aliquem,
632 3086 749 3160 qualem
762 3086 842 3142 canit
855 3085 970 3160 poetice
982 3091 1013 3140 et
1025 3082 1164 3140 fabulosa
1178 3099 1237 3140 aar·

198 3167 292 3238 ratio;
318 3184 403 3241 quem
421 3165 560 3238 fortasse,
582 3178 702 3244 propter
714 3170 808 3243 ipsam
820 3167 1022 3225 insociabilem
1034 3167 1187 3224 feritatem
1198 3183 1237 3222 re-

197 3247 387 3306 mihominem
408 3267 495 3326 quam
513 3248 661 3307 hominem
680 3253 778 3310 dicere
800 3253 980 3322 maluerunt,
1016 3251 1162 3317 Quamvis
1176 3267 1237 3326 crgo

197 3331 286 3390 buius
303 3350 430 3412 regnum
451 3332 532 3390 dirae
551 3335 708 3409 speluncae
727 3335 818 3393 fuerit
837 3333 978 3406 solitudo,
1001 3343 1123 3410 tamque
1135 3335 1238 3390 nuiss

199 3416 374 3495 singularis,
389 3425 421 3472 ut
435 3435 473 3473 ex
486 3415 541 3474 hac
551 3419 582 3474 ei
596 3437 703 3476 nomen
716 3421 871 3478 inventurn
883 3419 937 3489 sit;
954 3435 1022 3474 nam
1039 3419 1138 3475 malus
1153 3417 1237 3474 Grae·

198 3517 233 3555 ee
246 3491 337 3569 κακὸς
357 3499 479 3572 dicitur,
503 3500 581 3576 quod
593 3503 644 3558 ille
656 3503 830 3560 vocabatur:
853 3511 888 3558 ut
901 3502 983 3558 nulla
996 3502 1110 3556 coniux
1123 3503 1151 3556 ci
1164 3501 1237 3556 blsa-

199 3581 268 3638 dum
281 3582 372 3639 ferret
385 3583 568 3660 referretque
581 3603 760 3660 sermonem,
774 3587 864 3644 nullis
877 3584 947 3644 filiis
960 3585 1008 3641 vel
1021 3583 1170 3642 alluderet
1180 3601 1238 3658 por·

198 3665 294 3734 vulis,
317 3667 365 3722 vel
377 3666 596 3743 grandiusculis
610 3671 784 3744 imperaret,
808 3671 888 3728 nullo
902 3668 990 3726 enrici
1003 3667 1153 3743 colloquio
1167 3668 1238 3724 true·

197 3752 292 3816 rctur‚
307 3765 361 3802 nec
375 3747 501 3808 Vulcani
513 3753 624 3825 patris,
643 3771 700 3828 quo
713 3755 762 3812 rel
775 3751 844 3810 binc
861 3761 977 3810 tantum
989 3768 1049 3808 non
1062 3769 1168 3824 parum
1180 3750 1236 3806 feli·

199 3825 261 3882 cior
275 3826 350 3897 fuit,
375 3831 442 3904 quia
456 3835 514 3892 tale
528 3845 692 3894 monstrum
705 3839 769 3914 ipse
789 3855 849 3896 non
864 3836 983 3917 genuit:
1010 3831 1086 3892 nibil
1104 3835 1236 3910 cuiqua-
