2576 4396
231 202 292 258 sla
459 197 557 257 DlVl
577 195 767 255 nvnuufl
788 196 1044 255 AVGVSTlNl

232 355 315 426 data,
341 356 435 410 ιιιιιιιι
449 360 494 408 ιιι
506 349 655 406 discedere
667 349 702 405 de
716 358 794 406 terra
807 367 860 406 sua
881 359 911 406 ιι
923 349 958 406 de
973 353 1151 428 cognatione
1165 373 1217 412 sua
1231 369 1257 414 ιι

231 440 266 494 de
280 437 363 494 domo
375 438 466 512 patris
480 436 534 492 sui.
577 431 663 491 'l'unc
682 435 743 508 ipsc
760 435 892 509 primitus
906 453 923 490 a
936 433 1146 492 Chaldaeorum
1159 457 1257 514 supar-

231 521 397 578 stitionibns
410 520 564 589 liberatus,
592 537 797 574 unumverum
809 517 1066 596 Deumsequendo
1081 523 1185 595 coluit,
1213 528 1258 581 cui

229 604 301 662 haec
324 604 506 680 promittenti
528 601 653 658 fideliter
671 601 801 658 credidit.
843 601 926 659 Haec
944 613 991 660 ιιι
1010 605 1184 662 universalis
1202 611 1258 680 via,

230 689 265 744 de
290 707 346 764 qua
368 691 400 746 in
422 695 524 744 saneta
545 685 696 763 prophetia
717 685 902 744 dictumest:
930 686 1013 745 Dens
1031 689 1192 747 miseratur
1209 711 1258 748 no-

230 775 303 843 stri,
331 783 361 830 et
383 773 535 830 benedicat
556 789 624 845 nos,
651 770 795 828 illuminet
813 771 924 828 uultum
939 789 1021 828 suum
1038 788 1207 848 supernos,
1231 787 1259 833 et

229 858 408 914 misereatur
432 857 546 912 nostri:
570 864 605 912 nt
626 857 842 932 cognoscamus·
852 855 883 910 in
903 864 988 912 terra
1011 857 1089 912 uiam
1109 867 1206 928 taam,
1229 861 1258 916 in

229 939 358 996 omnibus
370 939 507 1016 gentibus
521 939 656 996 salutare
670 948 758 994 tuum.
800 936 883 994 Vnde
900 947 982 995 tanto
1000 948 1067 1012 post
1080 957 1118 995 ex
1130 941 1258 998 Abrahae

228 1023 341 1078 semine
355 1041 443 1079 carne
457 1032 605 1098 suscepta,
632 1021 667 1077 dc
681 1040 712 1077 se
724 1023 787 1096 ipso
804 1024 846 1078 ait
859 1023 920 1097 ipsc
933 1019 1085 1095 Salvator,
1112 1023 1176 1102 Ego
1197 1045 1257 1082 sum

227 1107 287 1176 via,
297 1109 458 1176 etueritas,
466 1117 496 1163 et
505 1109 578 1164 uita.
592 1104 674 1162 Haec
685 1115 730 1161 cst
740 1107 915 1163 universalis
927 1108 985 1179 via,
997 1107 1032 1162 de
1040 1117 1182 1182 quatento
1190 1119 1256 1166 ante

227 1198 357 1262 tempore
367 1189 568 1266 prophetatum
583 1199 639 1246 cst:
665 1189 737 1246 Erit
747 1191 778 1246 in
788 1192 954 1248 nouissimis
968 1189 1068 1248 diebus
1079 1194 1255 1264 manifestus

226 1291 307 1332 mons
321 1275 421 1331 domus
435 1273 566 1344 Domini,
576 1283 712 1352 paratas
727 1273 757 1330 in
770 1275 920 1334 cacumine
932 1276 1081 1347 montium,
1096 1287 1125 1334 et
1136 1278 1257 1334 estolle-

226 1367 277 1416 tur
290 1373 379 1436 saper
393 1357 497 1432 colles,
510 1368 540 1416 et
551 1359 670 1414 uenient
683 1357 725 1414 ad
738 1377 800 1415 eum
813 1359 969 1416 uniuersae
980 1369 1095 1436 gentes,
1120 1370 1147 1416 et
1160 1361 1257 1436 ingre-

226 1442 344 1499 dientur
357 1443 492 1499 nationes
505 1441 624 1511 multae,
640 1452 669 1499 et
683 1441 796 1500 dicent:
814 1439 915 1499 Venite
926 1442 1137 1500 adscendamus
1144 1446 1173 1500 in
1179 1463 1256 1500 mon-

226 1533 283 1582 tem
296 1523 419 1581 Domini
432 1535 462 1582 et
475 1527 506 1582 in
520 1525 632 1582 domum
645 1523 707 1582 Dei
717 1521 816 1598 Iacob,
843 1536 873 1583 et
886 1525 1076 1582 annuntiabit
1088 1527 1169 1584 nobis
1181 1530 1256 1584 uiam

226 1625 318 1679 suam,
333 1619 363 1666 et
376 1609 576 1684 ingrediemur
589 1609 620 1666 in
635 1627 679 1666 ea.
713 1607 763 1665 Ea
775 1607 846 1668 Sion
861 1611 936 1666 enim
943 1609 1069 1688 prodiet
1080 1609 1138 1680 lea,
1153 1622 1182 1668 et
1194 1631 1252 1668 uer·

225 1691 290 1750 bum
306 1689 429 1748 Domini
441 1691 476 1748 ab
490 1689 689 1750 Hierusalem.
727 1689 782 1748 Via
797 1711 867 1772 crgo
881 1695 937 1748 ista
950 1711 1010 1749 non
1026 1701 1070 1748 cst
1083 1697 1170 1750 unius
1184 1715 1255 1772 gen-

172 1811 173 1814 =
225 1775 274 1846 tis,
288 1775 340 1831 sed
350 1776 554 1831 universarum
567 1777 708 1856 gentium.
746 1773 787 1832 Et
804 1778 854 1832 lex
872 1776 1050 1852 verbumque
1065 1775 1185 1834 Domini
1199 1799 1253 1836 non

224 1862 255 1916 in
269 1857 343 1916 Sion
357 1868 387 1915 ct
400 1855 587 1916 Hierusalem
600 1859 754 1933 remansit3
781 1859 832 1916 sed
850 1860 918 1916 inde
935 1861 1091 1936 processit,
1117 1869 1150 1918 ut
1163 1881 1194 1918 ιι
1206 1882 1253 1937 per

224 1945 361 2000 universa
375 1939 560 2000 diffunderet.
596 1941 679 2000 Vnde
697 1946 760 2022 ipsc
772 1942 914 2001 Mediator
927 1954 996 2020 post
1014 1947 1254 2003 resurrectionem

223 2047 304 2085 suam
317 2027 468 2106 discipulis
482 2027 694 2104 trepidantibus
708 2029 762 2086 ait:
788 2019 953 2108 Oportebat
966 2027 1083 2106 impleri
1095 2047 1168 2106 quae
1182 2033 1254 2088 scri-

223 2123 276 2192 pta
290 2123 360 2170 aaut
373 2115 404 2170 in
417 2110 497 2188 hege
510 2121 540 2170 et
552 2109 709 2190 Prophetis
723 2122 753 2169 et
765 2109 892 2170 Psalmis
906 2112 941 2170 de
954 2131 1006 2174 me.
1045 2109 1127 2170 Tunc
1139 2117 1255 2192 operuit

223 2196 283 2252 illis
304 2213 433 2265 sensam,
460 2205 494 2253 ut
512 2195 714 2271 intelligerent
726 2193 921 2274 Sarbane-ao,
948 2205 978 2252 et
995 2196 1073 2253 diait
1091 2197 1150 2268 eis,
1180 2195 1255 2266 Quia

223 2277 378 2355 oportebat
394 2277 544 2334 Christum
551 2280 640 2354 pati,
663 2289 693 2336 et
705 2296 864 2356 resurgere
878 2297 897 2334 a
910 2280 1034 2337 mortuis
1048 2281 1139 2336 tertio
1153 2281 1211 2351 die,
1229 2291 1255 2338 et

222 2361 397 2438 praedicari
415 2361 445 2416 in
465 2361 578 2418 nomine
598 2362 660 2418 eius
667 2363 885 2438 peonitentiam
900 2373 929 2420 et
942 2363 1140 2420 remissionem
1149 2381 1254 2442 pecca-

222 2454 318 2501 toram
324 2461 385 2522 per
396 2461 493 2502 omnes
506 2455 620 2521 gentes,
635 2443 843 2522 integritatibus
858 2446 893 2504 ab
904 2442 1102 2504 Hierusalem.
1115 2445 1199 2504 Haec
1213 2459 1254 2504 cst

222 2530 314 2606 igitur
326 2529 502 2586 universalis
520 2529 634 2586 animae
652 2527 820 2586 liberandae
839 2531 904 2601 via,
930 2547 1015 2606 quam
1038 2531 1134 2586 sancti
1150 2530 1254 2610 Angcli

221 2614 374 2688 sancfique
391 2611 554 2690 Prophetae
572 2613 653 2688 prius
669 2613 702 2670 iu
720 2613 821 2689 paucis
842 2611 1006 2672 hominibus
1026 2613 1077 2670 ubi
1097 2624 1254 2690 potuerunt

221 2695 278 2754 Dei
290 2699 416 2776 gratiam
428 2698 651 2772 reperientibus,
670 2706 699 2752 et
711 2699 837 2754 maxime
849 2699 881 2754 iu
895 2695 1029 2754 Hebraea
1042 2708 1147 2776 gente,
1174 2701 1253 2756 cuius

221 2790 283 2838 crat
296 2783 358 2855 ipsa
372 2780 497 2856 quodam
509 2779 592 2836 modo
606 2788 720 2836 sacrata
732 2781 907 2856 respublica,
921 2783 953 2836 in
963 2779 1212 2858 prophetationem
1226 2793 1254 2840 ιι

217 2865 504 2937 praenuntiationem
517 2861 650 2920 Civitatis
669 2861 727 2921 Dei
747 2882 784 2919 ex
810 2864 942 2930 omnibus
967 2865 1103 2942 gentibus
1130 2885 1253 2946 congre-

220 2945 344 3024 gandae,
372 2955 401 3002 et
427 2947 614 3002 tabernaculo
637 2955 667 3002 et
687 2950 792 3023 templo
816 2957 846 3006 et
868 2947 1030 3004 sacerdotio
1050 2958 1079 3005 ct
1102 2951 1253 3008 sacrificiis

221 3029 473 3108 significaverunt,
488 3038 517 3085 et
527 3031 648 3106 eloquiis
660 3031 833 3106 quibusdam
841 3031 1015 3104 manifestis,
1029 3033 1175 3110 plerisque
1189 3055 1252 3111 my-

220 3113 317 3184 sticis,
330 3111 553 3186 praedixerunt3
575 3132 715 3188 praesens
728 3125 825 3174 autem
838 3119 870 3174 in
884 3135 972 3176 carue
984 3119 1046 3192 ipse
1057 3116 1210 3191 Mediator,
1225 3129 1254 3174 et

220 3195 298 3252 beati
322 3198 385 3253 cius
403 3197 533 3271 Apostoli
557 3200 616 3256 iam
642 3199 824 3258 Testamenti
850 3202 919 3258 novi
943 3202 1068 3278 gratiam
1086 3205 1252 3259 revelantes

218 3281 346 3355 apertius
360 3279 545 3354 indicarunt,
564 3301 638 3358 quae
652 3285 803 3360 aliquanto
816 3286 958 3342 occultius
972 3285 1170 3358 superioribus
1184 3295 1253 3342 sunt

218 3363 385 3442 significata
397 3366 584 3440 temporibus,
598 3386 649 3442 pro
663 3377 792 3429 aetatum
805 3370 923 3446 generis
936 3367 1056 3424 humaui
1068 3368 1251 3426 distributio-

218 3463 271 3522 ue;
284 3449 359 3508 sicut
369 3469 432 3510 eam
441 3449 506 3506 Deo
521 3451 648 3526 sapienti
659 3453 771 3527 placuit
783 3452 929 3524 ordinare,
942 3452 1117 3508 mirabilium
1131 3471 1253 3528 operum

218 3533 397 3605 divinorum,
423 3553 548 3610 quorum
564 3538 697 3612 superius
716 3554 809 3611 panea
822 3536 881 3592 iam
892 3537 991 3612 posu,
1018 3539 1251 3596 contestantibus

219 3618 323 3694 signis.
350 3617 418 3674 Non
433 3619 514 3676 enirn
524 3629 721 3693 apparuerunt
734 3618 932 3678 tautummodo
946 3621 1075 3676 visiones
1089 3623 1252 3700 angelicae,

219 3709 249 3756 et
263 3702 433 3758 coelestium
449 3703 651 3759 ministrorum
670 3705 732 3760 sole
744 3703 833 3760 verba
849 3712 1024 3762 sonuerunt:
1048 3708 1252 3764 verumetiam

218 3781 382 3840 hominibus
396 3783 453 3840 Dei
471 3786 560 3842 verbo
583 3787 721 3858 simplicis
746 3787 862 3862 pietatis
886 3786 1038 3865 agentibus
1057 3789 1180 3861 spiritus
1199 3790 1252 3845 im-

219 3866 321 3923 mundi
334 3867 369 3923 de
381 3865 529 3936 hominum
543 3869 708 3944 corporibus
722 3889 756 3926 ao
770 3869 902 3927 sensibus
914 3871 990 3948 pulsi
1002 3879 1083 3943 sunt3
1097 3871 1173 3929 vitia
1188 3887 1252 3929 cor-
