2510 4404
231 223 292 278 elo
461 215 559 274 DlVl
580 214 765 274 AVRELll
786 212 1036 272 AVGVSTINI

232 391 318 446 quam
331 368 463 428 mirabile
474 385 547 442 opus
560 367 778 442 omnipotentis,
793 368 857 440 quis
872 374 1072 440 competenter
1085 363 1203 436 effatur,
1214 387 1237 420 ιι

233 449 361 532 cogitati
396 452 516 510 Praeter
540 452 616 508 enim
640 461 717 508 artes
736 450 811 506 bene
831 448 951 506 vivendi
968 458 998 504 et
1016 449 1055 506 ad
1072 452 1238 506 immortale

229 531 419 614 perveniendi
443 536 623 605 felicitatem,
648 553 721 610 quac
743 535 867 590 virtutes
892 542 1045 605 vocantur,
1070 543 1102 590 et
1127 536 1191 589 sola
1210 533 1236 589 br

231 623 337 700 gratia,
352 622 469 696 quaein
483 617 597 675 Christo
614 629 673 687 est,
697 617 764 674 filiis
777 619 979 691 promissionis
991 620 1143 694 regnique
1157 617 1239 673 donae

230 716 290 777 tur,
304 723 401 762 nonne
414 703 538 760 humano
551 703 671 779 ingenio
683 711 727 758 tot
740 710 893 777 tantaeque
906 711 985 756 artes
998 711 1070 758 sunt
1082 703 1240 758 inventast

231 789 396 858 exercitae,
419 787 525 862 partim
542 787 741 858 necessariae,
765 787 870 859 partim
882 786 1078 853 voluntariae,
1092 796 1130 841 ut
1144 796 1200 841 tam
1213 803 1241 840 ex·

232 875 339 930 cellsus
352 873 397 928 vis
411 871 516 926 mentis
530 877 616 943 atque
629 869 751 926 rationis
765 871 796 924 in
810 867 855 924 bis
870 870 957 924 etiam
973 869 1063 930 rebus
1078 887 1155 944 quas
1168 887 1243 942 super·

231 955 314 1026 fluas,
328 957 385 1010 imo
400 963 429 1010 et
441 953 619 1027 periculosas
631 953 995 1027 perniciosasqueappetit,
1008 953 1242 1026 quantumbonor

231 1040 335 1096 babeat
348 1039 379 1094 in
392 1047 507 1106 natura,
521 1035 600 1092 unde
613 1039 669 1092 ista
680 1038 776 1110 potuit
787 1038 834 1092 vel
846 1037 990 1106 invenire,
1011 1037 1061 1092 vel
1074 1036 1200 1105 discere,
1216 1042 1242 1090 ιε’

231 1139 387 1191 exercere,
410 1115 550 1178 testeturl
585 1113 831 1176 Vestimeutorum
850 1129 879 1175 et
898 1117 1100 1176 aedificiorum
1121 1121 1160 1176 ad
1181 1139 1242 1194 open

231 1225 317 1282 quam
330 1204 484 1280 mirabilia,
504 1221 590 1278 quam
605 1202 763 1278 stupenda,
786 1203 931 1259 industria
943 1201 1073 1259 humana
1085 1207 1243 1278 perveneris.

232 1308 287 1366 quo
304 1291 335 1346 in
349 1289 544 1366 agricultura,
566 1305 623 1362 quo
637 1290 668 1344 in
682 1288 870 1364 navigatione
885 1286 1061 1360 profecerit:
1089 1304 1166 1362 quae
1177 1291 1206 1344 in
1217 1287 1241 1342 n-

231 1374 392 1430 bricatione
407 1389 585 1447 quorumque
598 1389 744 1442 vasorum,
757 1371 804 1426 vel
815 1371 902 1426 etiam
914 1378 1082 1426 statuarum
1097 1381 1128 1426 et
1140 1374 1241 1445 picture

231 1477 295 1512 rum
309 1457 452 1513 varietate
466 1455 681 1531 excogitaverit
696 1463 726 1510 et
738 1456 917 1527 impleverit3
941 1456 1062 1527 quaein
1076 1453 1240 1510 theatrisui

231 1541 334 1596 rabilia
347 1539 562 1614 spectantibus,
585 1537 768 1594 audientibus
789 1537 970 1614 incredibilia
987 1537 1128 1594 facienda
1142 1550 1170 1594 et
1181 1537 1239 1592 cabi

229 1623 324 1680 benda
336 1624 435 1698 molita
449 1623 503 1691 sit;
526 1622 558 1677 in
573 1621 736 1698 capiendis,
750 1621 925 1692 occidendis,
940 1619 1097 1678 domandis
1109 1623 1239 1678 irrafiona

228 1707 304 1761 libus
318 1705 523 1774 animantibus,
537 1723 610 1778 quae
624 1714 654 1760 et
666 1714 775 1779 quanta
787 1706 943 1778 repererit:
962 1703 1109 1762 adversus
1123 1707 1194 1780 ipsos
1205 1704 1239 1758 bc

227 1789 321 1844 mines
336 1797 380 1843 tot
392 1805 502 1864 genera
516 1805 706 1858 venenorum,
719 1797 764 1842 tot
777 1805 932 1857 armorum,
957 1790 1002 1843 tot
1015 1788 1238 1846 machinamento

228 1889 307 1941 rum,
331 1879 359 1926 et
378 1889 430 1944 pro
448 1870 541 1926 salute
561 1871 678 1925 mortali
691 1871 800 1926 tuenda
812 1881 899 1946 atque
911 1872 1081 1946 reparanda
1096 1883 1162 1948 quot
1169 1869 1237 1926 nedi-

230 1963 362 2011 camenta
381 1962 466 2028 atque
485 1952 653 2008 adiumenta
673 1951 937 2027 comprehenderit:
963 1972 1017 2028 pro
1037 1958 1178 2031 voluptate
1186 1954 1235 2008 lao-

232 2040 308 2094 cium
321 2047 394 2112 quot
407 2033 591 2096 condimenta
605 2046 634 2092 et
648 2039 735 2115 gulae
748 2038 931 2094 irritamenta
949 2037 1237 2116 [incitamentalrepe

231 2123 319 2178 serit:
340 2120 376 2178 ad
388 2119 558 2176 indicandas
573 2129 602 2175 et
615 2119 776 2176 suadendas
792 2123 986 2198 cogitationes
1000 2141 1095 2196 quam
1107 2119 1239 2180 multitudi-

230 2225 297 2262 nem
310 2207 538 2277 varietatemque
551 2205 724 2280 signorum,
750 2205 799 2259 ubi
816 2207 1003 2279 praecipuum
1023 2207 1125 2264 locum
1136 2208 1211 2264 verba
1221 2219 1239 2256 o

229 2291 331 2345 literae
342 2297 460 2357 tenent3
474 2287 510 2342 ad
520 2287 704 2344 delectandos
716 2287 841 2360 animos,
855 2301 928 2363 quos
939 2291 1120 2348 elocutionis
1129 2301 1238 2346 ornam:

230 2389 315 2446 quam
329 2365 508 2427 diversorum
526 2372 686 2426 carminum
703 2373 813 2445 copiam
826 2371 863 2428 ad
881 2373 1052 2429 mulcendas
1067 2393 1161 2444 aures,
1185 2385 1238 2446 quot

230 2473 342 2534 organa
355 2455 477 2524 musica,
491 2473 563 2528 quos
578 2456 741 2512 cantilenae
753 2455 852 2512 modos
870 2458 1103 2534 excogitaverit:
1122 2467 1235 2532 quantae

229 2540 364 2614 peritiam
376 2537 588 2594 dimensionum
601 2548 688 2613 atque
702 2555 900 2610 numerorum,
920 2549 1095 2616 meatusque
1107 2551 1132 2597 et
1142 2539 1235 2596 ordre

233 2621 363 2678 siderum
376 2631 483 2698 quanta
497 2623 656 2699 sagacitate
669 2621 933 2696 comprehenderit:
961 2642 1048 2699 quam
1062 2627 1151 2682 mults
1162 2641 1234 2678 retus

230 2705 440 2762 mundanarum
455 2707 624 2783 cognitione
637 2724 668 2760 se
682 2707 860 2780 impleverit,
887 2709 950 2782 quis
963 2710 1059 2782 possit
1073 2709 1174 2785 eloqui,
1192 2723 1234 2760 ιιι

230 2791 309 2844 xime
323 2791 350 2844 si
362 2791 484 2845 velimus
498 2807 557 2844 non
569 2791 729 2846 acervatim
742 2800 847 2846 cuncta
859 2809 1032 2870 congerere,
1050 2793 1104 2848 sed
1116 2795 1145 2848 in
1157 2794 1232 2866 singu

230 2873 265 2928 lis
279 2868 443 2928 immorarii
468 2871 501 2928 ln
520 2873 591 2945 ipsis
606 2883 753 2947 postremo
768 2875 914 2931 erroribus
929 2884 957 2930 et
970 2874 1147 2933 falsitatibus
1158 2874 1231 2930 delen·

230 2954 349 3024 dendis‘,
373 2973 458 3028 quam
474 2973 582 3032 magna
602 2957 763 3014 claruerint
781 2959 901 3035 ingenia
920 2957 1153 3034 philosophorum
1170 2969 1230 3031 onst

230 3036 451 3116 baereticorum,
472 3037 535 3110 quis
556 3041 710 3095 aestimare
728 3038 869 3096 sufficiat?
903 3041 1067 3117 Loquimur
1088 3047 1159 3106 enin
1172 3057 1230 3096 arnt

230 3117 265 3174 de
278 3127 383 3176 notura
396 3121 502 3176 mentis
516 3117 669 3193 humanae,
683 3143 739 3198 qua
752 3127 808 3180 ista
820 3125 881 3180 vita
894 3127 1026 3182 mortalis
1040 3140 1165 3194 ornatur,
1185 3141 1240 3223 corp

230 3201 335 3260 deiide
353 3211 439 3278 atque
457 3205 564 3261 itincre
583 3208 732 3278 veritatis,
756 3226 811 3283 qua
829 3209 879 3264 illa
897 3210 1069 3266 immortalis
1090 3211 1229 3286 acquiritur.

230 3286 323 3346 Huius
337 3297 435 3346 tantae
452 3297 574 3344 naturae
591 3289 725 3346 conditor
744 3311 834 3368 quum
852 3293 892 3347 sit
909 3294 1010 3368 utique
1029 3293 1113 3351 Deus
1128 3299 1239 3352 vermo¹

230 3391 374 3444 summus,
400 3373 462 3446 ipso
477 3382 581 3430 cuncta
600 3391 673 3448 quae
693 3374 764 3431 fecit
776 3375 998 3433 administrante
1011 3388 1044 3434 et
1057 3397 1186 3435 summan
1198 3395 1227 3450 pc

229 3465 363 3512 testatem
381 3474 577 3530 summamque
597 3455 720 3514 habente
739 3459 895 3530 iustitiam,
920 3479 1071 3535 nunquam
1083 3463 1225 3537 protectos

229 3537 281 3595 has
292 3541 423 3596 miserias
434 3538 599 3610 decidisset,
614 3549 699 3615 atque
706 3541 806 3613 erbis,
819 3553 936 3616 praeter
945 3563 994 3600 eos
1004 3548 1081 3602 solos
1092 3549 1138 3621 qui
1148 3547 1222 3602 libere

229 3621 347 3694 buntur,
361 3625 392 3684 in
403 3631 537 3678 aeternas
551 3634 629 3680 esset
643 3620 775 3699 [poenas]
789 3629 877 3697 itura,
891 3629 950 3683 nisi
963 3630 1052 3684 nimis
1065 3631 1170 3707 grande
1180 3645 1219 3702 μ’
1237 3685 1238 3692 ,

229 3712 324 3797 cetum
338 3707 369 3760 in
383 3703 500 3762 homine
513 3708 619 3780 primo,
647 3707 681 3762 de
701 3725 758 3783 quo
773 3711 882 3766 caeteri
895 3714 991 3768 exorti
1005 3723 1096 3783 sunt,
1121 3727 1218 3788 praeco
1237 3697 1238 3747 l

230 3795 334 3840 sisset:

293 3866 352 3924 lam
370 3887 438 3926 vero
456 3872 487 3926 in
505 3872 567 3944 ipso
587 3890 717 3946 corpore,
741 3879 871 3951 quamvis
895 3878 978 3934 nobis
1000 3880 1041 3934 sit
1063 3899 1124 3936 cnm
1145 3877 1217 3934 bellai
