2590 4396
210 214 250 272 90
438 209 539 270 n1v1
559 209 745 269 Avnnnu
768 209 1025 270 AVGVSTlNl

210 363 388 440 funemque
411 361 480 422 hinc
506 373 593 440 etque
615 362 683 419 inde
705 363 861 434 victorias,
886 381 1009 442 magnos
1022 368 1243 444 egerentludos

210 448 384 508 *daemonum
398 457 428 505 et
441 449 551 522 opimas
566 447 666 522 epulas
678 446 850 503 inferorum.
892 445 973 504 Nihil
997 466 1069 506 sane
1089 451 1243 510 miserabi-

211 535 265 591 lius
278 535 372 609 primo
385 533 462 590 belle
477 531 589 588 Punico
601 529 724 603 occidit,
750 549 837 606 quam
862 531 940 607 qued
965 533 1007 588 ite
1020 530 1146 592 Romani
1169 536 1244 593 victi

210 627 292 690 sunt,
318 625 352 673 ut
377 618 466 672 etiem
488 613 620 691 Regulus
646 615 696 670 ille
724 623 893 688 caperetur,
921 616 1002 672 cuius
1015 618 1047 674 in
1061 618 1154 692 primo
1168 619 1243 674 etin

209 703 301 760 altero
326 700 403 756 libro
427 699 607 754 mentionem
631 697 772 770 fecimus,
798 701 845 756 vir
857 701 1081 778 planemagnus
1095 710 1125 757 et
1146 703 1243 758 victor

209 793 296 842 antea
320 781 504 856 domitorque
517 779 699 840 Poenorum:
725 783 777 858 qni
791 785 879 840 ctiam
891 785 986 860 ipsum
997 786 1123 859 primum
1135 785 1242 842 bellum

210 867 351 924 Punicum
376 863 572 938 confecisset,
598 867 658 923 nisi
683 867 824 924 aviditate
850 869 940 924 nimio
962 868 1056 924 lendis
1083 877 1113 924 ct
1131 869 1243 947 gloriae

208 949 339 1006 duriores
354 947 558 1020 conditiones,
573 968 659 1026 quam
672 950 750 1006 ferre
765 960 901 1026 possent,
915 950 1001 1006 fessis
1016 949 1242 1030 Carthaginien-

209 1033 288 1089 sibus
301 1034 484 1108 imperasset.
527 1031 609 1090 lllius
624 1035 682 1092 viri
701 1043 731 1090 et
757 1036 910 1109 captivitas
937 1035 1187 1108 inopinatissima,
1212 1043 1245 1092 et

208 1117 333 1174 servitus
347 1116 570 1195 indignissima,
598 1127 629 1175 et
653 1119 762 1175 iuratio
787 1117 972 1190 fidelissima,
999 1127 1122 1174 etmors
1137 1118 1243 1176 crode-

208 1201 318 1258 lissime
343 1201 371 1257 si
390 1200 459 1259 deos
472 1204 538 1260 illos
564 1221 625 1259 non
648 1204 728 1281 cogit
753 1202 942 1273 erubescere,
967 1217 1071 1258 verum
1097 1212 1143 1258 cst
1167 1198 1244 1279 quod

208 1287 385 1359 sarcierint,
413 1296 443 1343 ct
460 1305 521 1344 non
538 1283 648 1343 hebent
664 1287 849 1363 sanguinem.

269 1368 333 1426 Nec
345 1372 421 1426 mola
433 1373 484 1428 illo
498 1380 629 1446 tempere
642 1371 818 1449 gravissime
841 1371 920 1424 intra
944 1369 1060 1425 nroenie
1075 1367 1245 1426 debuerunt.

208 1451 283 1512 Nem
296 1454 464 1510 exundante
478 1456 566 1510 nimis
580 1457 658 1510 ultra
670 1472 782 1510 morem
794 1450 886 1510 fluvio
898 1450 1039 1509 Tiberino
1058 1471 1135 1526 pene
1146 1454 1246 1510 omnia

208 1537 289 1594 urbis
313 1538 403 1609 pleno
415 1537 555 1593 subverse
569 1546 654 1592 sunt:
682 1538 748 1592 aliis
763 1538 874 1609 impetu
887 1537 971 1612 quasi
983 1536 1127 1592 torrentis
1139 1535 1245 1610 impul-

208 1623 265 1692 sis,
291 1620 356 1674 eliis
382 1621 464 1676 velut
490 1630 597 1698 stagno
623 1619 762 1676 diuturno
788 1619 959 1675 madefactis
984 1627 1072 1694 atquc
1092 1618 1242 1694 sublapsis.

208 1703 298 1760 letam
310 1703 417 1758 deinde
427 1712 540 1778 pestenr
553 1703 841 1782 ignis'pernieiosior
854 1703 1026 1760 subsecutus
1041 1713 1102 1776 est,
1117 1703 1166 1778 qui
1179 1719 1244 1758 eor-

209 1789 299 1862 reptis
314 1787 393 1842 circo
405 1785 503 1843 forum
517 1787 681 1862 quibusque
695 1787 886 1858 celsioribus,
913 1789 1002 1844 etiem
1014 1789 1124 1862 templo
1138 1783 1243 1842 Vestae

208 1889 261 1928 suo
274 1869 503 1926 familiarissime
518 1889 578 1927 non
590 1871 738 1945 pepercit,
761 1871 813 1927 ubi
826 1872 854 1926 ei
867 1871 960 1928 veluti
971 1870 1064 1926 vitem
1076 1878 1245 1945 perpetuam

208 1952 434 2032 diligentissima
445 1953 654 2011 substitutione
666 1956 832 2031 lignorum,
846 1972 906 2010 non
916 1963 977 2010 tarn
986 1951 1147 2010 honoratae
1160 1971 1244 2027 quern

209 2036 361 2095 damnatae
374 2038 506 2114 virgines
522 2037 632 2093 donare
645 2046 871 2094 consueverant.
896 2035 981 2093 Tunc
994 2055 1066 2092 vero
1081 2038 1141 2092 illic
1154 2037 1244 2112 ignis,

209 2139 268 2178 non
281 2128 396 2176 tantum
408 2121 540 2191 vivebat,
568 2120 619 2176 sed
646 2121 735 2176 ctiam
760 2119 917 2177 saeviebat.
961 2119 1051 2177 Cuius
1064 2121 1174 2195 impetu
1191 2137 1244 2175 cx·

208 2204 330 2261 territae
343 2204 495 2280 virgines,
522 2221 606 2260 sacra
619 2205 670 2260 illa
683 2203 803 2274 fatalia,
830 2205 976 2278 quceiam
991 2211 1069 2275 tres,
1094 2203 1244 2278 inquibus

209 2287 341 2356 fucrant,
366 2294 539 2360 presserant
566 2289 723 2358 civitates,
747 2305 815 2344 cunr
835 2287 870 2343 eb
883 2288 934 2343 illo
959 2287 1097 2343 incendio
1121 2285 1245 2342 liberere

209 2387 269 2430 non
281 2377 419 2444 possent,
443 2367 580 2426 Metellus
593 2371 729 2446 pontifex
743 2388 813 2428 suae
826 2369 1036 2446 quodammodo
1055 2370 1157 2426 salutis
1171 2370 1244 2426 obli-

208 2461 256 2510 tus
270 2453 387 2510 irruens
403 2471 439 2509 ee
457 2455 676 2511 semiustulatus
702 2455 838 2529 abripuit.
881 2452 984 2528 Neque
997 2455 1076 2509 enim
1089 2454 1137 2510 vel
1151 2455 1246 2527 ipsum

208 2537 288 2616 ignis
300 2537 439 2614 ognovit:
466 2546 518 2594 eut
529 2555 601 2594 vero
615 2545 679 2594 eret
691 2539 733 2595 ibi
745 2556 872 2608 numen,
898 2535 976 2612 quod
1001 2555 1061 2594 non
1088 2539 1192 2608 etiem,
1220 2539 1247 2593 si

207 2619 331 2692 fuisset,
359 2619 496 2698 fugisset.
540 2618 636 2677 Homo
661 2621 754 2699 igitur
777 2621 875 2695 potins
901 2621 995 2676 sacris
1008 2619 1132 2694 Vestae,
1158 2637 1247 2695 quem

207 2705 259 2762 illa
269 2702 382 2760 hornini
394 2703 535 2778 prodesse
545 2713 716 2778 penserunt.
748 2701 784 2761 Si
797 2713 897 2760 entem
909 2722 926 2760 a
940 2721 971 2759 sc
984 2705 1056 2780 ipsis
1070 2705 1170 2782 ignem
1183 2721 1246 2760 non

208 2787 404 2862 repellebent;
431 2788 597 2859 civitatem,
625 2789 708 2844 cuius
722 2789 849 2844 salutem
859 2789 939 2843 tueri
954 2788 1149 2862 putabantur,
1175 2787 1247 2862 quid

209 2879 312 2927 contre
323 2871 389 2926 illes
404 2887 494 2944 eques
507 2868 695 2947 flammasque
716 2879 854 2946 poterant
868 2867 1027 2928 adiuveref
1053 2872 1130 2926 sicut
1155 2871 1247 2928 etiem

207 2971 256 3012 res
269 2953 335 3028 ipsa
345 2950 420 3008 nihil
434 2972 468 3010 ee
479 2971 600 3028 prorsus
619 2957 753 3030 petuisse
764 2953 914 3030 patefecit.
957 2952 1040 3012 Haec
1052 2955 1118 3010 istis
1132 2970 1246 3028 neque·

207 3053 294 3114 quum
307 3035 506 3093 obiicerentur
518 3055 536 3094 a
549 3038 652 3109 nobis,
678 3040 704 3095 si
716 3040 769 3094 illa
780 3055 864 3094 sacre
877 3037 1028 3110 dicerent,
1053 3055 1114 3095 non
1126 3037 1245 3094 tuendis

206 3117 253 3176 liis
265 3119 353 3176 bonis
365 3121 572 3195 temporalibus
585 3123 738 3194 institute,
759 3122 811 3178 sed
825 3121 1029 3199 significandis
1042 3123 1189 3193 aeternis3
1215 3130 1247 3178 et

206 3203 288 3275 ideo,
316 3222 383 3260 eum
396 3221 431 3259 ee
445 3204 521 3279 quod
535 3205 699 3279 corporalis
710 3207 898 3281 visibiliaque
917 3215 1035 3277 essent,
1060 3206 1157 3280 perire
1172 3223 1245 3261 con-

206 3289 353 3366 tingeret,
370 3286 444 3344 nihil
456 3287 502 3344 his
516 3289 602 3345 rebus
616 3291 727 3362 minui,
746 3298 868 3364 propter
879 3307 952 3365 quas
965 3289 1084 3346 fucrant
1096 3290 1246 3358 institute,

206 3380 237 3429 et
248 3380 335 3448 posse
349 3371 387 3428 ed
400 3371 518 3428 eosdem
531 3389 602 3429 usus
622 3372 720 3429 denuo
731 3375 870 3448 seperari.
914 3371 1001 3430 Nunc
1013 3391 1086 3430 vcro
1101 3373 1247 3429 coecitate

205 3455 347 3528 mirabili,
374 3456 417 3510 eis
431 3456 524 3511 sacris
538 3473 613 3531 qnae
625 3459 723 3532 perire
735 3459 866 3532 possint,
893 3454 960 3512 ficri
984 3458 1116 3530 potuisse
1141 3456 1246 3512 existi·

206 3548 302 3608 mant,
328 3548 363 3595 ut
376 3540 455 3594 salus
467 3547 587 3595 terrene
602 3549 632 3596 et
644 3543 814 3615 temporalis
841 3540 970 3595 felicitas
995 3541 1126 3596 civitatis
1148 3540 1247 3614 perire

208 3639 266 3678 non
279 3631 389 3696 posset.
431 3621 563 3679 Proinde
575 3641 642 3678 cum
660 3625 721 3680 illis
735 3625 824 3681 etiarn
849 3624 1035 3680 manentibus
1063 3625 1173 3694 sacris,
1200 3624 1248 3679 vel

207 3706 308 3760 salutis
322 3707 479 3777 contritio,
504 3708 553 3762 vcl
574 3705 737 3763 infelicitas
761 3708 884 3763 irruisse
908 3715 1106 3778 monstratur,
1132 3715 1249 3762 mutare

206 3789 400 3861 sententiam,
428 3805 516 3866 quani
527 3788 685 3847 defendere
699 3799 864 3866 nequeunt,
892 3791 1078 3848 erubeseunt.
