2586 4396
247 207 286 262 60
471 193 573 253 DlVl
601 191 785 251 AVRELll
805 187 1057 249 AVGVSTlNl

245 373 324 413 mero
337 349 451 408 socialis
465 345 664 422 propinquitas
678 352 844 423 augeretur.
872 341 931 402 Sed
943 340 998 397 hoc
1010 340 1086 398 uude
1099 339 1182 401 fieret
1194 351 1257 399 tune

245 457 304 496 non
318 443 396 505 erat,
424 430 539 507 quando
553 431 612 487 nisi
624 429 728 486 osca
742 437 772 487 et
789 445 905 486 sorores
918 443 955 482 ex
969 425 1027 480 illis
1041 422 1150 481 duobus
1161 427 1258 501 primis

245 521 317 579 nulli
328 514 461 573 homines
475 522 566 570 erant.
600 512 681 570 Fieri
693 530 764 592 ergo
777 511 876 568 debuit
886 509 1003 586 quando
1015 509 1119 584 potnit,
1136 517 1169 564 ιιι
1182 513 1260 566 exsi-

243 610 339 663 stente
352 601 434 674 copia
447 596 515 655 inde
528 595 703 653 ducerentur
715 613 836 668 uxores,
853 613 928 671 quae
941 611 1002 650 non
1015 601 1099 650 erant
1109 593 1163 648 iam
1175 611 1260 650 soro·

243 702 307 758 res3
321 694 350 741 et
362 702 421 740 non
436 683 528 738 solum
543 678 622 736 istud
634 689 668 736 ut
680 677 777 752 fieret,
790 681 871 736 nulla
883 677 1044 736 necessitas
1058 685 1261 747 esset,reru1n

245 772 331 828 etiarn
344 769 370 823 si
383 767 476 836 fieret,
491 765 572 824 nefas
587 771 673 820 esset.
700 762 777 820 Nam
790 764 816 819 si
828 772 858 820 et
870 770 989 839 nepotes
1002 761 1161 838 primorum
1171 758 1261 816 bomi-

245 873 329 924 num,
352 852 402 926 qui
416 853 473 906 iam
487 847 676 905 consobrinas
689 855 825 922 poteraut
835 848 966 922 accipere
979 846 1136 924 coniuges,
1158 846 1259 901 sorori·
1274 881 1276 890 ι

243 938 296 995 bus
309 933 493 992 matrimonio
506 934 713 1010 iungerentur3
732 950 793 989 non
805 931 864 988 iam
876 931 958 1001 duae,
972 927 1023 986 sed
1033 938 1094 986 tres
1107 930 1139 985 in
1151 925 1260 986 homins

244 1039 303 1078 uuo
319 1015 548 1076 necessitudines
562 1015 676 1086 fierent,
690 1033 764 1091 quae
776 1023 893 1091 propter
905 1015 1056 1072 caritatem
1068 1014 1261 1070 numerosiore

245 1098 666 1181 propinquitatenccteudam,
692 1099 875 1156 disseminari
898 1117 950 1174 per
977 1097 1110 1177 singulos
1135 1097 1261 1175 singulas

247 1188 415 1245 debuerunt.
434 1183 521 1241 Esset
534 1185 610 1240 enim
624 1200 698 1239 unus
710 1181 794 1240 homo
807 1183 876 1240 filiis
890 1183 949 1238 suis
962 1181 1048 1238 fratri
1060 1181 1168 1237 scilicet
1181 1197 1262 1236 soro·

246 1273 329 1346 rique
349 1269 537 1347 coniugibus,
561 1277 590 1323 et
607 1275 690 1342 pater
708 1276 737 1323 et
753 1286 836 1325 socer
851 1277 881 1323 et
898 1267 1072 1324 avunculus:
1097 1265 1135 1320 its
1147 1271 1176 1318 et
1187 1280 1263 1319 uxor

247 1357 326 1425 eius,
353 1340 457 1409 iisdein
479 1350 676 1408 communibus
700 1349 769 1407 filiis
792 1361 822 1407 et
843 1359 935 1408 muter
953 1358 983 1406 et
999 1349 1087 1405 amita
1107 1357 1135 1404 ct
1151 1363 1263 1404 socrus:

247 1438 390 1511 iidemque
408 1437 484 1492 inter
498 1453 529 1492 se
541 1434 596 1490 filii
609 1453 723 1506 eorum,
749 1453 808 1492 non
822 1437 914 1492 solum
928 1431 1158 1502 assensiones,
1183 1439 1263 1506 atque

248 1523 399 1596 coniuges,
411 1537 512 1574 rerum
525 1519 611 1574 ctiam
625 1517 805 1591 consebrini3
820 1519 886 1594 quia
899 1527 930 1574 et
942 1517 1065 1574 fratrom
1078 1515 1140 1572 lilii.
1160 1513 1263 1572 Omnes

248 1613 343 1661 autem
355 1603 429 1657 istae
443 1600 689 1672 necessitudines,
709 1591 784 1676 quae
796 1603 848 1658 uui
859 1599 970 1658 homini
982 1609 1042 1657 tres
1054 1598 1186 1656 homines
1201 1616 1263 1656 con·

240 1685 420 1757 montebono,
438 1702 545 1741 novem
558 1693 782 1757 connecterent,
797 1687 822 1741 si
836 1695 933 1742 essent
945 1686 977 1741 in
990 1685 1113 1764 singulis
1127 1683 1262 1762 ninguine,

247 1779 282 1826 ut
293 1785 369 1824 unus
383 1765 466 1822 bomo
479 1764 599 1822 haberet
612 1769 734 1824 alteram
747 1785 885 1840 sororem,
905 1771 1025 1826 alteram
1036 1785 1171 1840 uxorem,
1197 1766 1262 1822 alte·

246 1871 309 1910 rans
322 1848 533 1922 consobrinam,
546 1851 669 1906 alterum
679 1859 801 1926 patrem,
814 1853 938 1909 alterum
950 1852 1136 1923 avunculum,
1149 1852 1265 1906 alterum

248 1953 390 2006 socerum,
402 1934 524 1991 alteram
535 1929 668 2005 matrem,
680 1935 802 1995 alteram
813 1937 940 2005 amitam,
953 1937 1075 1992 alteram
1087 1950 1210 1991 socrum:
1223 1942 1264 1988 at·

249 2037 305 2095 que
317 2019 359 2075 ita
372 2036 404 2074 se
415 2035 475 2075 non
488 2019 520 2074 in
533 2019 678 2092 paucitate
692 2027 887 2096 coarctatum,
907 2018 957 2076 sed
970 2019 1058 2076 latius
1072 2027 1158 2093 atque
1169 2035 1265 2076 nume-

247 2104 341 2160 rosius
354 2101 617 2177 propinquitatibus
630 2100 739 2158 crebris
752 2103 901 2160 vinculum
913 2103 1019 2160 sociale
1031 2098 1214 2158 diffirnderet.

310 2185 393 2254 Quod
405 2183 530 2242 humano
543 2203 652 2263 genere
666 2195 816 2244 crescente
829 2195 860 2244 ot
876 2187 1080 2262 multiplicato,
1094 2186 1184 2242 etism
1195 2186 1265 2241 inter

248 2271 351 2344 impios
372 2268 490 2325 deorum
512 2270 668 2326 multorum
688 2267 881 2346 falsorumque
907 2272 1033 2328 cultores
1054 2269 1098 2326 sic
1121 2267 1265 2326 observari

249 2354 407 2423 cernimus,
430 2360 463 2408 ut
480 2353 594 2407 etiamsi
611 2353 756 2426 perversis
778 2353 894 2432 legibus
916 2354 1119 2430 permittentur
1143 2351 1266 2410 heterna

249 2437 394 2514 coniugia,
408 2444 438 2491 et
449 2436 552 2492 melior
564 2445 661 2492 tamen
675 2435 854 2494 consuetudo
867 2439 958 2514 ipsam
969 2437 1048 2494 molit
1059 2433 1223 2494 exhorrere
1234 2436 1265 2490 li·

249 2521 389 2592 eentiam3
414 2528 445 2576 et
461 2537 526 2575 cum
543 2537 659 2576 sorores
676 2520 808 2595 accipere
825 2522 857 2577 in
874 2520 1089 2578 matrimonium
1101 2521 1208 2594 primis
1219 2519 1266 2576 hu·

247 2605 327 2660 mani
340 2604 456 2682 generis
469 2602 644 2678 temporibus
659 2604 777 2661 omniuo
790 2605 919 2676 licuerit,
946 2606 987 2662 sic
999 2612 1169 2675 aversetur,
1191 2602 1267 2680 quasi

246 2705 395 2762 nunquam
412 2687 501 2744 licere
517 2687 652 2762 potuerit.
694 2686 738 2745 hd
755 2685 912 2746 humanum
926 2689 1003 2746 eninr
1015 2705 1134 2744 sensum
1146 2690 1196 2744 rel
1210 2685 1267 2743 alli-

246 2769 391 2842 ciendum,
403 2771 451 2826 rel
464 2767 666 2828 offendendum
677 2787 741 2828 mos
753 2773 832 2829 valet
842 2773 1005 2848 plurimum.
1024 2772 1083 2840 Qui
1095 2790 1163 2828 cum
1176 2772 1209 2828 in
1221 2768 1270 2824 hae

245 2871 332 2909 causa
344 2850 612 2908 immoderationem
629 2855 882 2930 concupiscentiae
893 2860 1034 2927 coerceat,
1047 2873 1112 2911 eum
1125 2854 1270 2932 dissigna-

245 2938 271 2991 ri
287 2931 457 3013 [designari]
476 2943 563 3010 atque
581 2939 727 3014 corrumpi
743 2939 847 2996 merito
870 2957 934 2996 esse
950 2938 1093 2996 nefarium
1115 2936 1270 2994 iudicatur.

246 3017 280 3075 Si
299 3019 377 3073 eninr
394 3017 528 3093 iniquum
547 3026 606 3091 est,
630 3020 768 3078 aviditate
784 3021 952 3097 possidendi
968 3019 1131 3101 transgredi
1144 3018 1271 3074 limitem

246 3119 400 3180 agrorum,
423 3109 532 3176 quanto
546 3111 592 3158 est
603 3103 733 3181 iniquius
745 3105 865 3162 libidine
879 3106 1089 3164 concumbendi
1100 3103 1271 3162 subvertere

245 3185 367 3242 limitem
379 3180 510 3242 moruml
534 3183 659 3260 Experti
678 3197 775 3246 autern
788 3207 887 3246 sumus
908 3191 940 3246 in
953 3189 1104 3248 connubiis
1119 3185 1271 3246 consobri-

246 3287 351 3327 norum
363 3269 450 3326 etiem
463 3270 572 3326 nostris
587 3273 765 3344 temporibus
782 3281 898 3348 propter
911 3272 1032 3352 gradum
1044 3269 1271 3348 propinquitatis

244 3352 374 3410 fraterno
387 3351 492 3432 gradui
503 3355 684 3428 proximum,
711 3373 796 3432 quam
809 3374 877 3413 raro
888 3376 941 3433 per
953 3375 1047 3414 mores
1064 3355 1170 3426 fiebat,
1196 3350 1270 3430 qnod

244 3437 309 3494 lieri
321 3437 466 3516 perleges
480 3437 599 3509 licebat3
615 3439 682 3512 quia
695 3437 725 3496 id
738 3458 792 3496 neo
805 3437 903 3498 urina
917 3439 1081 3515 probibuit,
1100 3448 1134 3496 et
1144 3436 1271 3496 nondun

243 3519 430 3594 prohibuerat
447 3519 496 3576 lex
518 3518 653 3576 humana.
678 3519 883 3580 Verumtamen
904 3523 1018 3583 factum·
1037 3524 1127 3580 ctiam
1148 3523 1272 3588 licitum,

244 3611 364 3678 propter
375 3604 556 3660 vicinitatem
569 3602 740 3662 horrebatur
753 3607 864 3680 illiciti3
886 3617 916 3663 et
928 3607 1005 3685 quod
1017 3605 1105 3663 fiebat
1118 3625 1190 3664 eum
1204 3621 1271 3660 oon·

246 3684 380 3756 sobrina,
400 3704 474 3763 pene
493 3705 558 3742 cunr
573 3705 672 3743 sorore
684 3687 750 3745 fieri
761 3689 929 3748 ridebatur:
956 3692 1023 3767 quis
1036 3699 1065 3746 et
1075 3689 1134 3764 ipsi
1148 3691 1232 3746 inter
1246 3701 1273 3738 rt

244 3775 363 3840 propter
373 3777 433 3824 tam
445 3770 636 3845 propinquam
648 3774 931 3852 consanguinitatem
944 3775 1048 3832 fratres
1061 3782 1228 3840 vocantur,
1249 3775 1274 3822 ἃ

244 3863 318 3920 pene
332 3853 462 3925 germani
476 3861 551 3910 sunt.
574 3851 643 3910 Fuit
654 3866 752 3914 antem
765 3858 894 3933 antiquis
907 3857 1035 3933 patribus
1048 3856 1212 3934 religiosae
1226 3870 1273 3910 cu·
