2592 4396
234 190 293 249 DE
322 189 536 248 ClVlTATE
563 191 643 256 DEI
669 190 748 249 LIB.
774 193 869 252 Xlll.
1011 197 1072 256 eet

43 343 194 426 [homini]
213 343 297 401 Deus
320 343 405 414 fecit,
430 342 482 400 sed
502 346 605 401 merito
617 343 759 402 inflictam
771 364 835 402 esse
847 348 975 422 peccetis
1001 367 1073 428 quo·

43 435 122 491 niam
135 437 293 505 peecatum
306 426 458 484 vindicans
473 427 571 499 Deus,
585 426 661 484 dixit
672 427 799 502 homini,
812 431 844 487 in
859 449 916 506 quo
930 439 998 490 tuuc
1012 451 1073 493 om·

43 536 93 574 nes
107 531 243 584 eramus,
272 509 368 570 Terre
382 527 429 580 ιι,
444 521 473 569 et
486 513 516 568 in
531 522 644 570 terrem
658 513 722 570 ibis.

426 677 547 736 CAP.
589 678 693 737 XVl.

42 782 84 834 De
91 777 275 850 philosoplis,
294 776 340 844 qui
354 775 460 829 animae
476 777 674 846 separationem
688 795 705 830 o
721 777 894 848 corpore'non
906 788 1074 850 potestesse

38 854 193 921 poenalem,
211 864 270 900 cam
281 846 364 899 Plato
378 845 491 900 inducat
506 864 634 902 summum
648 849 724 902 deum
740 849 791 903 diis
806 850 952 904 minoribus
962 851 1076 920 promit·

208 925 321 992 tentem,
337 915 407 984 qnod
414 933 549 987 nunquam
558 918 614 972 siret
623 919 778 988 corporibus
787 921 909 974 exuendi.

103 1024 165 1084 Sed
176 1022 355 1100 philosophi,
374 1034 476 1082 contre
489 1043 612 1101 quorum
626 1028 785 1084 calumnias
800 1027 981 1086 defendimus
996 1028 1075 1087 Ciri-

46 1121 134 1169 tatem
147 1108 220 1178 Dei,
234 1106 289 1165 hoo
302 1117 362 1179 est,
376 1111 439 1166 eius
452 1109 629 1182 Ecclesiam,
655 1113 802 1186 sapienter
817 1112 873 1168 sibi
885 1111 1022 1171 videntur
1035 1115 1075 1169 ir-

46 1196 141 1252 ridere
155 1191 235 1269 quod
249 1192 383 1286 dicimus,
398 1195 512 1250 animae
525 1212 543 1250 a
557 1213 678 1269 corpore
691 1197 905 1269 separationem
916 1197 995 1252 inter
1007 1215 1076 1270 poe-

46 1298 99 1337 nas
113 1280 177 1334 eius
192 1295 257 1333 esse
277 1277 482 1352 deputandam:
510 1279 577 1352 quie
589 1277 726 1335 videlicet
739 1279 802 1334 eius
815 1277 973 1354 perfectam
984 1279 1077 1335 beati-

46 1363 177 1420 tudinem
189 1371 262 1418 tunc
274 1362 319 1417 illi
336 1360 403 1417 fieri
422 1363 608 1434 existiment,
635 1380 700 1418 oum
720 1363 799 1419 omni
817 1379 938 1437 prorsus
958 1379 1077 1436 corpore

47 1456 139 1504 exuta
152 1444 185 1502 ed
199 1445 297 1503 Deum
309 1447 432 1520 simplex
446 1455 475 1501 et
488 1447 550 1502 sola
564 1455 594 1502 et
611 1446 737 1521 quodam
756 1445 841 1502 modo
856 1446 934 1502 nude
946 1444 1077 1502 redierit.

45 1532 102 1588 Vbi
115 1531 143 1586 si
155 1528 245 1602 nihil,
259 1547 318 1604 quo
332 1530 390 1585 ista
401 1529 586 1586 refelleretur
599 1531 714 1604 opinio,
727 1531 760 1586 in
773 1549 873 1586 eorum
885 1531 979 1587 literis
992 1531 1077 1586 inve-

45 1618 158 1686 nirem,
182 1613 333 1688 operosius
347 1612 419 1670 mihi
431 1612 634 1689 disputandum
648 1623 741 1686 erret,
767 1633 823 1690 qno
838 1613 1076 1686 demonstrarem,

45 1719 107 1757 non
130 1716 234 1772 eorpus
259 1715 323 1753 esse
344 1699 473 1770 anirnae,
500 1697 551 1753 sed
574 1699 760 1772 corruptibile
784 1717 887 1772 corpus
910 1716 1075 1754 onerosum.

48 1781 128 1840 Vnde
141 1781 215 1838 illud
228 1780 362 1856 estquod
375 1781 410 1837 de
419 1780 578 1857 Scripturis
591 1784 699 1838 nostris
708 1783 741 1838 in
754 1782 984 1857 superiorilibro
998 1801 1076 1838 com·

45 1866 284 1936 memoravimus,
314 1863 427 1942 Corpus
450 1868 524 1924 enim
546 1865 739 1943 corruptibile
763 1875 916 1943 aggravat
939 1867 1075 1926 animoso·

45 1949 186 2009 hddendo
210 1951 311 2024 utique
332 1949 538 2027 corruptibile,
565 1968 625 2006 non
646 1951 841 2025 qrrnlicunque
861 1967 999 2025 corpore,
1025 1947 1077 2006 sed

45 2037 130 2112 quale
143 2033 256 2090 factum
269 2051 307 2088 ex
319 2042 436 2107 peccato
450 2042 645 2108 consequente
657 2035 804 2104 vindicta,
832 2034 958 2088 animam
979 2031 1076 2107 perhi-

44 2121 108 2176 buit
120 2117 289 2196 aggravari.
320 2115 403 2182 Quod
416 2118 530 2174 etiamsi
543 2135 603 2174 non
617 2115 790 2188 addidisset,
810 2115 884 2172 nihil
896 2115 975 2171 alind
988 2117 1074 2172 intel·

44 2207 137 2282 ligere
158 2201 337 2258 deberemus.
382 2198 441 2257 Sed
460 2219 524 2257 eum
540 2201 722 2274 apertissime
740 2199 824 2256 Plato
843 2199 912 2256 deos
931 2217 949 2255 a
965 2215 1075 2256 summo

45 2287 109 2344 Deo
121 2287 218 2344 factos
232 2283 338 2342 habere
351 2285 525 2340 immortalia
539 2303 662 2360 corpora
677 2283 842 2360 praedicet,
870 2285 969 2359 eisque
982 2284 1076 2357 ipsum

45 2371 156 2443 Deum,
170 2389 189 2426 e
203 2387 261 2444 quo
272 2368 343 2426 fecti
357 2378 440 2440 sunt,
459 2369 578 2426 inducat
591 2388 642 2444 pro
655 2387 763 2446 magno
778 2367 921 2424 beneficio
933 2369 1075 2443 pollicen-

45 2467 117 2528 tem,
145 2453 224 2530 quod
236 2455 268 2510 in
281 2463 432 2510 oeternum
446 2471 511 2509 curn
526 2455 588 2508 suis
602 2453 769 2528 corporibus
783 2452 1007 2524 permanebunt,
1021 2469 1076 2507 nee

46 2541 135 2596 abeis
149 2541 212 2596 ulla
227 2546 320 2594 morte
330 2538 495 2594 solventur:
522 2534 593 2610 quid
609 2545 653 2591 est
666 2535 742 2610 qnod
754 2536 805 2590 isti
818 2534 857 2589 ad
871 2533 1077 2610 exagitandam

46 2623 243 2681 Christianam
256 2621 340 2678 fidem
352 2621 470 2698 fingunt
484 2637 515 2674 se
526 2619 660 2689 nescire,
687 2617 765 2692 quod
784 2618 891 2687 sciunt3
917 2624 969 2672 eut
990 2617 1077 2673 etiam

45 2710 100 2765 sibi
112 2715 315 2785 repugnantes
328 2705 483 2762 adversum
502 2721 533 2758 se
547 2704 625 2777 ipsos
639 2703 753 2758 malunt
767 2699 880 2771 dicere,
907 2699 974 2754 dum
993 2699 1076 2755 nohis

45 2810 108 2848 non
131 2791 269 2847 desinant
290 2782 509 2846 contradicerel
536 2785 647 2861 Nempe
659 2784 792 2842 Platonis
805 2783 877 2840 haec
890 2783 979 2840 rerba
997 2791 1077 2852 sunt,

45 2877 127 2931 sicut
149 2893 181 2930 ee
198 2873 302 2931 Cicero
324 2875 356 2929 in
379 2872 516 2929 lentinum
538 2872 641 2942 vertit,
669 2869 772 2946 quibus
798 2867 913 2925 inducit
934 2885 1077 2924 summum

45 2958 144 3017 Deum
157 2958 225 3014 deos
240 2974 312 3032 quos
325 2957 397 3012 lecit
409 2957 605 3030 alloquentem
618 2963 648 3010 et
660 2954 821 3011 dicentem:
847 2949 928 3024 „Vos
942 2953 993 3027 qui
1007 2950 1076 3007 deo-

46 3063 134 3115 „rum
157 3051 224 3098 satu
247 3041 305 3096 orti
328 3041 415 3110 estis,
441 3041 583 3098 attendite
601 3045 722 3115 qnorum
741 3056 860 3114 operum
880 3055 950 3115 ergo
970 3053 1076 3110 perena

46 3124 249 3200 „effectorque
271 3142 342 3180 sum.
386 3121 465 3178 Haeo
484 3133 553 3181 sunt
572 3123 787 3180 indissolubilia
804 3135 855 3178 me
868 3123 961 3178 invito
986 3117 1077 3194 [nutu

45 3209 162 3288 „meo]:
190 3225 356 3284 quanquam
379 3225 465 3262 omne
488 3209 657 3284 colligatum
679 3208 753 3264 solvi
775 3214 880 3280 potest.
924 3203 983 3260 Sed
1000 3201 1078 3260 haud

47 3313 215 3371 „quaquam
228 3291 297 3348 boni
311 3285 440 3368 [honum]
461 3300 523 3363 est,
549 3291 663 3346 ratione
676 3291 807 3347 vinetum
820 3287 980 3344 dissolvere
993 3288 1077 3344 velle.

45 3377 123 3448 „Sed
137 3377 279 3454 quoniam
292 3375 362 3432 estis
376 3375 448 3446 orti,
475 3375 651 3430 immortales
666 3391 718 3430 vos
732 3369 847 3446 quidem
860 3389 924 3426 esse
938 3378 968 3424 et
986 3368 1077 3426 indis-

45 3465 206 3534 „solubilts
225 3479 286 3516 non
303 3460 438 3532 potestis:
464 3458 648 3533 nequaquem
662 3450 891 3532 [necunquam]
907 3461 1005 3508 tamen
1020 3449 1078 3504 dis-

45 3545 240 3617 ,‚solvemini,
255 3561 351 3618 neque
363 3560 416 3600 ros
429 3543 489 3597 ulla
501 3543 602 3598 mortis
617 3541 677 3596 feta
689 3539 844 3614 periment,
858 3553 912 3590 nec
926 3541 1014 3588 erunt
1026 3550 1078 3588 ve-

46 3633 195 3701 ‚,lentiora
215 3644 303 3702 quem
323 3627 477 3683 consilium
494 3643 603 3696 meum,
630 3623 707 3700 quod
719 3621 810 3677 meins
826 3627 870 3674 est
882 3617 1030 3674 vinculum
1044 3615 1079 3672 ad

45 3713 297 3790 „perpetuitatem
309 3720 454 3780 vestram,
481 3726 566 3784 quam
579 3710 628 3764 illo
642 3707 743 3782 quibus
758 3704 844 3772 estis,
870 3711 940 3758 tunc
953 3717 1018 3756 eum
1032 3699 1078 3777 gi-

44 3797 257 3877 ‚,gnebamini,
271 3793 434 3872 colligati.“
477 3792 554 3849 Ecce
567 3792 635 3848 deos
646 3791 728 3848 Plato
743 3787 815 3844 dicit
828 3795 858 3842 et
871 3783 1000 3860 eorporis
1014 3783 1077 3840 ani-

45 3899 166 3960 maeque
180 3879 373 3956 eolligatione
393 3878 543 3951 mortales,
571 3886 600 3932 et
618 3886 714 3932 tannen
735 3871 910 3960 immortales
924 3866 979 3926 Dei
994 3887 1010 3926 a
1023 3885 1085 3945 (pm¹
