2586 4396
243 201 281 256 42
472 185 569 247 DlVl
595 181 779 241 AVRELll
800 181 1050 240 AVGVSTlNl

242 341 559 418 Nonhobebitdenique
568 340 654 394 ictam
663 337 885 413 possessionem,
897 337 948 410 qui
958 353 1021 390 cam
1028 336 1260 398 noluerithebcie
1275 333 1276 396 l

244 441 438 498 communem3
462 434 492 482 et
504 432 585 482 tento
600 439 664 478 cam
675 422 802 497 reperiet
815 421 997 494 ampliorem,
1023 431 1130 495 quanto
1146 427 1276 499 emplius*

242 517 284 573 ibi
296 513 422 590 potuerit
435 528 531 568 amere
546 515 722 564 consortem.
758 503 832 561 lllud
851 505 942 582 igitur
960 501 1037 578 quod
1056 506 1132 562 inter
1142 505 1262 565 Remum

243 609 273 656 et
282 596 434 656 Romulum
445 602 578 650 exortum
591 599 645 661 est,
660 587 899 666 quemadmodum
909 586 1047 644 adversus
1060 607 1092 644 sc
1105 591 1190 664 ionem
1203 601 1261 648 ter-

241 701 314 741 rene
327 679 437 738 Civitas
451 677 606 745 dividatur,
621 673 763 730 ostendit:
777 671 852 750 quod
865 680 960 728 eutem
973 673 1050 728 inter
1063 671 1135 730 Cain
1149 685 1175 731 et
1183 675 1262 747 Abel,

242 769 320 824 inter
333 764 404 819 duos
418 764 496 837 ipses
510 758 660 829 Civitates,
674 757 731 815 Dei
744 766 774 814 et
785 755 949 828 hominum,
967 757 1135 816 inimicitiae
1149 759 1262 816 demon·

243 851 356 908 stravit.
378 845 517 923 Pugnant
528 863 598 921 ergo
611 844 689 900 inter
702 861 734 898 se
746 843 815 898 meli
828 851 857 898 et
869 841 945 898 mali.
959 839 1032 898 Item
1043 853 1177 921 pugnent
1190 845 1261 902 inter

243 953 274 990 se
293 932 362 988 boni
382 938 411 984 et
427 930 504 986 moli.
538 927 612 984 Boni
631 945 698 984 vero
718 936 747 982 et
767 926 850 999 boni,
870 927 895 980 si
907 925 1030 1000 perfecti
1044 935 1128 999 sunt,
1147 928 1223 985 inter
1235 948 1260 983 se

241 1033 373 1094 pugnero
392 1032 452 1070 non
469 1019 598 1088 possunt.
635 1009 824 1068 Proficiente·
842 1019 939 1068 cutem
952 1009 1139 1086 nondiunque
1149 1011 1262 1087 perfecti

240 1102 284 1156 ite
300 1105 437 1174 poscunt,
462 1106 495 1154 ut
511 1097 604 1152 bonus
625 1096 745 1171 quisquc
758 1113 796 1151 ex
809 1113 843 1152 ea
859 1103 940 1169 parte
957 1102 1070 1174 pugnet
1082 1104 1183 1152 contro
1195 1098 1261 1152 elte-

242 1203 323 1254 rum‚
348 1200 405 1257 que
424 1182 511 1238 etiam
531 1188 633 1238 eontra
650 1181 845 1255 semetipsum.
866 1177 907 1238 Et
918 1181 951 1236 in
964 1198 1024 1238 uuo
1038 1179 1142 1255 quippe
1153 1178 1262 1236 homine

242 1287 315 1324 ccro
329 1266 510 1343 concupiscit
523 1265 667 1324 adversm
681 1266 835 1344 epil-itum,
859 1274 889 1322 et
902 1265 1028 1341 epiritue
1046 1263 1186 1322 caveron
1198 1284 1263 1322 ccr-

241 1371 314 1410 nem.
345 1349 588 1425 Concupiscentia
608 1367 678 1428 ergo
696 1349 834 1423 spiritalis
852 1357 953 1404 contre
966 1347 1086 1404 ulterius
1107 1356 1200 1424 potest
1212 1367 1262 1424 pu·

242 1455 334 1514 gnere
345 1436 501 1504 carnalem,
513 1434 561 1489 vel
575 1433 809 1506 concupiscentie
823 1432 948 1487 cornelio
962 1440 1064 1488 contre
1076 1433 1199 1488 alterius
1212 1433 1262 1507 spi·

242 1521 371 1589 ritolem,
394 1519 470 1574 sicut
487 1517 566 1572 inter
586 1533 617 1570 se
635 1523 769 1592 pugnent
787 1513 857 1570 boni
875 1523 905 1570 et
920 1516 1003 1571 meli:
1029 1515 1077 1596 vel
1096 1525 1176 1572 certe
1193 1517 1263 1591 ipsae

242 1601 494 1675 concupiscentiae
520 1599 651 1654 carnales
674 1600 752 1654 inter
772 1616 803 1653 sc
821 1597 941 1654 duorum
961 1599 1116 1670 bonorum,
1143 1599 1262 1656 nondun

242 1686 341 1760 utique
353 1683 563 1760 perfectorum,
583 1683 660 1737 sicut
673 1684 750 1738 inter
764 1701 795 1738 se
807 1691 941 1760 puguant
952 1684 1021 1738 meli
1034 1692 1063 1740 et
1074 1683 1160 1755 moli,
1180 1683 1262 1739 donec

244 1787 341 1826 eorum
356 1769 407 1842 qui
420 1775 560 1824 curentur
573 1765 609 1822 od
622 1767 755 1822 ultimam
766 1767 921 1824 victoriam
933 1768 1043 1824 sunites
1056 1765 1238 1842 perducatur.

644 1882 766 1940 cnP.
809 1881 869 1940 Vl.

242 1965 286 2018 De
297 1965 469 2036 languoribus
480 1980 543 2034 onoc
553 1981 587 2016 ex
594 1980 681 2033 poeno
693 1963 801 2032 peccati
811 1963 893 2018 etiam
903 1965 971 2018 cinci
985 1961 1114 2016 Civitatio
1122 1962 1177 2016 Dei
1185 1964 1216 2018 in
1225 1963 1264 2018 lu

311 2036 354 2088 im
363 2036 436 2088 citae
445 2033 669 2106 peregrinatione
678 2035 836 2103 patiuntur,
852 2043 880 2088 et
888 2053 906 2088 c
916 2035 1008 2105 quidm
1016 2032 1077 2087 Deo
1087 2035 1205 2088 medente

686 2113 826 2160 conantur.

306 2195 444 2272 Languor
456 2206 501 2254 est
513 2198 618 2273 quippe
631 2198 697 2268 inte,
716 2195 746 2252 id
760 2205 814 2266 est,
827 2197 877 2253 illo
890 2195 1103 2268 inobedientia,
1125 2195 1161 2254 de
1174 2214 1230 2271 que
1240 2196 1265 2250 in

243 2281 317 2336 libro
336 2288 438 2353 quarto
457 2280 568 2336 decimo
582 2280 789 2351 disseruimus,
814 2282 924 2354 primae
938 2279 1154 2338 inobedientiae
1168 2281 1266 2355 suppli·

245 2365 337 2433 cium3
352 2370 381 2418 ct
392 2360 457 2419 ideo
473 2381 534 2420 non
547 2371 662 2433 natura,
677 2363 728 2418 ced
739 2364 858 2420 vitium:
871 2373 989 2442 propter
1002 2361 1076 2440 quod
1087 2363 1197 2420 dicitur
1209 2382 1265 2437 pro-

243 2444 408 2504 ficientibus
427 2441 528 2517 bonis,
548 2456 578 2504 et
597 2465 634 2502 cx
650 2446 707 2503 fide
725 2449 764 2504 in'
776 2446 830 2504 hec
842 2449 1079 2527 peregrinatione
1092 2447 1266 2505 viventibus:

243 2527 370 2588 Invicem
384 2548 475 2590 onera
488 2540 590 2590 centra
597 2539 740 2608 portate,
763 2540 793 2589 et
805 2532 849 2590 eie
867 2533 1061 2610 adimplebitis
1078 2531 1175 2609 legem
1191 2530 1268 2588 Ciri-

244 2617 294 2671 eti.
308 2612 382 2670 ltem
394 2617 464 2673 alibi
477 2615 597 2674 dicitur:
614 2613 765 2692 Corripite
777 2617 931 2692 inquietos,
945 2615 1138 2673 consolamini
1144 2614 1268 2693 punilla-

243 2700 345 2768 πέπιθε,
359 2701 501 2776 suscipite
515 2699 657 2770 infirmos,
668 2700 820 2774 patientes
836 2709 928 2757 estote
941 2701 982 2759 ad
993 2717 1098 2757 omnen.
1125 2697 1230 2758 Videte
1242 2717 1276 2752 m,

243 2783 308 2858 quie
322 2781 428 2838 molum
435 2801 495 2860 pro
509 2783 584 2840 molo
598 2782 692 2840 alicui
702 2783 820 2840 reddat.
842 2782 916 2840 ltem
929 2784 987 2842 elio
1000 2784 1079 2841 loco:
1102 2781 1140 2840 Si
1145 2801 1270 2862 proeoc-

244 2864 481 2939 cupctnefnerit
494 2865 574 2922 domo
589 2867 619 2922 in
634 2864 732 2943 aliquo
746 2866 870 2938 delicto,
892 2885 943 2926 cce
957 2869 1008 2945 qni
1020 2867 1178 2944 spiritelee
1193 2867 1270 2932 cetis,

245 2947 387 3002 instruite
413 2947 578 3004 huiusmodi
603 2949 633 3004 in
659 2951 770 3026 spiritu
795 2952 1038 3020 mansuetudinis,
1066 2951 1221 3008 intendent
1247 2959 1272 3003 te

245 3031 354 3104 ipsum,
372 3047 407 3085 ne
422 3040 451 3086 ct
465 3039 498 3088 tn
511 3033 645 3090 tenteris.
666 3031 706 3092 Et
724 3035 808 3091 alibi:
833 3032 886 3092 Sol
900 3053 958 3092 non
977 3034 1096 3092 occidat
1108 3049 1196 3110 snper
1211 3033 1276 3088 ira-³

244 3111 379 3168 cundiam
393 3122 532 3172 cestram.
554 3111 593 3172 Et
606 3117 638 3174 in
650 3115 828 3195 Evangelio:
850 3116 885 3176 Si
893 3120 1065 3196 peccaverit
1079 3119 1110 3174 in
1124 3127 1155 3174 te
1165 3116 1271 3188 frater

244 3205 323 3264 tuce,
337 3198 455 3276 corripe
469 3215 531 3256 cum
544 3199 624 3258 inter
638 3210 667 3260 tc
681 3211 711 3258 et
723 3202 818 3278 meum
831 3203 931 3258 colum.
957 3201 1031 3258 ltem
1044 3200 1080 3257 de
1092 3201 1231 3274 peccetis,
1245 3199 1271 3252 in

245 3279 348 3353 quibus
363 3283 519 3340 multorum
536 3292 656 3341 cavetur
674 3282 814 3356 offensio,
833 3284 1088 3360 Apostolusdicit:
1116 3281 1276 3360 Peccantem

245 3381 343 3420 coram
357 3365 486 3422 omnibns
500 3387 609 3444 argue,
628 3378 662 3424 ut
675 3377 705 3424 et
717 3371 831 3425 caeteri
844 3371 976 3426 timorem
989 3367 1129 3424 debeant.
1154 3363 1276 3440 Propterl

243 3443 298 3502 hoc
312 3456 341 3503 et
354 3447 389 3503 de
403 3453 490 3508 venie
503 3453 631 3508 invicem
644 3449 752 3523 dende,
766 3453 856 3510 multa
868 3453 1105 3527 praecipiuntur,
1130 3459 1161 3508 et
1173 3439 1276 3524 magud

140 3578 147 3597 ,
245 3549 328 3603 eura,
351 3543 468 3608 propter
487 3534 644 3592 tenendum
662 3552 778 3607 pacem,
802 3537 866 3592 sine
883 3555 940 3612 quo
957 3539 1042 3592 nelno
1055 3536 1168 3607 poterit
1182 3511 1276 3591 viderel

244 3611 353 3672 Deum:
367 3617 416 3674 ubi
429 3619 586 3674 illeterror
600 3627 654 3688 cst,
668 3619 782 3694 quondo
795 3619 912 3678 iubetur
925 3638 1025 3679 servus
1039 3619 1144 3675 decem
1156 3616 1249 3674 millio

247 3696 422 3754 talentorum
434 3700 555 3758 reddere
568 3699 679 3771 debite,
699 3720 772 3776 quae
785 3705 830 3760 illi
843 3703 961 3764 fuerent
972 3705 1120 3771 relaxato,
1143 3699 1267 3778 quonian

250 3773 375 3836 debitum
389 3780 573 3840 denariorum
586 3793 703 3842 centum
717 3806 857 3846 conservo
878 3807 932 3846 suo
949 3807 1009 3844 non
1026 3787 1186 3842 relaxavit.
1220 3782 1262 3846 Qu

249 3855 442 3952 similitudine
450 3869 610 3941 proposita,
626 3866 770 3928 Dominus
784 3869 864 3930 lesus
878 3872 996 3946 adiecit,
1009 3881 1095 3945 etque
1109 3871 1169 3926 uit:
1187 3865 1239 3926 Sic
