<?xml version="1.0" encoding="UTF-8"?>
<!DOCTYPE html PUBLIC "-//W3C//DTD XHTML 1.0 Transitional//EN"
    "http://www.w3.org/TR/xhtml1/DTD/xhtml1-transitional.dtd">
<html xmlns="http://www.w3.org/1999/xhtml" xml:lang="en" lang="en">
 <head>
  <title>
</title>
<meta http-equiv="Content-Type" content="text/html;charset=utf-8" />
  <meta name='ocr-system' content='tesseract 3.04.00' />
  <meta name='ocr-capabilities' content='ocr_page ocr_carea ocr_par ocr_line ocrx_word'/>
</head>
<body>
  <div class='ocr_page' id='page_1' title='image "./saureliiaugusti02augugoog_0050.png"; bbox 0 0 2602 4416; ppageno 0'>
   <div class='ocr_carea' id='block_1_1' title="bbox 285 186 1091 260">
    <p class='ocr_par' dir='ltr' id='par_1_1' title="bbox 285 186 1091 260">
     <span class='ocr_line' id='line_1_1' title="bbox 285 186 1091 260; baseline 0.017 -14"><span class='ocrx_word' id='word_1_1' title='bbox 285 189 345 246; x_wconf 87' lang='lat' dir='ltr'><strong>DE</strong></span> <span class='ocrx_word' id='word_1_2' title='bbox 369 186 589 245; x_wconf 79' lang='lat' dir='ltr'><strong>ClVlTATE</strong></span> <span class='ocrx_word' id='word_1_3' title='bbox 613 189 692 247; x_wconf 74' lang='lat' dir='ltr'><strong>Dlll</strong></span> <span class='ocrx_word' id='word_1_4' title='bbox 715 193 795 252; x_wconf 85' lang='lat' dir='ltr'><strong>LlB.</strong></span> <span class='ocrx_word' id='word_1_5' title='bbox 822 195 863 254; x_wconf 91' lang='lat'><strong>11.</strong></span> <span class='ocrx_word' id='word_1_6' title='bbox 1051 205 1091 260; x_wconf 76' lang='grc'><strong>43</strong></span> 
     </span>
    </p>
   </div>
   <div class='ocr_carea' id='block_1_2' title="bbox 36 338 1090 840">
    <p class='ocr_par' dir='ltr' id='par_1_2' title="bbox 36 338 1090 840">
     <span class='ocr_line' id='line_1_2' title="bbox 118 338 953 423; baseline 0.013 -27"><span class='ocrx_word' id='word_1_7' title='bbox 118 341 208 408; x_wconf 78' lang='lat' dir='ltr'><strong>Quis</strong></span> <span class='ocrx_word' id='word_1_8' title='bbox 222 348 326 395; x_wconf 85' lang='lat' dir='ltr'><strong>motus</strong></span> <span class='ocrx_word' id='word_1_9' title='bbox 341 339 476 416; x_wconf 78' lang='lat' dir='ltr'>argenti,</span> <span class='ocrx_word' id='word_1_10' title='bbox 499 338 569 413; x_wconf 90' lang='lat' dir='ltr'><strong>quid</strong></span> <span class='ocrx_word' id='word_1_11' title='bbox 582 339 626 396; x_wconf 82' lang='lat' dir='ltr'><strong>fus</strong></span> <span class='ocrx_word' id='word_1_12' title='bbox 640 352 757 418; x_wconf 83' lang='lat' dir='ltr'><strong>optare,</strong></span> <span class='ocrx_word' id='word_1_13' title='bbox 784 345 855 420; x_wconf 87' lang='lat' dir='ltr'><strong>quid</strong></span> <span class='ocrx_word' id='word_1_14' title='bbox 868 367 953 423; x_wconf 89' lang='lat' dir='ltr'><strong>asper</strong></span> 
     </span>
     <span class='ocr_line' id='line_1_3' title="bbox 115 420 964 509; baseline 0.014 -31"><span class='ocrx_word' id='word_1_15' title='bbox 115 423 209 478; x_wconf 87' lang='lat' dir='ltr'><strong>Vtile</strong></span> <span class='ocrx_word' id='word_1_16' title='bbox 227 439 367 478; x_wconf 84' lang='lat' dir='ltr'>nummus</span> <span class='ocrx_word' id='word_1_17' title='bbox 383 420 488 494; x_wconf 82' lang='lat' dir='ltr'><strong>habct3</strong></span> <span class='ocrx_word' id='word_1_18' title='bbox 515 425 627 496; x_wconf 85' lang='lat' dir='ltr'><strong>patriae</strong></span> <span class='ocrx_word' id='word_1_19' title='bbox 641 428 777 502; x_wconf 86' lang='lat' dir='ltr'><strong>carisque</strong></span> <span class='ocrx_word' id='word_1_20' title='bbox 790 433 964 509; x_wconf 89' lang='lat' dir='ltr'><strong>propinquis</strong></span> 
     </span>
     <span class='ocr_line' id='line_1_4' title="bbox 114 503 882 584; baseline 0.009 -22"><span class='ocrx_word' id='word_1_21' title='bbox 114 508 287 573; x_wconf 76' lang='lat' dir='ltr'><strong>Quantum</strong></span> <span class='ocrx_word' id='word_1_22' title='bbox 301 506 426 584; x_wconf 88' lang='lat' dir='ltr'><strong>elargiri</strong></span> <span class='ocrx_word' id='word_1_23' title='bbox 438 503 557 578; x_wconf 81' lang='lat' dir='ltr'><strong>deceat3</strong></span> <span class='ocrx_word' id='word_1_24' title='bbox 577 523 663 582; x_wconf 86' lang='lat' dir='ltr'><strong>quem</strong></span> <span class='ocrx_word' id='word_1_25' title='bbox 675 518 705 566; x_wconf 88' lang='lat' dir='ltr'><strong>te</strong></span> <span class='ocrx_word' id='word_1_26' title='bbox 719 509 802 568; x_wconf 89' lang='lat' dir='ltr'><strong>Deus</strong></span> <span class='ocrx_word' id='word_1_27' title='bbox 815 532 882 569; x_wconf 88' lang='lat' dir='ltr'><strong>esse</strong></span> 
     </span>
     <span class='ocr_line' id='line_1_5' title="bbox 117 586 882 664; baseline 0.01 -20"><span class='ocrx_word' id='word_1_28' title='bbox 117 589 242 660; x_wconf 89' lang='lat' dir='ltr'><strong>lussit,</strong></span> <span class='ocrx_word' id='word_1_29' title='bbox 271 597 301 643; x_wconf 90' lang='lat' dir='ltr'><strong>et</strong></span> <span class='ocrx_word' id='word_1_30' title='bbox 312 586 442 643; x_wconf 81' lang='lat' dir='ltr'><strong>humana</strong></span> <span class='ocrx_word' id='word_1_31' title='bbox 457 603 515 664; x_wconf 83' lang='lat' dir='ltr'><strong>qua</strong></span> <span class='ocrx_word' id='word_1_32' title='bbox 527 597 610 662; x_wconf 87' lang='lat' dir='ltr'><strong>parte</strong></span> <span class='ocrx_word' id='word_1_33' title='bbox 623 592 736 650; x_wconf 85' lang='lat' dir='ltr'><strong>locatus</strong></span> <span class='ocrx_word' id='word_1_34' title='bbox 751 613 781 650; x_wconf 92' lang='lat' dir='ltr'><strong>es</strong></span> <span class='ocrx_word' id='word_1_35' title='bbox 795 597 827 652; x_wconf 90' lang='lat' dir='ltr'><strong>in</strong></span> <span class='ocrx_word' id='word_1_36' title='bbox 839 613 882 652; x_wconf 90' lang='lat' dir='ltr'><strong>re.</strong></span> 
     </span>
     <span class='ocr_line' id='line_1_6' title="bbox 37 668 1089 759; baseline 0.011 -30"><span class='ocrx_word' id='word_1_37' title='bbox 37 675 170 730; x_wconf 79' lang='lat' dir='ltr'><strong>Dicatur</strong></span> <span class='ocrx_word' id='word_1_38' title='bbox 186 674 220 727; x_wconf 89' lang='lat' dir='ltr'><strong>in</strong></span> <span class='ocrx_word' id='word_1_39' title='bbox 236 671 347 746; x_wconf 92' lang='lat' dir='ltr'><strong>quibus</strong></span> <span class='ocrx_word' id='word_1_40' title='bbox 361 672 437 727; x_wconf 87' lang='lat' dir='ltr'><strong>locis</strong></span> <span class='ocrx_word' id='word_1_41' title='bbox 452 668 525 728; x_wconf 90' lang='lat' dir='ltr'><strong>haee</strong></span> <span class='ocrx_word' id='word_1_42' title='bbox 539 671 708 732; x_wconf 78' lang='lat' dir='ltr'>docentium</span> <span class='ocrx_word' id='word_1_43' title='bbox 726 677 847 734; x_wconf 92' lang='lat' dir='ltr'><strong>deorum</strong></span> <span class='ocrx_word' id='word_1_44' title='bbox 861 681 996 738; x_wconf 89' lang='lat' dir='ltr'><strong>solebant</strong></span> <span class='ocrx_word' id='word_1_45' title='bbox 1004 701 1089 759; x_wconf 90' lang='lat' dir='ltr'><strong>prae-</strong></span> 
     </span>
     <span class='ocr_line' id='line_1_7' title="bbox 36 755 1090 840; baseline 0.013 -29"><span class='ocrx_word' id='word_1_46' title='bbox 36 766 119 830; x_wconf 84' lang='lat' dir='ltr'><strong>cepta</strong></span> <span class='ocrx_word' id='word_1_47' title='bbox 151 756 301 826; x_wconf 83' lang='lat' dir='ltr'><strong>recitari,</strong></span> <span class='ocrx_word' id='word_1_48' title='bbox 331 763 362 810; x_wconf 87' lang='lat' dir='ltr'><strong>et</strong></span> <span class='ocrx_word' id='word_1_49' title='bbox 375 772 393 810; x_wconf 90' lang='lat' dir='ltr'><strong>a</strong></span> <span class='ocrx_word' id='word_1_50' title='bbox 407 755 573 810; x_wconf 89' lang='lat' dir='ltr'><strong>cultoribus</strong></span> <span class='ocrx_word' id='word_1_51' title='bbox 587 773 689 813; x_wconf 84' lang='lat' dir='ltr'><strong>eoram</strong></span> <span class='ocrx_word' id='word_1_52' title='bbox 701 762 815 835; x_wconf 89' lang='lat' dir='ltr'><strong>populis</strong></span> <span class='ocrx_word' id='word_1_53' title='bbox 842 761 1017 840; x_wconf 85' lang='lat' dir='ltr'><strong>frequenter</strong></span> <span class='ocrx_word' id='word_1_54' title='bbox 1036 785 1090 824; x_wconf 86' lang='lat' dir='ltr'><strong>au·</strong></span> 
     </span>
    </p>
   </div>
   <div class='ocr_carea' id='block_1_3' title="bbox 35 833 1088 998">
    <p class='ocr_par' dir='ltr' id='par_1_3' title="bbox 35 833 1088 998">
     <span class='ocr_line' id='line_1_8' title="bbox 37 833 1088 925; baseline 0.012 -31"><span class='ocrx_word' id='word_1_55' title='bbox 37 839 101 909; x_wconf 89' lang='lat' dir='ltr'><strong>diri,</strong></span> <span class='ocrx_word' id='word_1_56' title='bbox 122 840 212 895; x_wconf 87' lang='lat' dir='ltr'><strong>sient</strong></span> <span class='ocrx_word' id='word_1_57' title='bbox 225 855 286 894; x_wconf 88' lang='lat' dir='ltr'><strong>nos</strong></span> <span class='ocrx_word' id='word_1_58' title='bbox 302 836 489 894; x_wconf 76' lang='lat' dir='ltr'><strong>ostendimus</strong></span> <span class='ocrx_word' id='word_1_59' title='bbox 501 836 537 894; x_wconf 89' lang='lat' dir='ltr'><strong>od</strong></span> <span class='ocrx_word' id='word_1_60' title='bbox 547 833 603 894; x_wconf 86' lang='lat' dir='ltr'><strong>boe</strong></span> <span class='ocrx_word' id='word_1_61' title='bbox 613 842 754 898; x_wconf 87' lang='lat' dir='ltr'><strong>ecelesias</strong></span> <span class='ocrx_word' id='word_1_62' title='bbox 769 845 937 919; x_wconf 84' lang='lat' dir='ltr'><strong>institutas,</strong></span> <span class='ocrx_word' id='word_1_63' title='bbox 952 853 1088 925; x_wconf 87' lang='lat' dir='ltr'><strong>&#39;quaqua-</strong></span> 
     </span>
     <span class='ocr_line' id='line_1_9' title="bbox 35 919 673 998; baseline 0.011 -25"><span class='ocrx_word' id='word_1_64' title='bbox 35 941 155 978; x_wconf 79' lang='lat' dir='ltr'>versum</span> <span class='ocrx_word' id='word_1_65' title='bbox 170 919 287 998; x_wconf 85' lang='lat' dir='ltr'><strong>religio</strong></span> <span class='ocrx_word' id='word_1_66' title='bbox 302 919 475 977; x_wconf 86' lang='lat' dir='ltr'><strong>Christiana</strong></span> <span class='ocrx_word' id='word_1_67' title='bbox 493 919 673 980; x_wconf 79' lang='lat' dir='ltr'><strong>dillimdltur.</strong></span> 
     </span>
    </p>
   </div>
   <div class='ocr_carea' id='block_1_4' title="bbox 443 1035 694 1096">
    <p class='ocr_par' dir='ltr' id='par_1_4' title="bbox 443 1035 694 1096">
     <span class='ocr_line' id='line_1_10' title="bbox 443 1035 694 1096; baseline 0.008 -2"><span class='ocrx_word' id='word_1_68' title='bbox 443 1035 565 1094; x_wconf 82' lang='lat' dir='ltr'><strong>CAP.</strong></span> <span class='ocrx_word' id='word_1_69' title='bbox 608 1039 694 1096; x_wconf 91' lang='lat' dir='ltr'><strong>Vll.</strong></span> 
     </span>
    </p>
   </div>
   <div class='ocr_carea' id='block_1_5' title="bbox 35 1113 1090 1195">
    <p class='ocr_par' dir='ltr' id='par_1_5' title="bbox 35 1113 1090 1195">
     <span class='ocr_line' id='line_1_11' title="bbox 35 1113 1090 1195; baseline 0.01 -26"><span class='ocrx_word' id='word_1_70' title='bbox 35 1119 150 1170; x_wconf 80' lang='lat' dir='ltr'><strong>luatils&#39;a</strong></span> <span class='ocrx_word' id='word_1_71' title='bbox 163 1134 222 1170; x_wconf 84' lang='lat' dir='ltr'><strong>esse</strong></span> <span class='ocrx_word' id='word_1_72' title='bbox 233 1117 352 1169; x_wconf 80' lang='lat' dir='ltr'><strong>invento</strong></span> <span class='ocrx_word' id='word_1_73' title='bbox 368 1113 556 1183; x_wconf 68' lang='lat' dir='ltr'><strong>philosophica</strong></span> <span class='ocrx_word' id='word_1_74' title='bbox 566 1117 621 1170; x_wconf 83' lang='lat' dir='ltr'><strong>siae</strong></span> <span class='ocrx_word' id='word_1_75' title='bbox 632 1123 801 1175; x_wconf 80' lang='lat' dir='ltr'><strong>auctoritate</strong></span> <span class='ocrx_word' id='word_1_76' title='bbox 820 1125 926 1189; x_wconf 82' lang='lat' dir='ltr'><strong>divina,</strong></span> <span class='ocrx_word' id='word_1_77' title='bbox 946 1125 992 1178; x_wconf 84' lang='lat' dir='ltr'><strong>uli</strong></span> <span class='ocrx_word' id='word_1_78' title='bbox 1010 1145 1090 1195; x_wconf 82' lang='lat' dir='ltr'><strong>quen-</strong></span> 
     </span>
    </p>
   </div>
   <div class='ocr_carea' id='block_1_6' title="bbox 36 1185 1090 1324">
    <p class='ocr_par' dir='ltr' id='par_1_6' title="bbox 36 1185 1090 1324">
     <span class='ocr_line' id='line_1_12' title="bbox 36 1185 1090 1263; baseline 0.009 -25"><span class='ocrx_word' id='word_1_79' title='bbox 36 1187 162 1254; x_wconf 81' lang='lat' dir='ltr'><strong>quemad</strong></span> <span class='ocrx_word' id='word_1_80' title='bbox 171 1185 245 1238; x_wconf 79' lang='lat' dir='ltr'><strong>vitia</strong></span> <span class='ocrx_word' id='word_1_81' title='bbox 253 1199 377 1254; x_wconf 80' lang='lat' dir='ltr'><strong>pronum</strong></span> <span class='ocrx_word' id='word_1_82' title='bbox 388 1185 477 1254; x_wconf 79' lang='lat' dir='ltr'><strong>magis</strong></span> <span class='ocrx_word' id='word_1_83' title='bbox 488 1196 573 1238; x_wconf 81' lang='lat' dir='ltr'><strong>movet</strong></span> <span class='ocrx_word' id='word_1_84' title='bbox 588 1189 657 1254; x_wconf 79' lang='lat' dir='ltr'><strong>quod</strong></span> <span class='ocrx_word' id='word_1_85' title='bbox 674 1190 712 1241; x_wconf 83' lang='lat' dir='ltr'><strong>dii</strong></span> <span class='ocrx_word' id='word_1_86' title='bbox 722 1192 857 1263; x_wconf 81' lang='lat' dir='ltr'><strong>fecerint,</strong></span> <span class='ocrx_word' id='word_1_87' title='bbox 877 1211 957 1260; x_wconf 84' lang='lat' dir='ltr'><strong>quom</strong></span> <span class='ocrx_word' id='word_1_88' title='bbox 967 1199 1038 1262; x_wconf 84' lang='lat' dir='ltr'><strong>qaod</strong></span> <span class='ocrx_word' id='word_1_89' title='bbox 1047 1196 1090 1248; x_wconf 83' lang='lat' dir='ltr'><strong>bo·</strong></span> 
     </span>
     <span class='ocr_line' id='line_1_13' title="bbox 427 1253 707 1324; baseline 0.014 -20"><span class='ocrx_word' id='word_1_90' title='bbox 427 1253 511 1306; x_wconf 81' lang='lat' dir='ltr'><strong>mines</strong></span> <span class='ocrx_word' id='word_1_91' title='bbox 529 1255 707 1324; x_wconf 68' lang='lat' dir='ltr'><strong>disputarint.</strong></span> 
     </span>
    </p>
   </div>
   <div class='ocr_carea' id='block_1_7' title="bbox 38 1333 1091 3901">
    <p class='ocr_par' dir='ltr' id='par_1_7' title="bbox 38 1333 1091 3901">
     <span class='ocr_line' id='line_1_14' title="bbox 94 1333 1088 1417; baseline 0.006 -23"><span class='ocrx_word' id='word_1_92' title='bbox 94 1339 142 1394; x_wconf 80' lang='lat' dir='ltr'><strong>An</strong></span> <span class='ocrx_word' id='word_1_93' title='bbox 157 1339 239 1394; x_wconf 80' lang='lat' dir='ltr'><strong>forte</strong></span> <span class='ocrx_word' id='word_1_94' title='bbox 254 1337 348 1394; x_wconf 91' lang='lat' dir='ltr'><strong>nobis</strong></span> <span class='ocrx_word' id='word_1_95' title='bbox 363 1333 604 1412; x_wconf 85' lang='lat' dir='ltr'><strong>pbilosophorum</strong></span> <span class='ocrx_word' id='word_1_96' title='bbox 615 1337 730 1395; x_wconf 79' lang='lat' dir='ltr'><strong>scholas</strong></span> <span class='ocrx_word' id='word_1_97' title='bbox 741 1339 1017 1417; x_wconf 71' lang='lat' dir='ltr'><strong>disputationesque</strong></span> <span class='ocrx_word' id='word_1_98' title='bbox 1026 1363 1088 1400; x_wconf 90' lang='lat' dir='ltr'><strong>me·</strong></span> 
     </span>
     <span class='ocr_line' id='line_1_15' title="bbox 39 1417 1090 1493; baseline 0.007 -17"><span class='ocrx_word' id='word_1_99' title='bbox 39 1417 211 1478; x_wconf 84' lang='lat' dir='ltr'><strong>morabunt‘l</strong></span> <span class='ocrx_word' id='word_1_100' title='bbox 239 1419 351 1477; x_wconf 87' lang='lat' dir='ltr'><strong>Primo</strong></span> <span class='ocrx_word' id='word_1_101' title='bbox 382 1417 456 1475; x_wconf 88' lang='lat' dir='ltr'><strong>haeo</strong></span> <span class='ocrx_word' id='word_1_102' title='bbox 481 1437 543 1476; x_wconf 92' lang='lat' dir='ltr'><strong>non</strong></span> <span class='ocrx_word' id='word_1_103' title='bbox 555 1417 705 1493; x_wconf 84' lang='lat' dir='ltr'><strong>Romana,</strong></span> <span class='ocrx_word' id='word_1_104' title='bbox 727 1422 780 1478; x_wconf 90' lang='lat' dir='ltr'><strong>sed</strong></span> <span class='ocrx_word' id='word_1_105' title='bbox 794 1421 908 1481; x_wconf 81' lang='lat' dir='ltr'><strong>Graeca</strong></span> <span class='ocrx_word' id='word_1_106' title='bbox 925 1434 1011 1482; x_wconf 87' lang='lat' dir='ltr'><strong>sunt:</strong></span> <span class='ocrx_word' id='word_1_107' title='bbox 1037 1435 1090 1483; x_wconf 82' lang='lat' dir='ltr'><strong>sut</strong></span> 
     </span>
     <span class='ocr_line' id='line_1_16' title="bbox 41 1501 1087 1579; baseline 0.009 -22"><span class='ocrx_word' id='word_1_108' title='bbox 41 1506 68 1558; x_wconf 88' lang='lat' dir='ltr'><strong>si</strong></span> <span class='ocrx_word' id='word_1_109' title='bbox 91 1513 243 1578; x_wconf 83' lang='lat' dir='ltr'><strong>propterea</strong></span> <span class='ocrx_word' id='word_1_110' title='bbox 272 1505 340 1558; x_wconf 85' lang='lat' dir='ltr'><strong>iam</strong></span> <span class='ocrx_word' id='word_1_111' title='bbox 364 1501 512 1574; x_wconf 85' lang='lat' dir='ltr'><strong>Romana,</strong></span> <span class='ocrx_word' id='word_1_112' title='bbox 538 1505 608 1579; x_wconf 91' lang='lat' dir='ltr'><strong>quia</strong></span> <span class='ocrx_word' id='word_1_113' title='bbox 622 1512 652 1559; x_wconf 89' lang='lat' dir='ltr'><strong>et</strong></span> <span class='ocrx_word' id='word_1_114' title='bbox 665 1503 791 1562; x_wconf 84' lang='lat' dir='ltr'><strong>Graecia</strong></span> <span class='ocrx_word' id='word_1_115' title='bbox 803 1505 881 1563; x_wconf 86' lang='lat' dir='ltr'><strong>facte</strong></span> <span class='ocrx_word' id='word_1_116' title='bbox 896 1517 942 1564; x_wconf 89' lang='lat' dir='ltr'><strong>est</strong></span> <span class='ocrx_word' id='word_1_117' title='bbox 953 1505 1087 1567; x_wconf 59' lang='lat' dir='ltr'><strong>&amp;maus</strong></span> 
     </span>
     <span class='ocr_line' id='line_1_17' title="bbox 40 1584 1085 1664; baseline 0.008 -23"><span class='ocrx_word' id='word_1_118' title='bbox 40 1587 205 1661; x_wconf 78' lang='lat' dir='ltr'><strong>provincia,</strong></span> <span class='ocrx_word' id='word_1_119' title='bbox 225 1605 294 1643; x_wconf 89' lang='lat' dir='ltr'><strong>non</strong></span> <span class='ocrx_word' id='word_1_120' title='bbox 312 1584 438 1642; x_wconf 87' lang='lat' dir='ltr'><strong>deorum</strong></span> <span class='ocrx_word' id='word_1_121' title='bbox 451 1595 606 1662; x_wconf 86' lang='lat' dir='ltr'><strong>praecepta</strong></span> <span class='ocrx_word' id='word_1_122' title='bbox 618 1596 705 1658; x_wconf 86' lang='lat' dir='ltr'><strong>sunt,</strong></span> <span class='ocrx_word' id='word_1_123' title='bbox 724 1589 775 1645; x_wconf 89' lang='lat' dir='ltr'><strong>sed</strong></span> <span class='ocrx_word' id='word_1_124' title='bbox 788 1587 940 1647; x_wconf 89' lang='lat' dir='ltr'><strong>hominum</strong></span> <span class='ocrx_word' id='word_1_125' title='bbox 952 1593 1085 1664; x_wconf 81' lang='lat' dir='ltr'><strong>inventa,</strong></span> 
     </span>
     <span class='ocr_line' id='line_1_18' title="bbox 40 1669 1086 1748; baseline 0.007 -24"><span class='ocrx_word' id='word_1_126' title='bbox 40 1672 86 1743; x_wconf 91' lang='lat' dir='ltr'><strong>qui</strong></span> <span class='ocrx_word' id='word_1_127' title='bbox 100 1679 260 1745; x_wconf 87' lang='lat' dir='ltr'><strong>uteunque</strong></span> <span class='ocrx_word' id='word_1_128' title='bbox 275 1669 384 1725; x_wconf 87' lang='lat' dir='ltr'><strong>consti</strong></span> <span class='ocrx_word' id='word_1_129' title='bbox 397 1677 470 1724; x_wconf 88' lang='lat' dir='ltr'><strong>sunt</strong></span> <span class='ocrx_word' id='word_1_130' title='bbox 482 1669 611 1746; x_wconf 88' lang='lat' dir='ltr'><strong>ingeniis</strong></span> <span class='ocrx_word' id='word_1_131' title='bbox 625 1672 805 1728; x_wconf 75' lang='lat' dir='ltr'><strong>acutissimis</strong></span> <span class='ocrx_word' id='word_1_132' title='bbox 824 1673 950 1748; x_wconf 84' lang='lat' dir='ltr'><strong>praediti</strong></span> <span class='ocrx_word' id='word_1_133' title='bbox 963 1677 1086 1731; x_wconf 87' lang='lat' dir='ltr'><strong>ratioci-</strong></span> 
     </span>
     <span class='ocr_line' id='line_1_19' title="bbox 39 1749 1086 1832; baseline 0.006 -26"><span class='ocrx_word' id='word_1_134' title='bbox 39 1753 130 1808; x_wconf 81' lang='lat' dir='ltr'><strong>nando</strong></span> <span class='ocrx_word' id='word_1_135' title='bbox 142 1756 323 1831; x_wconf 84' lang='lat' dir='ltr'><strong>vestigare,</strong></span> <span class='ocrx_word' id='word_1_136' title='bbox 353 1749 468 1827; x_wconf 90' lang='lat' dir='ltr'><strong>quidin</strong></span> <span class='ocrx_word' id='word_1_137' title='bbox 481 1769 581 1808; x_wconf 87' lang='lat' dir='ltr'><strong>rerum</strong></span> <span class='ocrx_word' id='word_1_138' title='bbox 594 1761 701 1810; x_wconf 83' lang='lat' dir='ltr'><strong>natura</strong></span> <span class='ocrx_word' id='word_1_139' title='bbox 713 1756 861 1828; x_wconf 83' lang='lat' dir='ltr'><strong>latitaret,</strong></span> <span class='ocrx_word' id='word_1_140' title='bbox 888 1756 960 1832; x_wconf 90' lang='lat' dir='ltr'><strong>quid</strong></span> <span class='ocrx_word' id='word_1_141' title='bbox 977 1757 1008 1812; x_wconf 92' lang='lat' dir='ltr'><strong>in</strong></span> <span class='ocrx_word' id='word_1_142' title='bbox 1023 1775 1086 1812; x_wconf 91' lang='lat' dir='ltr'><strong>mo·</strong></span> 
     </span>
     <span class='ocr_line' id='line_1_20' title="bbox 39 1834 1084 1915; baseline 0.007 -26"><span class='ocrx_word' id='word_1_143' title='bbox 39 1838 112 1892; x_wconf 85' lang='lat' dir='ltr'><strong>ribus</strong></span> <span class='ocrx_word' id='word_1_144' title='bbox 129 1835 342 1912; x_wconf 80' lang='lat' dir='ltr'><strong>appetendum</strong></span> <span class='ocrx_word' id='word_1_145' title='bbox 355 1843 437 1891; x_wconf 91' lang='lat' dir='ltr'><strong>esset</strong></span> <span class='ocrx_word' id='word_1_146' title='bbox 449 1843 537 1910; x_wconf 87' lang='lat' dir='ltr'><strong>atque</strong></span> <span class='ocrx_word' id='word_1_147' title='bbox 547 1834 737 1915; x_wconf 84' lang='lat' dir='ltr'><strong>fugiendum,</strong></span> <span class='ocrx_word' id='word_1_148' title='bbox 764 1839 836 1914; x_wconf 92' lang='lat' dir='ltr'><strong>quid</strong></span> <span class='ocrx_word' id='word_1_149' title='bbox 852 1841 885 1896; x_wconf 85' lang='lat' dir='ltr'><strong>iu</strong></span> <span class='ocrx_word' id='word_1_150' title='bbox 906 1841 978 1914; x_wconf 86' lang='lat' dir='ltr'><strong>ipsis</strong></span> <span class='ocrx_word' id='word_1_151' title='bbox 992 1841 1084 1896; x_wconf 87' lang='lat' dir='ltr'><strong>ratio-</strong></span> 
     </span>
     <span class='ocr_line' id='line_1_21' title="bbox 38 1917 1084 1997; baseline 0.006 -25"><span class='ocrx_word' id='word_1_152' title='bbox 38 1919 153 1976; x_wconf 84' lang='lat' dir='ltr'><strong>cinandi</strong></span> <span class='ocrx_word' id='word_1_153' title='bbox 167 1921 294 1997; x_wconf 87' lang='lat' dir='ltr'><strong>regulis</strong></span> <span class='ocrx_word' id='word_1_154' title='bbox 309 1926 393 1974; x_wconf 89' lang='lat' dir='ltr'><strong>certa</strong></span> <span class='ocrx_word' id='word_1_155' title='bbox 408 1919 595 1975; x_wconf 86' lang='lat' dir='ltr'><strong>connexione</strong></span> <span class='ocrx_word' id='word_1_156' title='bbox 607 1917 791 1992; x_wconf 84' lang='lat' dir='ltr'><strong>traheretur,</strong></span> <span class='ocrx_word' id='word_1_157' title='bbox 812 1931 865 1979; x_wconf 83' lang='lat' dir='ltr'><strong>sut</strong></span> <span class='ocrx_word' id='word_1_158' title='bbox 878 1921 950 1996; x_wconf 90' lang='lat' dir='ltr'><strong>quid</strong></span> <span class='ocrx_word' id='word_1_159' title='bbox 963 1939 1024 1978; x_wconf 90' lang='lat' dir='ltr'><strong>nou</strong></span> <span class='ocrx_word' id='word_1_160' title='bbox 1037 1941 1084 1978; x_wconf 91' lang='lat' dir='ltr'><strong>es-</strong></span> 
     </span>
     <span class='ocr_line' id='line_1_22' title="bbox 39 2001 1088 2079; baseline 0.002 -21"><span class='ocrx_word' id='word_1_161' title='bbox 39 2012 78 2057; x_wconf 87' lang='lat' dir='ltr'><strong>set</strong></span> <span class='ocrx_word' id='word_1_162' title='bbox 103 2019 327 2076; x_wconf 88' lang='lat' dir='ltr'><strong>consequens,</strong></span> <span class='ocrx_word' id='word_1_163' title='bbox 353 2002 402 2057; x_wconf 81' lang='lat' dir='ltr'><strong>vel</strong></span> <span class='ocrx_word' id='word_1_164' title='bbox 430 2001 520 2056; x_wconf 87' lang='lat' dir='ltr'><strong>etiam</strong></span> <span class='ocrx_word' id='word_1_165' title='bbox 544 2012 733 2079; x_wconf 77' lang='lat' dir='ltr'><strong>repugnaret.</strong></span> <span class='ocrx_word' id='word_1_166' title='bbox 775 2002 817 2060; x_wconf 87' lang='lat' dir='ltr'><strong>Et</strong></span> <span class='ocrx_word' id='word_1_167' title='bbox 842 2004 961 2078; x_wconf 86' lang='lat' dir='ltr'><strong>quidam</strong></span> <span class='ocrx_word' id='word_1_168' title='bbox 985 2022 1088 2060; x_wconf 87' lang='lat' dir='ltr'><strong>eorum</strong></span> 
     </span>
     <span class='ocr_line' id='line_1_23' title="bbox 39 2081 1087 2162; baseline 0 -22"><span class='ocrx_word' id='word_1_169' title='bbox 39 2085 179 2158; x_wconf 86' lang='lat' dir='ltr'><strong>quaedam</strong></span> <span class='ocrx_word' id='word_1_170' title='bbox 193 2101 330 2162; x_wconf 80' lang='lat' dir='ltr'><strong>magna,</strong></span> <span class='ocrx_word' id='word_1_171' title='bbox 358 2091 503 2158; x_wconf 86' lang='lat' dir='ltr'><strong>quantum</strong></span> <span class='ocrx_word' id='word_1_172' title='bbox 516 2081 659 2142; x_wconf 82' lang='lat' dir='ltr'><strong>divinitus</strong></span> <span class='ocrx_word' id='word_1_173' title='bbox 678 2085 773 2144; x_wconf 88' lang='lat' dir='ltr'><strong>adiuti</strong></span> <span class='ocrx_word' id='word_1_174' title='bbox 786 2095 871 2156; x_wconf 87' lang='lat' dir='ltr'><strong>sunt,</strong></span> <span class='ocrx_word' id='word_1_175' title='bbox 891 2088 1087 2156; x_wconf 84' lang='lat' dir='ltr'><strong>invenerunt;</strong></span> 
     </span>
     <span class='ocr_line' id='line_1_24' title="bbox 40 2165 1087 2242; baseline -0.001 -17"><span class='ocrx_word' id='word_1_176' title='bbox 40 2178 179 2242; x_wconf 77' lang='lat' dir='ltr'><strong>quantum</strong></span> <span class='ocrx_word' id='word_1_177' title='bbox 193 2177 305 2224; x_wconf 85' lang='lat' dir='ltr'><strong>autem</strong></span> <span class='ocrx_word' id='word_1_178' title='bbox 317 2165 491 2223; x_wconf 85' lang='lat' dir='ltr'><strong>humanitus</strong></span> <span class='ocrx_word' id='word_1_179' title='bbox 503 2165 635 2242; x_wconf 86' lang='lat' dir='ltr'><strong>impediti</strong></span> <span class='ocrx_word' id='word_1_180' title='bbox 649 2175 736 2240; x_wconf 89' lang='lat' dir='ltr'><strong>sunt,</strong></span> <span class='ocrx_word' id='word_1_181' title='bbox 752 2177 943 2226; x_wconf 75' lang='lat' dir='ltr'><strong>amaverunt:</strong></span> <span class='ocrx_word' id='word_1_182' title='bbox 960 2169 1087 2226; x_wconf 84' lang='lat' dir='ltr'><strong>maxime</strong></span> 
     </span>
     <span class='ocr_line' id='line_1_25' title="bbox 40 2249 1087 2326; baseline 0.002 -21"><span class='ocrx_word' id='word_1_183' title='bbox 40 2271 97 2307; x_wconf 85' lang='lat' dir='ltr'><strong>cum</strong></span> <span class='ocrx_word' id='word_1_184' title='bbox 110 2269 225 2308; x_wconf 87' lang='lat' dir='ltr'><strong>eorum</strong></span> <span class='ocrx_word' id='word_1_185' title='bbox 238 2251 401 2326; x_wconf 80' lang='lat' dir='ltr'><strong>superbiae</strong></span> <span class='ocrx_word' id='word_1_186' title='bbox 414 2250 494 2305; x_wconf 86' lang='lat' dir='ltr'><strong>iuste</strong></span> <span class='ocrx_word' id='word_1_187' title='bbox 516 2249 702 2326; x_wconf 83' lang='lat' dir='ltr'><strong>providentia</strong></span> <span class='ocrx_word' id='word_1_188' title='bbox 728 2250 830 2309; x_wconf 84' lang='lat' dir='ltr'><strong>divina</strong></span> <span class='ocrx_word' id='word_1_189' title='bbox 854 2252 1026 2322; x_wconf 81' lang='lat' dir='ltr'><strong>resisteret,</strong></span> <span class='ocrx_word' id='word_1_190' title='bbox 1053 2260 1087 2308; x_wconf 90' lang='lat' dir='ltr'><strong>ut</strong></span> 
     </span>
     <span class='ocr_line' id='line_1_26' title="bbox 41 2332 1085 2413; baseline 0.001 -25"><span class='ocrx_word' id='word_1_191' title='bbox 41 2337 110 2390; x_wconf 76' lang='lat' dir='ltr'><strong>riam</strong></span> <span class='ocrx_word' id='word_1_192' title='bbox 122 2336 257 2411; x_wconf 83' lang='lat' dir='ltr'><strong>pietatis</strong></span> <span class='ocrx_word' id='word_1_193' title='bbox 273 2334 311 2389; x_wconf 85' lang='lat' dir='ltr'><strong>ab</strong></span> <span class='ocrx_word' id='word_1_194' title='bbox 324 2332 493 2390; x_wconf 88' lang='lat' dir='ltr'><strong>bumilitate</strong></span> <span class='ocrx_word' id='word_1_195' title='bbox 507 2333 539 2388; x_wconf 89' lang='lat' dir='ltr'><strong>in</strong></span> <span class='ocrx_word' id='word_1_196' title='bbox 553 2349 682 2408; x_wconf 90' lang='lat' dir='ltr'><strong>superna</strong></span> <span class='ocrx_word' id='word_1_197' title='bbox 695 2344 884 2413; x_wconf 79' lang='lat' dir='ltr'><strong>surgentem,</strong></span> <span class='ocrx_word' id='word_1_198' title='bbox 913 2336 1085 2391; x_wconf 87' lang='lat' dir='ltr'><strong>etiarnisto-</strong></span> 
     </span>
     <span class='ocr_line' id='line_1_27' title="bbox 40 2415 1087 2494; baseline -0.001 -21"><span class='ocrx_word' id='word_1_199' title='bbox 40 2437 98 2474; x_wconf 88' lang='lat' dir='ltr'><strong>rum</strong></span> <span class='ocrx_word' id='word_1_200' title='bbox 113 2417 352 2494; x_wconf 86' lang='lat' dir='ltr'><strong>comparatione</strong></span> <span class='ocrx_word' id='word_1_201' title='bbox 378 2423 573 2474; x_wconf 82' lang='lat' dir='ltr'><strong>monstraret:</strong></span> <span class='ocrx_word' id='word_1_202' title='bbox 598 2415 678 2474; x_wconf 90' lang='lat' dir='ltr'><strong>unde</strong></span> <span class='ocrx_word' id='word_1_203' title='bbox 690 2427 793 2494; x_wconf 87' lang='lat' dir='ltr'><strong>postea</strong></span> <span class='ocrx_word' id='word_1_204' title='bbox 807 2419 893 2476; x_wconf 89' lang='lat' dir='ltr'><strong>nobis</strong></span> <span class='ocrx_word' id='word_1_205' title='bbox 912 2419 970 2474; x_wconf 88' lang='lat' dir='ltr'><strong>erit</strong></span> <span class='ocrx_word' id='word_1_206' title='bbox 982 2419 1014 2474; x_wconf 90' lang='lat' dir='ltr'><strong>in</strong></span> <span class='ocrx_word' id='word_1_207' title='bbox 1028 2416 1087 2474; x_wconf 90' lang='lat' dir='ltr'><strong>Dei</strong></span> 
     </span>
     <span class='ocr_line' id='line_1_28' title="bbox 39 2497 1086 2574; baseline -0.003 -20"><span class='ocrx_word' id='word_1_208' title='bbox 39 2503 96 2556; x_wconf 84' lang='lat' dir='ltr'><strong>veri</strong></span> <span class='ocrx_word' id='word_1_209' title='bbox 115 2501 251 2558; x_wconf 86' lang='lat' dir='ltr'><strong>Domini</strong></span> <span class='ocrx_word' id='word_1_210' title='bbox 277 2502 434 2556; x_wconf 77' lang='lat' dir='ltr'><strong>voluntate</strong></span> <span class='ocrx_word' id='word_1_211' title='bbox 460 2498 644 2574; x_wconf 86' lang='lat' dir='ltr'><strong>disquirendi</strong></span> <span class='ocrx_word' id='word_1_212' title='bbox 656 2517 691 2556; x_wconf 87' lang='lat' dir='ltr'><strong>ac</strong></span> <span class='ocrx_word' id='word_1_213' title='bbox 705 2501 870 2557; x_wconf 88' lang='lat' dir='ltr'><strong>disserendi</strong></span> <span class='ocrx_word' id='word_1_214' title='bbox 892 2502 985 2556; x_wconf 89' lang='lat' dir='ltr'><strong>locus.</strong></span> <span class='ocrx_word' id='word_1_215' title='bbox 1027 2497 1086 2552; x_wconf 84' lang='lat' dir='ltr'><strong>Va-</strong></span> 
     </span>
     <span class='ocr_line' id='line_1_29' title="bbox 40 2579 1087 2658; baseline -0.007 -18"><span class='ocrx_word' id='word_1_216' title='bbox 40 2593 195 2640; x_wconf 83' lang='lat' dir='ltr'><strong>runtameu</strong></span> <span class='ocrx_word' id='word_1_217' title='bbox 214 2585 242 2639; x_wconf 92' lang='lat' dir='ltr'><strong>si</strong></span> <span class='ocrx_word' id='word_1_218' title='bbox 255 2581 426 2658; x_wconf 87' lang='lat' dir='ltr'><strong>philosophi</strong></span> <span class='ocrx_word' id='word_1_219' title='bbox 438 2581 551 2658; x_wconf 85' lang='lat' dir='ltr'><strong>aliquid</strong></span> <span class='ocrx_word' id='word_1_220' title='bbox 568 2584 764 2652; x_wconf 84' lang='lat' dir='ltr'><strong>invenerunt,</strong></span> <span class='ocrx_word' id='word_1_221' title='bbox 791 2581 871 2654; x_wconf 92' lang='lat' dir='ltr'><strong>quod</strong></span> <span class='ocrx_word' id='word_1_222' title='bbox 889 2579 1022 2655; x_wconf 83' lang='lat' dir='ltr'><strong>agendae</strong></span> <span class='ocrx_word' id='word_1_223' title='bbox 1033 2579 1087 2634; x_wconf 90' lang='lat' dir='ltr'><strong>bo·</strong></span> 
     </span>
     <span class='ocr_line' id='line_1_30' title="bbox 39 2663 1086 2741; baseline -0.006 -21"><span class='ocrx_word' id='word_1_224' title='bbox 39 2685 92 2720; x_wconf 88' lang='lat' dir='ltr'><strong>nae</strong></span> <span class='ocrx_word' id='word_1_225' title='bbox 117 2669 202 2723; x_wconf 86' lang='lat' dir='ltr'><strong>vitae</strong></span> <span class='ocrx_word' id='word_1_226' title='bbox 231 2667 401 2741; x_wconf 84' lang='lat' dir='ltr'><strong>beataeque</strong></span> <span class='ocrx_word' id='word_1_227' title='bbox 426 2663 634 2738; x_wconf 82' lang='lat' dir='ltr'><strong>adipiscendae</strong></span> <span class='ocrx_word' id='word_1_228' title='bbox 661 2663 732 2717; x_wconf 88' lang='lat' dir='ltr'><strong>satis</strong></span> <span class='ocrx_word' id='word_1_229' title='bbox 754 2679 820 2717; x_wconf 88' lang='lat' dir='ltr'><strong>esso</strong></span> <span class='ocrx_word' id='word_1_230' title='bbox 837 2663 947 2736; x_wconf 81' lang='lat' dir='ltr'><strong>possit3</strong></span> <span class='ocrx_word' id='word_1_231' title='bbox 976 2668 1086 2734; x_wconf 86' lang='lat' dir='ltr'><strong>quanto</strong></span> 
     </span>
     <span class='ocr_line' id='line_1_31' title="bbox 39 2740 1088 2812; baseline -0.005 -10"><span class='ocrx_word' id='word_1_232' title='bbox 39 2749 150 2804; x_wconf 88' lang='lat' dir='ltr'><strong>iustius</strong></span> <span class='ocrx_word' id='word_1_233' title='bbox 165 2749 277 2805; x_wconf 87' lang='lat' dir='ltr'><strong>talibus</strong></span> <span class='ocrx_word' id='word_1_234' title='bbox 293 2748 390 2804; x_wconf 86' lang='lat' dir='ltr'><strong>divini</strong></span> <span class='ocrx_word' id='word_1_235' title='bbox 406 2746 534 2804; x_wconf 87' lang='lat' dir='ltr'><strong>honores</strong></span> <span class='ocrx_word' id='word_1_236' title='bbox 561 2740 814 2802; x_wconf 83' lang='lat' dir='ltr'><strong>decernerenturi</strong></span> <span class='ocrx_word' id='word_1_237' title='bbox 838 2746 956 2812; x_wconf 74' lang='lat' dir='ltr'><strong>Quanto</strong></span> <span class='ocrx_word' id='word_1_238' title='bbox 982 2743 1088 2798; x_wconf 88' lang='lat' dir='ltr'><strong>melius</strong></span> 
     </span>
     <span class='ocr_line' id='line_1_32' title="bbox 39 2828 1086 2906; baseline -0.004 -20"><span class='ocrx_word' id='word_1_239' title='bbox 39 2841 70 2886; x_wconf 92' lang='lat' dir='ltr'><strong>et</strong></span> <span class='ocrx_word' id='word_1_240' title='bbox 81 2830 242 2888; x_wconf 80' lang='lat' dir='ltr'><strong>honestius</strong></span> <span class='ocrx_word' id='word_1_241' title='bbox 258 2834 293 2890; x_wconf 87' lang='lat' dir='ltr'><strong>iu</strong></span> <span class='ocrx_word' id='word_1_242' title='bbox 307 2830 442 2890; x_wconf 87' lang='lat' dir='ltr'><strong>Platonis</strong></span> <span class='ocrx_word' id='word_1_243' title='bbox 455 2829 647 2904; x_wconf 85' lang='lat' dir='ltr'><strong>templolibri</strong></span> <span class='ocrx_word' id='word_1_244' title='bbox 662 2829 726 2884; x_wconf 88' lang='lat' dir='ltr'><strong>eius</strong></span> <span class='ocrx_word' id='word_1_245' title='bbox 739 2831 930 2906; x_wconf 88' lang='lat' dir='ltr'><strong>legerentur,</strong></span> <span class='ocrx_word' id='word_1_246' title='bbox 954 2828 1086 2902; x_wconf 82' lang='lat' dir='ltr'><strong>quanin</strong></span> 
     </span>
     <span class='ocr_line' id='line_1_33' title="bbox 39 2911 1085 2990; baseline -0.003 -22"><span class='ocrx_word' id='word_1_247' title='bbox 39 2917 151 2990; x_wconf 87' lang='lat' dir='ltr'><strong>templis</strong></span> <span class='ocrx_word' id='word_1_248' title='bbox 167 2915 357 2971; x_wconf 85' lang='lat' dir='ltr'><strong>daemonum</strong></span> <span class='ocrx_word' id='word_1_249' title='bbox 372 2913 451 2970; x_wconf 79' lang='lat' dir='ltr'><strong>Galli</strong></span> <span class='ocrx_word' id='word_1_250' title='bbox 468 2911 729 2982; x_wconf 82' lang='lat' dir='ltr'><strong>abscinderentur,</strong></span> <span class='ocrx_word' id='word_1_251' title='bbox 756 2913 859 2968; x_wconf 89' lang='lat' dir='ltr'><strong>molles</strong></span> <span class='ocrx_word' id='word_1_252' title='bbox 873 2929 1085 2967; x_wconf 86' lang='lat' dir='ltr'><strong>consecraren-</strong></span> 
     </span>
     <span class='ocr_line' id='line_1_34' title="bbox 39 2993 1088 3070; baseline -0.005 -17"><span class='ocrx_word' id='word_1_253' title='bbox 39 3009 100 3069; x_wconf 87' lang='lat' dir='ltr'><strong>tur,</strong></span> <span class='ocrx_word' id='word_1_254' title='bbox 126 3001 237 3055; x_wconf 86' lang='lat' dir='ltr'><strong>insani</strong></span> <span class='ocrx_word' id='word_1_255' title='bbox 257 3005 452 3067; x_wconf 84' lang='lat' dir='ltr'><strong>secarentur,</strong></span> <span class='ocrx_word' id='word_1_256' title='bbox 476 3004 506 3052; x_wconf 91' lang='lat' dir='ltr'><strong>et</strong></span> <span class='ocrx_word' id='word_1_257' title='bbox 532 2994 674 3070; x_wconf 84' lang='lat' dir='ltr'><strong>quioquid</strong></span> <span class='ocrx_word' id='word_1_258' title='bbox 696 2994 777 3051; x_wconf 79' lang='lat' dir='ltr'><strong>aliud</strong></span> <span class='ocrx_word' id='word_1_259' title='bbox 802 2997 851 3052; x_wconf 82' lang='lat' dir='ltr'><strong>rel</strong></span> <span class='ocrx_word' id='word_1_260' title='bbox 877 2993 1012 3066; x_wconf 89' lang='lat' dir='ltr'><strong>crudele,</strong></span> <span class='ocrx_word' id='word_1_261' title='bbox 1039 2995 1088 3050; x_wconf 85' lang='lat' dir='ltr'><strong>vel</strong></span> 
     </span>
     <span class='ocr_line' id='line_1_35' title="bbox 39 3077 1087 3155; baseline -0.002 -21"><span class='ocrx_word' id='word_1_262' title='bbox 39 3091 132 3154; x_wconf 87' lang='lat' dir='ltr'><strong>turpe,</strong></span> <span class='ocrx_word' id='word_1_263' title='bbox 145 3084 202 3139; x_wconf 84' lang='lat' dir='ltr'><strong>vel</strong></span> <span class='ocrx_word' id='word_1_264' title='bbox 214 3083 348 3155; x_wconf 89' lang='lat' dir='ltr'><strong>turpiter</strong></span> <span class='ocrx_word' id='word_1_265' title='bbox 363 3079 493 3150; x_wconf 84' lang='lat' dir='ltr'><strong>crudele,</strong></span> <span class='ocrx_word' id='word_1_266' title='bbox 506 3081 554 3135; x_wconf 81' lang='lat' dir='ltr'><strong>rel</strong></span> <span class='ocrx_word' id='word_1_267' title='bbox 568 3077 727 3135; x_wconf 85' lang='lat' dir='ltr'><strong>crudeliter</strong></span> <span class='ocrx_word' id='word_1_268' title='bbox 739 3085 826 3152; x_wconf 84' lang='lat' dir='ltr'><strong>turpe</strong></span> <span class='ocrx_word' id='word_1_269' title='bbox 834 3079 866 3135; x_wconf 90' lang='lat' dir='ltr'><strong>iu</strong></span> <span class='ocrx_word' id='word_1_270' title='bbox 879 3079 972 3134; x_wconf 79' lang='lat' dir='ltr'><strong>saeris</strong></span> <span class='ocrx_word' id='word_1_271' title='bbox 982 3077 1087 3132; x_wconf 84' lang='lat' dir='ltr'><strong>talium</strong></span> 
     </span>
     <span class='ocr_line' id='line_1_36' title="bbox 40 3157 1088 3228; baseline -0.003 -11"><span class='ocrx_word' id='word_1_272' title='bbox 40 3164 160 3222; x_wconf 86' lang='lat' dir='ltr'><strong>deornm</strong></span> <span class='ocrx_word' id='word_1_273' title='bbox 177 3165 330 3222; x_wconf 85' lang='lat' dir='ltr'><strong>celebrari</strong></span> <span class='ocrx_word' id='word_1_274' title='bbox 344 3159 438 3220; x_wconf 86' lang='lat' dir='ltr'><strong>seletl</strong></span> <span class='ocrx_word' id='word_1_275' title='bbox 472 3163 592 3228; x_wconf 77' lang='lat' dir='ltr'><strong>Quanto</strong></span> <span class='ocrx_word' id='word_1_276' title='bbox 606 3162 700 3218; x_wconf 83' lang='lat' dir='ltr'><strong>satius</strong></span> <span class='ocrx_word' id='word_1_277' title='bbox 716 3169 779 3216; x_wconf 83' lang='lat' dir='ltr'><strong>erat</strong></span> <span class='ocrx_word' id='word_1_278' title='bbox 792 3159 829 3216; x_wconf 86' lang='lat' dir='ltr'><strong>ed</strong></span> <span class='ocrx_word' id='word_1_279' title='bbox 842 3158 1037 3216; x_wconf 89' lang='lat' dir='ltr'><strong>erudiendum</strong></span> <span class='ocrx_word' id='word_1_280' title='bbox 1050 3157 1088 3214; x_wconf 88' lang='lat' dir='ltr'><strong>ed</strong></span> 
     </span>
     <span class='ocr_line' id='line_1_37' title="bbox 40 3243 1088 3320; baseline -0.002 -20"><span class='ocrx_word' id='word_1_281' title='bbox 40 3249 186 3304; x_wconf 85' lang='lat' dir='ltr'><strong>iustitiam</strong></span> <span class='ocrx_word' id='word_1_282' title='bbox 206 3250 416 3317; x_wconf 83' lang='lat' dir='ltr'><strong>iuventutem,</strong></span> <span class='ocrx_word' id='word_1_283' title='bbox 441 3246 556 3320; x_wconf 89' lang='lat' dir='ltr'><strong>publice</strong></span> <span class='ocrx_word' id='word_1_284' title='bbox 583 3246 703 3300; x_wconf 88' lang='lat' dir='ltr'><strong>recitari</strong></span> <span class='ocrx_word' id='word_1_285' title='bbox 728 3246 810 3320; x_wconf 87' lang='lat' dir='ltr'><strong>loges</strong></span> <span class='ocrx_word' id='word_1_286' title='bbox 837 3243 974 3314; x_wconf 89' lang='lat' dir='ltr'><strong>dearum,</strong></span> <span class='ocrx_word' id='word_1_287' title='bbox 1001 3259 1088 3316; x_wconf 80' lang='lat' dir='ltr'><strong>quam</strong></span> 
     </span>
     <span class='ocr_line' id='line_1_38' title="bbox 41 3322 1088 3407; baseline -0.004 -25"><span class='ocrx_word' id='word_1_288' title='bbox 41 3329 152 3386; x_wconf 85' lang='lat' dir='ltr'><strong>landari</strong></span> <span class='ocrx_word' id='word_1_289' title='bbox 166 3332 308 3387; x_wconf 89' lang='lat' dir='ltr'><strong>inaniter</strong></span> <span class='ocrx_word' id='word_1_290' title='bbox 321 3331 404 3407; x_wconf 88' lang='lat' dir='ltr'><strong>leges</strong></span> <span class='ocrx_word' id='word_1_291' title='bbox 419 3338 508 3404; x_wconf 88' lang='lat' dir='ltr'><strong>atque</strong></span> <span class='ocrx_word' id='word_1_292' title='bbox 521 3329 659 3384; x_wconf 86' lang='lat' dir='ltr'><strong>instituta</strong></span> <span class='ocrx_word' id='word_1_293' title='bbox 672 3322 834 3384; x_wconf 81' lang='lat' dir='ltr'><strong>maiorumi</strong></span> <span class='ocrx_word' id='word_1_294' title='bbox 878 3325 989 3383; x_wconf 89' lang='lat' dir='ltr'><strong>Omnes</strong></span> <span class='ocrx_word' id='word_1_295' title='bbox 1009 3325 1088 3380; x_wconf 87' lang='lat' dir='ltr'><strong>enim</strong></span> 
     </span>
     <span class='ocr_line' id='line_1_39' title="bbox 41 3406 1088 3483; baseline -0.007 -19"><span class='ocrx_word' id='word_1_296' title='bbox 41 3415 169 3470; x_wconf 86' lang='lat' dir='ltr'><strong>cultores</strong></span> <span class='ocrx_word' id='word_1_297' title='bbox 185 3415 298 3468; x_wconf 84' lang='lat' dir='ltr'><strong>talium</strong></span> <span class='ocrx_word' id='word_1_298' title='bbox 312 3410 452 3482; x_wconf 89' lang='lat' dir='ltr'><strong>deorum,</strong></span> <span class='ocrx_word' id='word_1_299' title='bbox 466 3428 536 3468; x_wconf 83' lang='lat' dir='ltr'><strong>mox</strong></span> <span class='ocrx_word' id='word_1_300' title='bbox 548 3419 582 3468; x_wconf 87' lang='lat' dir='ltr'><strong>ut</strong></span> <span class='ocrx_word' id='word_1_301' title='bbox 595 3428 646 3466; x_wconf 84' lang='lat' dir='ltr'><strong>eos</strong></span> <span class='ocrx_word' id='word_1_302' title='bbox 659 3408 752 3466; x_wconf 87' lang='lat' dir='ltr'><strong>libido</strong></span> <span class='ocrx_word' id='word_1_303' title='bbox 763 3409 935 3483; x_wconf 85' lang='lat' dir='ltr'><strong>perpulerit,</strong></span> <span class='ocrx_word' id='word_1_304' title='bbox 948 3406 1088 3471; x_wconf 76' lang='lat' dir='ltr'><strong>ferventi,</strong></span> 
     </span>
     <span class='ocr_line' id='line_1_40' title="bbox 41 3485 1088 3570; baseline -0.009 -22"><span class='ocrx_word' id='word_1_305' title='bbox 41 3503 73 3548; x_wconf 92' lang='lat' dir='ltr'><strong>ut</strong></span> <span class='ocrx_word' id='word_1_306' title='bbox 84 3497 124 3552; x_wconf 88' lang='lat' dir='ltr'><strong>ait</strong></span> <span class='ocrx_word' id='word_1_307' title='bbox 136 3496 288 3565; x_wconf 87' lang='lat' dir='ltr'><strong>Persius,</strong></span> <span class='ocrx_word' id='word_1_308' title='bbox 316 3496 413 3550; x_wconf 87' lang='lat' dir='ltr'><strong>tincta</strong></span> <span class='ocrx_word' id='word_1_309' title='bbox 437 3511 570 3564; x_wconf 77' lang='lat' dir='ltr'><strong>venene,</strong></span> <span class='ocrx_word' id='word_1_310' title='bbox 596 3494 691 3570; x_wconf 82' lang='lat' dir='ltr'><strong>nsagis</strong></span> <span class='ocrx_word' id='word_1_311' title='bbox 717 3493 873 3549; x_wconf 80' lang='lat' dir='ltr'><strong>intuentur</strong></span> <span class='ocrx_word' id='word_1_312' title='bbox 892 3489 964 3564; x_wconf 80' lang='lat' dir='ltr'><strong>quid</strong></span> <span class='ocrx_word' id='word_1_313' title='bbox 977 3485 1088 3558; x_wconf 85' lang='lat' dir='ltr'><strong>Iupiter</strong></span> 
     </span>
     <span class='ocr_line' id='line_1_41' title="bbox 43 3565 1091 3652; baseline -0.005 -23"><span class='ocrx_word' id='word_1_314' title='bbox 43 3576 165 3650; x_wconf 88' lang='lat' dir='ltr'><strong>lecerit,</strong></span> <span class='ocrx_word' id='word_1_315' title='bbox 195 3595 289 3652; x_wconf 88' lang='lat' dir='ltr'><strong>quam</strong></span> <span class='ocrx_word' id='word_1_316' title='bbox 302 3577 374 3652; x_wconf 93' lang='lat' dir='ltr'><strong>quid</strong></span> <span class='ocrx_word' id='word_1_317' title='bbox 388 3575 523 3633; x_wconf 84' lang='lat' dir='ltr'><strong>docuerit</strong></span> <span class='ocrx_word' id='word_1_318' title='bbox 536 3575 636 3647; x_wconf 81' lang='lat' dir='ltr'><strong>Plato,</strong></span> <span class='ocrx_word' id='word_1_319' title='bbox 661 3575 710 3632; x_wconf 79' lang='lat' dir='ltr'><strong>vel</strong></span> <span class='ocrx_word' id='word_1_320' title='bbox 724 3576 874 3632; x_wconf 86' lang='lat' dir='ltr'><strong>censuerit</strong></span> <span class='ocrx_word' id='word_1_321' title='bbox 892 3571 974 3628; x_wconf 86' lang='lat' dir='ltr'><strong>Cato.</strong></span> <span class='ocrx_word' id='word_1_322' title='bbox 1010 3565 1091 3624; x_wconf 84' lang='lat' dir='ltr'><strong>Hine</strong></span> 
     </span>
     <span class='ocr_line' id='line_1_42' title="bbox 42 3654 1089 3737; baseline -0.009 -21"><span class='ocrx_word' id='word_1_323' title='bbox 42 3661 114 3732; x_wconf 80' lang='lat' dir='ltr'><strong>apud</strong></span> <span class='ocrx_word' id='word_1_324' title='bbox 128 3661 317 3720; x_wconf 86' lang='lat' dir='ltr'><strong>Terentium</strong></span> <span class='ocrx_word' id='word_1_325' title='bbox 330 3657 500 3737; x_wconf 79' lang='lat' dir='ltr'><strong>flagitiosus</strong></span> <span class='ocrx_word' id='word_1_326' title='bbox 526 3657 698 3714; x_wconf 88' lang='lat' dir='ltr'><strong>adolescens</strong></span> <span class='ocrx_word' id='word_1_327' title='bbox 713 3665 825 3730; x_wconf 82' lang='lat' dir='ltr'><strong>spectat</strong></span> <span class='ocrx_word' id='word_1_328' title='bbox 841 3654 970 3710; x_wconf 86' lang='lat' dir='ltr'><strong>tabulam</strong></span> <span class='ocrx_word' id='word_1_329' title='bbox 996 3667 1089 3726; x_wconf 72' lang='lat' dir='ltr'><strong>quan-</strong></span> 
     </span>
     <span class='ocr_line' id='line_1_43' title="bbox 46 3732 1089 3820; baseline -0.005 -25"><span class='ocrx_word' id='word_1_330' title='bbox 46 3740 106 3798; x_wconf 84' lang='lat' dir='ltr'><strong>dam</strong></span> <span class='ocrx_word' id='word_1_331' title='bbox 117 3746 236 3820; x_wconf 87' lang='lat' dir='ltr'><strong>pictam</strong></span> <span class='ocrx_word' id='word_1_332' title='bbox 251 3745 284 3798; x_wconf 93' lang='lat' dir='ltr'><strong>iu</strong></span> <span class='ocrx_word' id='word_1_333' title='bbox 297 3743 432 3817; x_wconf 89' lang='lat' dir='ltr'><strong>pariete,</strong></span> <span class='ocrx_word' id='word_1_334' title='bbox 455 3743 507 3800; x_wconf 88' lang='lat' dir='ltr'><strong>ubi</strong></span> <span class='ocrx_word' id='word_1_335' title='bbox 532 3743 631 3798; x_wconf 88' lang='lat' dir='ltr'><strong>iuerat</strong></span> <span class='ocrx_word' id='word_1_336' title='bbox 655 3741 772 3815; x_wconf 86' lang='lat' dir='ltr'><strong>pictura</strong></span> <span class='ocrx_word' id='word_1_337' title='bbox 797 3737 888 3806; x_wconf 86' lang='lat' dir='ltr'><strong>hacc,</strong></span> <span class='ocrx_word' id='word_1_338' title='bbox 907 3732 1013 3790; x_wconf 82' lang='lat' dir='ltr'><strong>lovem</strong></span> <span class='ocrx_word' id='word_1_339' title='bbox 1032 3751 1089 3809; x_wconf 92' lang='lat' dir='ltr'><strong>quo</strong></span> 
     </span>
     <span class='ocr_line' id='line_1_44' title="bbox 48 3816 1090 3901; baseline -0.006 -21"><span class='ocrx_word' id='word_1_340' title='bbox 48 3836 128 3898; x_wconf 85' lang='lat' dir='ltr'><strong>pacto</strong></span> <span class='ocrx_word' id='word_1_341' title='bbox 143 3825 257 3884; x_wconf 72' lang='lat' dir='ltr'><strong>Danai</strong></span> <span class='ocrx_word' id='word_1_342' title='bbox 271 3827 394 3882; x_wconf 88' lang='lat' dir='ltr'><strong>misisse</strong></span> <span class='ocrx_word' id='word_1_343' title='bbox 404 3827 490 3882; x_wconf 87' lang='lat' dir='ltr'><strong>aiunt</strong></span> <span class='ocrx_word' id='word_1_344' title='bbox 502 3826 534 3881; x_wconf 90' lang='lat' dir='ltr'><strong>in</strong></span> <span class='ocrx_word' id='word_1_345' title='bbox 547 3825 693 3901; x_wconf 84' lang='lat' dir='ltr'><strong>gremium</strong></span> <span class='ocrx_word' id='word_1_346' title='bbox 718 3818 867 3896; x_wconf 87' lang='lat' dir='ltr'><strong>quondam</strong></span> <span class='ocrx_word' id='word_1_347' title='bbox 892 3816 1014 3876; x_wconf 83' lang='lat' dir='ltr'><strong>imbrem</strong></span> <span class='ocrx_word' id='word_1_348' title='bbox 1037 3829 1090 3876; x_wconf 78' lang='lat' dir='ltr'><strong>ou·</strong></span> 
     </span>
    </p>
   </div>
   <div class='ocr_carea' id='block_1_8' title="bbox 0 0 1308 4416">
    <p class='ocr_par' dir='ltr' id='par_1_8' title="bbox 0 0 1308 4416">
     <span class='ocr_line' id='line_1_45' title="bbox 0 0 1308 4416; baseline 0 0"><span class='ocrx_word' id='word_1_349' title='bbox 0 0 1308 4416; x_wconf 95' lang='lat' dir='ltr'><strong> </strong></span> 
     </span>
    </p>
   </div>
  </div>
 </body>
</html>
