2590 4396
259 205 323 264 DE
347 205 559 264 CIVITATE
585 206 664 266 DEI
690 205 771 265 blB.
793 209 826 265 V.
1002 213 1057 268 143

90 361 168 429 Quid
188 370 236 416 est
254 377 343 438 ergo,
370 359 446 434 quod
463 357 565 425 Cicero
578 362 678 416 timuit
689 361 720 416 in
734 363 926 436 praescientia
941 364 1057 420 lutura-

38 469 104 518 rurn,
117 456 153 503 ut
167 444 423 500 eam-labefactare
436 442 633 518 disputatione
646 443 813 501 detestabili
826 443 987 504 niteretnri
1006 446 1057 503 Vi-

36 534 134 590 delicet
148 531 222 604 quia
234 529 261 584 si
271 528 417 603 praescita
429 536 499 583 sunt
511 529 608 585 onmia
620 528 729 600 futura,
743 527 798 586 boc
811 529 914 586 ordine
926 532 1057 604 venient,

35 636 85 692 quo
98 623 230 671 ventura
243 629 308 668 esse
320 612 466 686 praescito
479 621 563 668 sunt:
585 621 615 668 et
626 613 653 668 si
665 610 720 669 boc
734 612 837 670 ordine
849 613 982 686 venient,
994 632 1057 670 eer-

33 712 75 756 tus
94 706 140 754 est
159 696 234 753 ordo
253 713 354 752 rerum
372 696 549 769 praescienti
561 693 641 753 Deo:
668 698 736 754 etsi
754 707 853 754 certus
867 707 913 754 cst
925 697 996 754 ordo
1010 717 1058 754 re·

33 803 102 853 rum,
126 790 231 838 certus
245 789 291 836 est
303 778 376 836 ordo
391 793 558 852 causarum3
586 799 645 837 nou
658 781 736 837 enisa
748 781 859 858 aliquid
871 781 936 838 lieri
948 790 1057 857 potest,

32 866 102 943 quod
123 883 189 922 non
207 866 307 940 aliqua
327 861 453 920 efficiens
474 881 562 920 eausa
580 867 785 939 praecesserit:
811 866 837 922 si
850 875 946 922 autem
961 875 1058 922 certus

32 961 73 1007 est
85 949 159 1006 ordo
175 948 346 1020 causardm,
361 964 419 1022 quo
433 945 468 1004 fit
481 965 567 1004 omne
579 947 656 1024 quod
669 947 716 1020 fit3
742 949 818 1021 fato,
844 949 957 1026 inquid,
982 949 1059 1006 fiunt

31 1037 122 1091 omnia
137 1051 217 1108 quae
230 1032 315 1088 fiunt.
341 1029 465 1098 Quodsi
478 1032 520 1088 ita
532 1041 588 1103 est,
601 1030 675 1088 nibil
687 1042 732 1090 est
745 1034 777 1090 in
790 1041 891 1091 nostra
903 1041 1057 1110 potestate,
1089 1047 1091 1054 ⁴

31 1121 202 1194 nullumque
212 1125 260 1172 est
266 1116 420 1172 arbitrium
428 1117 602 1174 voluntatis:
616 1114 692 1192 quod
703 1117 729 1172 si
739 1117 937 1188 concedimus,
950 1118 1057 1193 inquit,

31 1205 123 1259 omnis
136 1199 269 1257 bumana
280 1200 343 1257 rita
357 1199 550 1271 subvertitur3
576 1200 686 1256 frustra
699 1202 780 1278 leges
800 1200 922 1272 dantur3
948 1200 1058 1257 frustra

32 1286 264 1365 obiurgationes,
286 1281 397 1354 laudes,
421 1284 668 1358 vituperationes,
690 1283 906 1340 exhortationes
921 1282 1058 1340 adhiben-

32 1381 90 1443 tur3
114 1387 217 1446 neque
231 1369 292 1424 ulla
304 1368 419 1423 iustitia
429 1367 512 1424 bonis
526 1368 669 1441 praemia,
696 1376 726 1423 et
737 1369 820 1423 melis
833 1369 974 1442 supplicia
988 1385 1058 1423 con-

32 1457 132 1510 stituta
145 1461 226 1509 sunt.
253 1450 337 1508 Haec
352 1469 424 1529 ergo
435 1469 473 1507 ne
486 1459 705 1526 consequantur
716 1450 839 1529 indigna
852 1461 882 1508 et
893 1450 1017 1508 absurda
1031 1459 1061 1508 et

32 1539 195 1612 perniciose
208 1535 299 1593 rebus
313 1533 461 1607 humanis,
487 1555 546 1593 non
560 1537 625 1593 vult
637 1553 702 1592 esse
715 1536 936 1610 praescientiam
948 1534 1060 1591 futuro-

32 1641 106 1678 rum:
133 1629 224 1695 atque
242 1621 276 1676 in
294 1618 347 1674 bas
366 1621 518 1696 augustias
532 1619 637 1677 Cicero
657 1628 787 1677 coarctat
799 1621 927 1676 animum
939 1620 1059 1698 religio·

33 1725 102 1778 sum,
115 1715 151 1762 ut
160 1723 256 1760 unum
266 1705 384 1781 eligate
395 1702 517 1775 duobus,
531 1713 583 1760 aut
594 1721 659 1759 esse
673 1703 784 1779 aliquid
795 1705 828 1760 in
841 1713 942 1761 nostra
954 1704 1060 1760 volun'-

33 1799 98 1862 tate,
111 1798 165 1846 aut
179 1805 247 1843 esse
260 1787 485 1863 praescientiam
498 1787 676 1875 brtororung·
695 1789 832 1864 quoniam
844 1797 1000 1862 utrumque
1013 1803 1060 1843 ar·

33 1875 152 1934 bitratur
166 1889 310 1928 essenon
323 1887 422 1946 posse,
437 1870 489 1926 sed
502 1873 528 1926 si
541 1874 664 1930 alterum
678 1872 913 1942 confirmabitur,
938 1874 1062 1928 alterum

34 1960 105 2030 tolli,
133 1958 163 2013 si
175 1957 354 2034 elegerimus
367 1956 592 2030 praescientiam
608 1955 791 2028 firturorum,
817 1957 882 2014 tolli
900 1955 1061 2033 voluntatis

35 2043 202 2112 arbitrium}
229 2042 255 2096 si
268 2037 444 2118 elegerimus
457 2041 617 2096 voluntatis
631 2041 795 2112 arbitrium,
818 2041 882 2096 tolli
894 2040 1060 2114 praescien-

35 2129 95 2183 tiam
107 2127 292 2183 futurornm.
319 2123 385 2199 lpse
399 2123 497 2197 itaque
510 2132 543 2179 ut
554 2125 601 2180 vir
613 2141 736 2202 magnus
749 2132 780 2180 ιι
796 2121 914 2194 doctus,
941 2131 971 2177 et
982 2122 1061 2178 ritae

35 2208 174 2267 humanae
196 2209 402 2283 plurimamae
420 2209 597 2281 peritissime
620 2209 793 2279 consulens,
822 2223 860 2262 ex
880 2205 925 2262 his
948 2205 1061 2262 duobus

35 2296 115 2372 elegit
127 2294 262 2350 liberum
273 2292 435 2348 voluntatis
449 2292 614 2349 arbitrium:
628 2291 706 2367 quod
719 2301 754 2348 ut
762 2291 994 2362 confirmaretur,
1009 2309 1062 2346 ne-

35 2381 109 2454 gavit
122 2377 355 2453 praescientiam
367 2374 549 2432 futurorum:
568 2384 656 2450 atque
670 2378 712 2433 ita
724 2376 791 2432 dum
804 2377 867 2432 vult
879 2376 977 2432 iacere
990 2375 1061 2430 libe-

34 2479 90 2533 ros,
101 2463 176 2518 facit
189 2461 363 2538 sacrilegos.
377 2457 545 2536 Religiosus
558 2469 656 2520 autem
669 2462 783 2516 animus
797 2469 953 2533 utrumque
967 2459 1062 2535 eligit,

34 2557 188 2621 auumque
202 2543 374 2614 confitetur,
389 2552 419 2598 ot
430 2542 487 2598 fide
501 2545 618 2617 pietatis
632 2552 788 2616 utrumque
801 2542 962 2606 confirmat.
982 2542 1062 2606 Quo-

32 2629 130 2701 modo,
153 2623 272 2704 inquit?
298 2625 374 2683 Nam
386 2629 411 2682 si
425 2636 470 2682 ιιι
482 2626 679 2701 praescientia
696 2625 879 2694 futurorum,
903 2631 1063 2697 sequentur

32 2715 85 2768 illa
100 2713 213 2782 omnia,
232 2729 308 2786 quae
326 2726 459 2766 connexa
473 2717 553 2782 suut,
573 2707 666 2765 donec
680 2725 715 2764 co
728 2708 926 2782 perveniatur,
945 2715 978 2761 ut
990 2703 1064 2762 nihil

32 2799 75 2852 sit
88 2796 122 2851 in
136 2804 236 2852 nostra
247 2797 423 2852 voluntate:
441 2794 535 2851 Porro
548 2795 574 2849 si
588 2802 633 2848 est
645 2790 755 2868 aliquid
768 2792 800 2848 in
813 2800 915 2848 nostra
926 2791 1062 2847 volunta-

31 2891 78 2953 ιι,
106 2878 216 2936 eisdem
232 2875 362 2935 recurssi
380 2879 516 2956 gradibus
536 2897 572 2935 eo
591 2877 777 2953 pervenitur,
803 2885 908 2931 utnon
922 2876 962 2930 sit
977 2892 1062 2950 prae-

32 2966 158 3022 scientia
172 2964 351 3019 futurorum.
388 2961 462 3020 Nam
480 2981 533 3037 per
546 2964 597 3018 illa
611 2962 708 3018 onmia
721 2962 765 3017 sic
778 2961 953 3016 recurritur:
979 2960 1005 3016 si
1018 2947 1080 3014 est⁰

31 3049 192 3106 voluntatis
212 3048 382 3116 arbitrium,
406 3063 465 3102 non
480 3045 576 3103 omnia
589 3045 650 3102 fato
664 3045 753 3102 fiunt:
779 3045 879 3101 sinon
893 3044 991 3100 omnis
1003 3043 1063 3099 lato

30 3134 113 3205 fiunt,
135 3149 201 3188 non
215 3141 259 3186 est
272 3133 404 3187 omnium
418 3139 516 3186 certus
532 3129 603 3188 ordo
617 3147 783 3187 causarum:
811 3130 838 3185 si
851 3137 947 3184 certus
961 3145 1062 3184 carisa-

31 3234 93 3274 rum
107 3216 184 3273 ordo
197 3223 335 3284 nonest,
361 3233 416 3269 nec
433 3233 532 3269 rerum
545 3223 641 3271 certus
656 3223 702 3270 est
713 3213 783 3271 ordo
796 3213 973 3288 praescienti
987 3211 1063 3281 Deo,

31 3321 101 3376 quae
116 3301 188 3358 fieri
201 3317 263 3354 non
273 3306 409 3373 possunt,
423 3299 481 3354 nisi
492 3299 732 3372 praecedentibus
746 3307 776 3354 et
789 3296 981 3358 efficientibus
995 3312 1063 3351 cau·

29 3388 83 3441 cis:
110 3387 137 3441 si
149 3401 256 3440 rerum
270 3380 344 3439 ordo
357 3383 534 3457 praescienti
547 3381 612 3440 Deo
626 3391 724 3438 certus
739 3399 800 3437 uon
814 3391 874 3451 est,
893 3399 954 3437 non
967 3380 1064 3437 omnic

29 3472 73 3525 sie
86 3471 229 3539 veniunt,
252 3474 288 3520 ιιι
306 3483 341 3520 ea
359 3475 485 3523 ventura
497 3468 668 3541 praescivit:
694 3483 782 3540 porro
797 3466 823 3521 si
835 3483 896 3520 non
909 3463 1007 3520 omnia
1021 3462 1064 3514 sie

29 3544 168 3624 veniunt,
187 3560 226 3608 ut
239 3551 276 3606 ab
290 3551 341 3606 illo
352 3559 477 3607 ventura
489 3552 633 3625 praescita
646 3558 732 3620 sunt,
750 3565 809 3604 non
824 3557 884 3620 est,
904 3545 1018 3618 inquit,
1032 3544 1064 3598 in

31 3637 94 3694 Deo
107 3635 313 3713 praescientia
326 3636 454 3691 omnium
467 3634 641 3690 futurortun.

90 3723 159 3779 Non
173 3720 321 3776 adversus
335 3719 407 3774 istos
422 3720 580 3795 sacrilegos
594 3733 681 3774 aussu
696 3723 782 3790 atque
795 3716 910 3788 impios,
929 3721 958 3769 et
970 3711 1064 3770 Deum

31 3806 152 3863 dicimus
168 3804 274 3860 omnia
288 3803 374 3874 scire,
399 3811 553 3878 antequam
567 3801 655 3873 fiant3
681 3808 711 3854 et
722 3799 873 3854 voluntate
888 3815 942 3853 nos
956 3797 1064 3866 facere,

33 3891 174 3967 quicquid
188 3908 207 3944 a
222 3887 309 3944 nobis
323 3902 383 3942 non
396 3887 455 3943 nisi
468 3885 632 3943 volentibus
646 3883 711 3940 fieri
725 3884 865 3939 sentimus
879 3891 908 3937 et
921 3882 1061 3938 novimus.
