2592 4396
204 206 266 261 364
432 195 530 256 DlVl
555 191 742 252 AVRELll
766 188 1021 249 AVGVSTlNl

205 374 307 434 pacem
320 345 444 420 fecerat,
457 367 495 404 ex
509 367 541 404 re
554 349 619 420 ipso
631 346 742 402 faceret
754 342 901 416 implendo
914 344 1079 418 meliorem,
1101 347 1183 420 prius
1196 347 1234 404 la·

206 442 287 496 ciens
301 431 456 492 excitando
469 425 647 488 aridiorem?
1049 501 1051 506 Ι
1264 440 1265 480 l

268 519 344 576 Nam
358 526 388 572 et
400 515 455 572 hoc
469 512 683 570 discutiendum
696 519 751 582 est,
766 511 792 566 si
803 509 874 566 boni
886 511 994 588 Angeli
1006 513 1062 587 ipsi
1074 513 1107 568 in
1120 530 1152 568 se
1164 512 1235 569 fece·
1265 543 1266 556 ι

206 612 278 662 runt
290 604 474 659 voluntatem
487 598 607 668 bonam,
628 604 728 652 utrum
740 595 838 669 aliqua
851 612 927 665 eam,
947 613 985 650 an
999 597 1080 651 nulla
1092 597 1237 652 voluntate
1266 644 1267 676 ,

206 680 357 745 feceruntl
372 681 407 739 Si
419 683 511 752 nulla,
524 682 626 754 utique
639 698 695 736 nec
708 677 853 734 fecerunt.
881 675 915 734 si
928 679 1037 753 aliqua,
1049 688 1148 735 utrum
1157 681 1237 751 mala,

208 791 247 828 an
259 764 353 826 bonai
381 764 415 822 si
433 765 527 834 mala,
551 762 694 838 quomodo
713 779 778 816 csse
794 763 893 834 potuit
911 762 987 816 mala
999 763 1138 818 voluntas
1150 761 1239 819 bonae
1267 781 1268 804 ³

207 852 368 912 voluntatis
383 842 534 903 effectrix‘l
560 844 594 902 Si
606 847 693 914 bona,
707 845 765 900 iam
778 862 848 922 ergo
862 843 1016 902 habebant.
1029 843 1070 901 Et
1081 846 1167 901 istam
1177 848 1239 920 quis
1268 848 1269 880 l

209 938 331 1004 fecerat,
345 933 405 989 nisi
417 932 467 986 ille
480 931 530 1005 qui
544 947 593 984 eos
608 947 674 984 cum
685 928 763 984 bona
775 930 938 998 voluntate,
953 926 1053 999 idest,
1069 947 1134 984 oum
1148 947 1240 984 amore
1269 950 1270 982 l

209 1026 302 1088 casto,
316 1034 373 1090 quo
388 1015 432 1070 illi
445 1011 648 1082 adhaererent,
663 1011 785 1081 crearit,
799 1012 887 1068 simul
893 1006 949 1086 [in]
958 1013 1000 1068 eis
1012 1021 1042 1067 et
1051 1010 1179 1068 condens
1192 1031 1241 1068 na·
1270 1052 1271 1084 ι

209 1112 317 1170 turam,
333 1107 363 1154 et
375 1097 505 1174 largiens
521 1090 665 1174 gratiaml
680 1093 764 1150 Vnde
778 1095 843 1150 sine
856 1095 933 1151 bona
946 1095 1108 1165 voluntate,
1121 1093 1176 1151 hoc
1190 1104 1241 1166 est,
1271 1154 1272 1160 χ

150 1196 153 1200 ’
210 1184 270 1244 Dei
282 1199 396 1252 amore,
423 1197 573 1253 nunquam
586 1177 848 1254 sanotosAngelos
867 1177 975 1249 fuisse,
1004 1177 1180 1234 credendum
1193 1188 1243 1234 est.

211 1266 265 1324 lsti
278 1273 390 1335 autem,
415 1263 467 1338 qui
481 1279 545 1318 cum
558 1262 629 1318 boni
642 1261 734 1316 creati
747 1269 860 1332 essent,
883 1269 982 1317 tamen
994 1261 1065 1317 mali
1077 1271 1159 1332 suut,
1172 1263 1245 1316 mala

210 1350 330 1425 propria
343 1349 505 1417 voluntate,
520 1363 605 1420 quam
617 1344 695 1400 bona
707 1352 813 1399 natura
824 1362 884 1400 non
894 1343 975 1418 fecit,
988 1345 1048 1400 uisi
1062 1361 1127 1400 cum
1140 1362 1158 1399 a
1170 1345 1244 1400 bono

211 1441 315 1508 sponte
329 1429 445 1499 defecit,
459 1437 494 1484 ut
505 1429 575 1486 mali
588 1445 676 1483 causa
690 1445 749 1482 non
764 1427 803 1481 sit
816 1427 942 1498 bonum,
957 1427 1007 1482 sed
1021 1426 1152 1482 delectus
1166 1446 1183 1482 a
1195 1427 1244 1482 bo·
1274 1458 1275 1490 ι

211 1536 268 1586 no,
293 1523 343 1570 aut
359 1514 502 1568 minorem
521 1520 699 1586 acceperunt
712 1510 819 1565 amoris
833 1509 927 1566 divini
940 1511 1081 1588 gratiam,
1105 1527 1192 1584 quam
1206 1512 1247 1564 illi
1275 1560 1276 1584 ,

211 1600 263 1676 qui
276 1600 308 1652 in
322 1595 422 1652 eadem
435 1596 643 1668 perstiterunt3
669 1602 720 1649 aut
733 1593 759 1648 si
772 1594 890 1667 utrique
902 1592 972 1648 boni
985 1594 1146 1667 aequaliter
1159 1594 1247 1649 creati
1276 1662 1277 1668 ἵ

211 1690 292 1750 sunt,
307 1681 371 1735 istis
384 1680 461 1734 mala
470 1679 623 1734 voluntate
633 1675 816 1748 cadentibus,
830 1677 875 1732 illi
884 1677 1006 1751 amplius
1019 1675 1123 1747 adiuti,
1137 1676 1173 1732 ad
1187 1695 1248 1736 cam

212 1763 401 1821 beatitudinis
410 1760 636 1836 plenitudinem,
656 1758 733 1815 unde
746 1777 778 1813 se
792 1777 945 1834 nunquam
958 1777 1076 1816 casuros
1091 1761 1249 1816 certissimi

211 1847 332 1918 fierent,
357 1853 568 1920 pervenerunt:
596 1845 671 1898 sicut
684 1844 743 1898 iam
757 1845 844 1900 etiam
857 1844 889 1898 iu
903 1843 996 1914 libro,
1020 1860 1106 1916 quem
1119 1846 1250 1919 sequitur

211 1932 276 2000 isto,
286 1929 485 1984 tractavimus.
498 1925 700 1984 Confitendum
708 1934 752 1981 est
760 1927 852 2004 igitur
861 1925 1250 1984 cumdebitalauchrcato·

210 2015 270 2084 ris,
294 2031 355 2068 non
371 2010 408 2067 ad
426 2012 502 2066 solos
521 2017 639 2064 sanctos
657 2007 791 2065 homines
805 2011 967 2084 pertinere,
1001 2027 1103 2066 verum
1116 2011 1206 2066 etiam
1219 2009 1252 2064 dc
1280 2070 1281 2088 χ

212 2097 321 2151 sanctis
333 2093 454 2170 Angelis
468 2109 555 2166 posse
569 2090 637 2162 dici,
651 2091 730 2168 quod
743 2094 849 2148 caritas
860 2091 917 2148 Dei
928 2090 1033 2148 diffusa
1047 2093 1086 2148 sit
1097 2093 1130 2149 in
1145 2095 1188 2150 cis
1201 2112 1252 2168 per

212 2175 355 2252 Spiritum
369 2185 514 2246 sanctum,
529 2175 580 2250 qui
593 2174 677 2230 datus
691 2184 736 2230 est
749 2176 806 2248 eis3
829 2194 883 2232 nec
897 2184 1013 2232 tantum
1024 2173 1189 2248 hominum,
1203 2177 1254 2233 sed
1281 2172 1282 2216 l

210 2263 347 2334 primitus
365 2260 576 2332 praecipueque
589 2257 770 2334 Angelorum
788 2258 896 2314 bonum
910 2277 989 2331 esse,
1013 2257 1091 2334 quod
1110 2261 1255 2334 scriptum

212 2351 271 2397 est:
285 2339 363 2396 Mitt
375 2349 473 2395 cutem
487 2337 653 2396 adhaerere
665 2337 741 2410 Deo,
752 2341 855 2398 donum
869 2352 923 2398 cst.
945 2341 1012 2398 Hoc
1024 2343 1133 2399 bonum
1148 2344 1255 2419 quibus

211 2441 367 2479 commune
386 2431 447 2493 est,
469 2419 580 2478 habent
593 2431 623 2478 et
637 2441 704 2478 cum
721 2424 772 2480 illo
787 2425 835 2480 cui
852 2423 1010 2482 adhaerent
1023 2434 1053 2481 et
1066 2426 1147 2483 inter
1161 2445 1195 2482 se
1209 2446 1256 2484 so·

212 2507 349 2563 cietatem
362 2514 504 2575 ranetam,
518 2513 548 2560 et
560 2514 630 2562 sunt
640 2524 701 2562 una
711 2506 821 2564 Civitas
837 2507 905 2581 Dei,
920 2509 1078 2584 eademque
1090 2511 1196 2567 vivum
1210 2529 1258 2566 sa-

213 2590 357 2646 criticium
376 2590 439 2644 cius
458 2589 616 2665 vivumque
634 2593 774 2666 templum
793 2591 867 2647 eius.
889 2590 980 2648 Cuius
997 2585 1065 2666 par's
1085 2611 1164 2668 quae
1183 2613 1258 2650 cou-

210 2673 362 2752 iungenda
378 2671 590 2729 immortalibus
603 2672 725 2751 Angelis
745 2692 782 2730 ex
800 2674 971 2732 mortalibus
992 2673 1162 2732 hominibus
1184 2695 1259 2733 con·

211 2766 369 2835 gregatur,
394 2765 424 2812 et
439 2774 519 2812 nunc
531 2757 695 2811 mortaliter
708 2759 915 2835 peregrinatur
928 2759 960 2814 in
975 2759 1077 2830 terris,
1101 2761 1152 2815 vel
1166 2761 1202 2816 in
1217 2762 1260 2815 eis

212 2842 262 2914 qui
274 2847 369 2894 morte
383 2838 535 2907 obierunt,
562 2841 683 2893 secretis
698 2841 861 2896 animarum
873 2843 1064 2914 receptaculis
1077 2840 1261 2918 sedibusque

209 2921 380 2995 requiescit,
395 2919 498 2973 eodem
511 2917 576 2976 Deo
589 2929 723 2992 creante,
738 2923 978 2997 quemadmodum
991 2933 1095 2981 exorta
1108 2927 1165 2998 sit,
1180 2929 1261 2982 sicut

210 3001 246 3056 de
259 3003 373 3078 angelis
387 3001 497 3056 dictum
511 3009 566 3071 cst,
580 3002 639 3057 iam
648 3002 734 3060 video
748 3023 813 3061 esse
826 3005 990 3064 dicendum.
1008 3006 1057 3064 Ex
1070 3026 1131 3064 uuo
1147 3011 1261 3086 quippe

209 3082 343 3156 homine,
365 3101 452 3157 quem
464 3085 589 3157 primum
602 3083 684 3141 Deus
699 3088 848 3161 condidit,
861 3109 957 3168 genus
970 3088 1132 3147 humanum
1148 3094 1263 3148 sumsit

211 3166 376 3236 exordium,
391 3166 552 3222 secundum
565 3179 685 3226 sanctae
699 3169 870 3248 Scripturae
883 3171 987 3246 fidem,
1002 3192 1076 3249 quae
1087 3175 1263 3232 mirabilem

210 3251 415 3306 auctoritatem
434 3268 496 3305 non
514 3251 661 3309 immerito
682 3252 770 3312 habet
788 3257 820 3312 in
841 3255 912 3312 orbe
930 3266 1093 3329 terrarum,
1119 3267 1215 3334 atquc
1229 3260 1262 3314 in

210 3333 346 3390 omnibus
360 3333 514 3412 gentibus,
536 3352 609 3409 quas
627 3338 683 3394 sibi
697 3357 762 3395 esse
781 3339 944 3398 credituras
958 3343 1037 3398 inter
1051 3349 1173 3398 caetera
1187 3359 1264 3398 vera

209 3434 285 3493 quae
300 3416 386 3489 dixit,
400 3435 471 3474 vcra
484 3416 640 3476 divinitate
651 3423 808 3496 praedixit.
1090 3413 1096 3422 ⁸

624 3519 747 3578 CAP.
789 3521 832 3578 X.

207 3593 250 3649 Dc
265 3597 398 3670 falsitate
413 3598 471 3650 eius
486 3596 632 3663 historiae,
651 3615 721 3666 quae
735 3605 821 3654 malta
836 3602 922 3654 millia
942 3619 1074 3656 annorum
1088 3603 1264 3670 praeteritis

567 3669 731 3735 temporibus
741 3670 886 3724 adscribat.

271 3754 448 3812 Omittamus
467 3757 559 3832 igitur
580 3759 765 3817 coniecturas
787 3760 937 3818 hominum
960 3762 1161 3818 nescientium
1186 3761 1266 3837 quid

210 3837 369 3911 loquantur
380 3837 416 3894 de
429 3847 534 3895 natura
546 3842 594 3896 vel
607 3841 794 3902 institutione
808 3847 927 3922 generis
940 3843 1069 3904 humani.
1093 3845 1156 3902 Alii
1170 3864 1249 3904 nam
