2592 4396
665 17 675 48 l

267 161 325 220 DE
349 161 554 226 ClVl‘l'ATll
577 164 653 224 DEI
673 167 752 228 Llli.
773 173 863 234 xlv.
1075 191 1093 244 7

47 325 81 375 et
98 323 241 390 tauquam
255 313 363 372 melum
375 323 509 374 usturam
522 318 619 374 carnis
633 329 764 391 accusat,
779 324 908 396 profecto
923 336 952 382 ct
965 329 1090 389 animam

47 397 218 452 carnaliter
233 397 358 472 appetit,
384 406 414 453 et
427 415 545 456 earnem
561 403 717 458 carnaliter
730 402 820 480 fugit:
848 409 982 480 quoniam
994 412 1024 466 id
1038 430 1088 469 va·

47 481 152 536 nitate
165 480 259 536 scutit
271 477 411 550 bumana,
436 499 495 540 nou
508 483 632 540 veritate
658 481 765 540 divina.
808 485 874 542 Non
894 488 1007 562 quidem
1023 491 1089 547 Pla-

46 561 164 642 tonici,
193 561 269 618 siout
279 557 444 620 Manichaei
459 561 617 638 desipiunt,
641 575 675 622 ιιι
694 574 831 642 tanquam
860 570 929 625 mali
956 579 1090 628 naturam

47 653 176 702 terrena
192 660 314 716 corpora
327 640 522 716 detestantem
549 665 614 704 cuns
627 650 724 707 omnia
739 650 898 718 elementa,
913 652 1017 725 quibus
1034 653 1091 708 iste

46 723 183 784 mundus
198 722 323 780 risibilis
338 728 609 804 contrectabilisque
621 740 785 805 compactus
800 743 862 802 ιιι,
881 735 1091 808 qualitatesque

46 825 155 864 eorum
168 803 235 862 Deo
249 805 355 864 artifici
369 809 507 866 tribuant.
551 809 754 870 Verumtamen
770 833 807 870 ex
825 817 950 872 terrenis
968 817 1090 872 artubus

45 889 297 963 moribundisque
308 888 442 946 membris
456 895 497 948 sic
511 891 584 950 allici
598 897 710 952 animas
723 899 895 971 opinentur,
921 908 954 954 ut
966 897 1034 956 hinc
1049 900 1090 954 eis

46 975 111 1028 sint
123 972 222 1028 morbi
238 970 425 1045 cupiditatum
442 984 471 1030 et
484 976 621 1032 timorum
647 987 676 1034 ct
704 979 834 1039 laetitiae
859 982 922 1037 sive
937 982 1090 1038 tristitiae:

47 1055 158 1130 quibua
175 1063 302 1128 quatuos·
327 1055 373 1110 vel
394 1057 674 1129 perturbationibus,
701 1070 735 1118 ut
747 1058 850 1118 Cicero
875 1051 1019 1138 appellat,
1045 1064 1091 1119 rel

45 1133 257 1210 passionibus,
285 1145 317 1192 ut
341 1138 471 1212 plerique
496 1139 615 1196 verbum
641 1159 657 1196 a
681 1143 898 1202 verboGraeco
915 1146 1092 1217 exprimunt,

47 1221 150 1276 omnis
164 1215 358 1276 bumanorum
372 1238 482 1276 morum
511 1223 654 1278 vitiositas
681 1227 853 1282 continetur.
898 1224 983 1291 Quod
1009 1227 1033 1280 si
1052 1228 1094 1282 its

47 1313 111 1374 est,
143 1299 222 1376 quid
235 1310 279 1358 ιιι
292 1301 370 1377 quod
384 1301 497 1360 Aeneas
511 1302 587 1378 apud
599 1303 767 1382 Virgilium,
794 1326 858 1364 oum
871 1307 1001 1362 audisset
1013 1324 1029 1360 a
1041 1324 1093 1380 pa-

45 1396 93 1440 tre
110 1382 194 1458 apud
208 1383 329 1455 inferos,
346 1386 457 1440 animas
466 1403 567 1442 rursus
581 1385 617 1442 ad
632 1406 754 1462 corpora
770 1389 928 1458 redituras,
942 1385 1017 1444 banc
1030 1389 1094 1459 opi-

45 1471 173 1528 nionem
186 1469 321 1540 miratur,
335 1469 514 1530 exclamans:

140 1553 168 1608 0
185 1562 282 1626 pater,
308 1570 384 1609 anne
399 1553 508 1628 aliquas
520 1555 555 1610 ad
571 1553 681 1612 coelum
696 1551 764 1612 hinc
776 1555 821 1612 irc
834 1553 993 1630 putandum
1009 1563 1052 1610 est

141 1634 290 1692 Sublimes
304 1635 426 1708 animas,
438 1637 601 1711 iterumque
615 1634 650 1693 ad
663 1637 744 1694 tarda
757 1640 866 1694 reverti

139 1711 296 1790 Corpora?
311 1734 384 1791 quae
398 1718 471 1773 lucis
484 1720 598 1775 miseris
612 1730 670 1776 tam
684 1720 746 1776 dire
761 1718 882 1793 cupidol

46 1798 273 1876 Numquidnam
287 1795 358 1856 haec
374 1809 431 1856 tam
446 1799 507 1858 dira
521 1803 624 1876 cupido
651 1821 689 1858 ex
714 1805 839 1859 terrenis
864 1805 984 1860 cambus
1004 1804 1092 1858 niori-

47 1883 226 1955 bundisque
239 1879 375 1936 membris
387 1880 480 1940 adhuc
493 1883 571 1940 inest
583 1887 745 1942 animarum
765 1887 809 1942 illi
826 1886 1092 1960 praedicatissimae

45 1960 199 2042 puritati?
235 1961 339 2022 Nonne
353 1963 388 2020 ab
402 1963 563 2024 huiusmodi
577 1970 736 2042 corporcis,
750 1977 783 2024 nt
795 1967 875 2038 dicit,
888 1967 1016 2042 pestibus
1030 1985 1091 2022 om-

46 2054 140 2108 nibus
159 2065 211 2104 eas
226 2047 330 2102 asserit
345 2065 408 2104 csse
424 2058 580 2126 purgatas,
605 2069 669 2106 cum
688 2068 788 2106 rursus
806 2051 952 2123 incipiunt
970 2051 1002 2104 in
1030 2067 1093 2104 cor-

45 2152 125 2210 pora
138 2129 220 2190 velle
234 2126 358 2186 severtii
385 2127 466 2186 Vnde
477 2131 634 2204 colligitur,
650 2133 764 2188 etiamsi
778 2133 819 2188 ita
832 2128 1004 2198 rehaberet,
1018 2129 1093 2203 quod

47 2228 94 2276 ιιι
110 2232 186 2274 omn
198 2229 237 2268 no
249 2213 454 2284 vanissimum,
480 2215 609 2271 vicissim
624 2216 773 2272 alternans
791 2211 1002 2270 incessabiliter
1021 2229 1093 2268 eun-

47 2305 127 2358 tiuru
142 2305 237 2372 atque
248 2293 431 2352 redeuntium
443 2298 603 2353 aniruarum
615 2297 764 2354 mundatio
779 2305 809 2352 ct
826 2297 1007 2371 inquinatio,
1031 2313 1091 2352 nou

46 2383 188 2460 potuisse
200 2379 345 2434 veraciter
363 2379 435 2448 dici,
463 2398 563 2436 omnes
582 2379 737 2454 culpabiles
755 2390 841 2453 atque
859 2381 980 2436 vitiasse
1000 2387 1093 2434 unctus

48 2469 221 2524 animarum
235 2461 276 2516 eis
290 2478 326 2527 ex
340 2463 464 2518 terrenis
478 2462 644 2537 corporibus
657 2462 827 2518 inolescere.
872 2459 905 2518 Si
919 2460 1034 2533 quidem
1048 2476 1094 2512 se·
1126 2507 1127 2510 ,

49 2545 293 2615 cundumipsos,
319 2544 371 2599 illa
385 2553 417 2600 ut
428 2547 543 2600 locutor
561 2543 668 2600 nobilis
695 2543 751 2610 ait,
780 2541 844 2597 dira
872 2540 976 2613 cupido
1002 2556 1094 2611 usque

49 2632 126 2688 adeo
140 2644 205 2686 non
221 2636 265 2682 ιιι
279 2644 316 2680 cx
329 2643 463 2700 corpore,
491 2635 524 2682 ut
536 2624 570 2682 ab
584 2626 664 2682 ouini
678 2641 815 2696 corporea
834 2631 915 2697 peste
932 2628 1095 2696 purgatam,

50 2726 79 2770 et
100 2721 193 2769 extre
220 2725 305 2766 osone
333 2726 438 2782 corpus
457 2709 581 2766 animam
595 2708 797 2777 constitutam,
824 2706 915 2780 ipsam
942 2699 1096 2775 compellet

51 2796 168 2852 cssein
184 2807 313 2864 corpore.
358 2789 440 2846 Vnde
454 2793 555 2862 etiam,
582 2791 641 2846 illis
659 2789 831 2860 latentibus,
858 2806 917 2844 non
943 2803 981 2842 ex
1008 2801 1095 2840 carne

51 2886 176 2934 tantum
188 2871 315 2930 afficitur
329 2875 436 2942 anima,
450 2883 482 2930 ut
496 2875 604 2949 cupiat,
617 2881 736 2944 metuat,
751 2873 886 2941 laetetur,
904 2879 932 2926 et
945 2875 1096 2945 aegrescat

51 2953 239 3036 [tristetur];
266 2973 366 3013 verum
382 2957 468 3012 etiam
482 2973 519 3012 ex
532 2975 563 3012 sc
577 2958 639 3030 ipsa
652 2953 697 3012 bis
715 2965 808 3030 potest
834 2951 959 3012 noctibus
978 2949 1094 3030 agitari.

470 3105 591 3162 CAP.
635 3101 694 3160 Vl.

50 3205 96 3256 lle
110 3201 182 3270 qual
191 3208 247 3252 tate
257 3200 401 3252 uoluntatis
418 3199 562 3262 bertranno,
578 3199 625 3252 sub
643 3199 716 3252 cuias
730 3199 827 3250 iudicio
842 3196 1000 3266 affectiones
1014 3193 1098 3246 enims

342 3275 496 3334 autpraeae
505 3266 645 3328 debentur,
657 3275 705 3317 act
713 3273 810 3316 rectae.

117 3373 251 3431 Interest
277 3381 371 3429 autem
386 3374 477 3448 qualis
492 3373 530 3426 sit
554 3373 690 3428 voluntas
717 3367 857 3426 henricis:
886 3367 954 3440 quia
979 3366 1004 3418 si
1031 3380 1097 3435 per-

49 3476 142 3517 versa
159 3464 222 3526 cst,
246 3472 397 3529 perversos
422 3451 539 3510 habebit
556 3452 607 3510 bos
625 3460 740 3523 motum
763 3451 788 3504 si
814 3456 909 3503 autem
934 3454 1015 3500 recta
1042 3451 1097 3510 est,

49 3561 116 3600 non
131 3539 230 3596 solum
243 3537 445 3612 inculpabiles,
459 3554 561 3594 verum
575 3536 661 3592 etiam
675 3531 833 3590 laudabiles
848 3535 941 3584 erunt.
985 3522 1097 3578 Volun-

47 3638 96 3682 tas
115 3631 164 3679 est
177 3621 286 3700 qnippe
302 3621 334 3675 in
348 3617 492 3676 omnibus:
519 3619 577 3675 imo
594 3634 694 3674 omnes
707 3613 782 3670 nihil
795 3609 873 3668 aliud
892 3625 977 3683 quam
994 3606 1097 3661 volun-

48 3718 134 3764 tates
149 3712 230 3762 sunt.
275 3701 349 3759 Nam
363 3701 432 3776 quid
446 3710 491 3756 est
503 3699 647 3776 cupiditas
662 3707 690 3754 et
703 3697 834 3764 laetitio,
848 3693 905 3747 nisi
921 3691 1054 3747 voluntas
1067 3689 1096 3742 in

51 3808 163 3848 eorum
182 3787 402 3842 consensionem
416 3800 488 3859 quae
508 3777 659 3840 volumus?
703 3777 741 3835 Et
753 3775 822 3853 quid
836 3783 881 3831 est
893 3781 985 3830 metus
1012 3781 1098 3845 etque
