2576 4396
252 207 316 268 DE
344 205 565 268 clvluaun
588 205 667 264 DEI
687 205 766 264 LlB.
787 207 829 265 X.
995 213 1057 270 297

24 363 226 443 respondeant
236 359 386 433 bonrines,
413 359 439 414 ai
450 359 528 416 ullus
542 367 663 414 naturae
676 377 746 414 suae
760 377 879 430 sensus,
900 379 955 435 quo
968 363 1058 420 ratio-

26 453 99 509 nales
115 448 218 506 creati
232 453 319 514 aunt,
334 461 371 499 ex
382 443 478 518 aliqua
490 450 573 518 parte
586 442 660 498 vivit
672 443 704 498 in
718 443 774 499 eis:
794 443 998 518 respondeant,
1011 448 1058 502 in-

27 553 123 610 quam,
155 533 246 587 eisne
265 525 488 584 sacrificandum
506 526 547 582 sit
559 524 614 580 diis
628 527 676 581 vel
688 527 802 604 angelis
816 528 866 602 qui
879 527 935 582 sibi
948 528 1059 584 sacriti-

28 621 80 674 eari
94 617 228 686 iubent,
255 631 293 668 an
307 613 352 668 illi
363 612 431 682 uni,
450 610 500 665 cui
515 609 617 665 iubent
628 607 659 664 hi
672 611 762 685 quiet
774 609 831 665 sibi
844 620 874 666 et
885 611 951 666 istis
963 608 1061 685 probi-

27 697 108 757 bent?
129 698 174 756 Si
198 709 256 755 nec
275 697 320 752 illi
337 713 393 750 nec
410 695 460 750 isti
478 694 537 748 ulla
550 693 690 748 miracula
704 693 851 765 facerent,
877 694 928 750 sed
949 703 1061 750 tantum

28 786 253 860 praeciperent,
266 781 317 836 alii
331 777 446 854 quidem
457 785 491 832 ut
504 776 561 832 sibi
573 775 801 850 sacrificaretur,
821 779 871 834 alii
883 796 955 834 vero
968 776 999 833 id
1010 797 1062 834 ve-

29 878 138 940 tarent,
167 865 223 922 sed
237 866 291 922 uni
302 872 418 920 tantum
429 861 564 918 iuberent
575 859 654 932 Deo;
681 863 752 917 satis
766 860 884 918 deberet
895 863 987 937 pietas
1000 863 1064 935 ipsa

30 954 198 1009 discernere
210 947 282 1026 qnid
290 945 394 1002 borum
407 945 443 1001 de
455 945 532 1001 fastu
543 945 704 1019 superbiae,
716 946 784 1020 quid
794 945 830 1000 de
838 963 908 1002 vera
919 946 1064 1022 religione

31 1035 233 1093 descenderet.
269 1031 339 1087 Plus
353 1032 441 1086 etiam
454 1028 562 1084 dicam:
577 1031 603 1084 si
617 1038 731 1085 tantum
743 1027 774 1084 hi
786 1029 964 1085 mirabilibus
978 1029 1064 1084 saetis

29 1119 170 1177 humanas
185 1123 397 1193 promoverent
407 1122 535 1184 menter,
562 1113 614 1188 qui
627 1112 769 1169 sacrificia
783 1112 839 1168 sibi
852 1121 1007 1186 expetunt,
1021 1112 1065 1168 illi

31 1215 123 1261 autem
135 1203 190 1278 qui
203 1200 261 1256 hoc
273 1197 443 1275 prohibent,
469 1206 500 1252 et
511 1197 565 1251 uni
578 1205 694 1252 tantum
706 1195 770 1252 Deo
783 1195 942 1250 sacrificari
953 1194 1065 1265 iubent,

32 1305 216 1364 nequaquam
229 1287 288 1340 ista
300 1283 428 1340 visibilia
440 1281 581 1336 miracula
597 1279 694 1334 facere
706 1278 916 1356 dignarentur3
938 1277 1066 1351 prolecto

33 1391 93 1428 non
107 1389 198 1426 sensu
212 1368 361 1442 eorporis,
375 1365 427 1422 sed
439 1365 556 1420 ratione
569 1365 676 1418 mentis
689 1360 892 1437 praeponenda
906 1378 1008 1416 eormn
1020 1378 1068 1415 es·

34 1465 80 1511 set
94 1455 266 1510 auctoritas:
294 1469 359 1506 eum
372 1467 443 1506 vero
457 1447 538 1504 Deus
557 1445 587 1502 id
607 1447 702 1524 egerit
717 1446 753 1502 ad
767 1442 994 1500 commendanda
1006 1444 1068 1498 elo-

33 1541 102 1614 quia
125 1538 259 1596 veritatis
285 1553 371 1606 suae,
396 1542 430 1588 ut
442 1550 495 1608 per
507 1531 579 1586 istos
593 1530 770 1586 inmortales
784 1529 919 1600 nuntios,
948 1545 1008 1584 non
1021 1528 1069 1583 sui

33 1624 158 1693 fastum,
186 1619 239 1677 sed
265 1621 448 1676 maiestatem
468 1617 548 1672 illius
571 1613 788 1689 praedicantes,
813 1613 924 1668 faceret
947 1613 1069 1682 maiora,

35 1709 180 1777 certiora,
194 1706 322 1760 clariora
341 1701 497 1772 miracula,
523 1718 561 1756 ne
579 1697 704 1754 infirmis
725 1698 781 1772 piis
804 1697 849 1752 illi
862 1697 911 1772 qui
925 1695 1070 1752 sacrificia

36 1791 89 1846 sibi
102 1798 259 1865 expetunt,
273 1787 377 1842 falsam
388 1784 563 1862 religionem
576 1782 690 1840 facilius
703 1780 930 1856 persuaderent,
944 1798 979 1835 eo
992 1777 1069 1853 quod

34 1875 170 1931 sensibus
186 1891 288 1929 eorum
301 1868 441 1946 quaedam
457 1867 599 1943 stupenda
616 1874 828 1938 monstrarent3
854 1881 940 1939 quem
952 1861 1069 1919 tandem

34 1962 72 2016 ita
85 1959 224 2032 desipere
236 1955 343 2026 libeat,
358 1963 390 2008 ut
402 1968 463 2008 non
475 1969 545 2008 vera
558 1953 648 2029 eligat
660 1969 734 2026 quae
749 1957 889 2019 sectetur,
903 1947 954 2003 nbi
966 1955 996 2002 et
1008 1965 1069 2002 am-

32 2047 126 2120 pliora
139 2041 258 2097 invenit
270 2055 345 2114 quae
357 2032 497 2092 miraturi

94 2127 153 2183 llla
173 2125 279 2202 quippe
297 2123 439 2177 miracula
455 2119 576 2174 deorum
594 2117 763 2195 gentilium,
790 2133 863 2190 quae
889 2111 1071 2170 commendat

33 2212 180 2280 historia,
202 2226 263 2263 non
277 2225 312 2261 ea
325 2204 390 2260 dico
404 2221 478 2279 quae
490 2203 654 2258 intervallis
669 2210 832 2275 temporam
845 2199 966 2254 occultis
979 2197 1071 2272 ipsius

32 2294 137 2354 mundi
152 2292 267 2362 causis,
292 2292 492 2346 verumtamen
512 2285 565 2342 sub
585 2285 685 2342 divina
702 2283 889 2358 providentia
903 2282 1071 2338 constitutis

34 2393 63 2439 et
81 2377 232 2438 ordinatis
249 2381 417 2430 monstrosa
436 2371 631 2446 contingunt3
656 2369 757 2444 quoles
772 2376 841 2424 sunt
858 2365 991 2422 inusitati
1003 2381 1071 2438 par·

33 2477 82 2522 tus
96 2461 289 2528 animalium,
317 2466 346 2513 et
359 2457 440 2512 coelo
459 2463 595 2526 terraque
612 2470 710 2507 rerum
732 2451 852 2507 insolita
874 2449 983 2518 facies,
1010 2448 1073 2502 sive

35 2559 152 2606 tantum
165 2553 298 2613 terrens,
324 2541 386 2596 sive
399 2540 487 2594 etiam
500 2553 629 2604 nocens,
643 2551 716 2608 quae
728 2533 880 2604 procurari
892 2540 981 2604 atque
993 2530 1072 2584 miti-

36 2634 103 2712 gari
116 2627 317 2686 daemoniacis
326 2623 430 2680 ritibus
442 2619 631 2675 fallacissima
643 2632 744 2670 eorum
753 2615 860 2670 astutia
869 2610 1072 2686 perhibentur:

37 2717 90 2772 sed
104 2733 140 2770 ea
154 2711 233 2782 dico,
246 2727 320 2784 quae
332 2707 364 2764 vi
377 2725 411 2762 ac
425 2709 570 2779 potestate
584 2717 684 2755 eorum
697 2696 762 2752 fieri
775 2697 846 2752 satia
861 2693 1009 2751 evidenter
1022 2711 1072 2768 ap-

38 2808 140 2875 paret,
153 2805 189 2852 ut
202 2803 248 2850 est
261 2792 339 2868 quod
353 2789 463 2866 effigies
478 2785 598 2842 deorum
610 2781 765 2838 Penatium
778 2797 850 2856 quos
863 2779 898 2834 de
912 2775 1003 2834 Troia
1014 2775 1072 2832 Ae-

38 2901 115 2940 neas
134 2881 255 2957 fugiens
277 2875 415 2945 advexit,
442 2871 477 2928 de
495 2871 560 2925 loco
580 2868 612 2923 in
625 2868 721 2922 locum
733 2865 875 2943 migrasse
889 2862 1073 2932 referuntur,
1170 2871 1176 2880 ‘

44 2965 124 3042 quod
136 2973 232 3020 cotem
246 2959 423 3035 Tarquinius
436 2953 581 3012 novacula
598 2951 707 3022 secuit3
734 2948 810 3024 quod
821 2947 997 3024 Epidaurius
1010 2963 1072 3002 ser-

42 3069 115 3124 pens
127 3045 303 3120 Aesculapio
316 3040 470 3119 naviganti
481 3037 603 3096 Romam
616 3052 712 3090 comes
725 3031 871 3105 adhaesit,
886 3029 963 3108 quod
976 3031 1073 3088 navim

42 3153 102 3210 qua
124 3132 312 3188 simulacrum
333 3126 434 3182 matris
447 3121 593 3200 Phrygiae
613 3116 786 3190 vehebatur,
811 3117 902 3174 tantis
923 3113 1075 3170 hominurn

43 3220 191 3291 boumque
206 3209 359 3270 conatibus
372 3207 548 3264 immobilem
564 3201 719 3271 redditam,
743 3219 803 3258 una
814 3199 987 3256 muliercula
1000 3213 1075 3252 nona

45 3305 196 3380 alligatam
209 3296 327 3352 adauae
339 3291 497 3366 pudicitiae
510 3287 709 3345 testimonium
719 3285 810 3340 movit
824 3292 853 3338 et
866 3283 973 3344 traxit:
998 3278 1075 3354 quod

43 3388 130 3464 virgo
142 3381 289 3450 Vestalis,
304 3376 339 3432 de
354 3377 436 3432 cuius
450 3371 636 3446 corruptione
651 3367 781 3444 quaestio
794 3364 978 3434 vertebatur,
1001 3378 1074 3434 aqua

44 3471 164 3543 impleta
177 3465 275 3521 cribro
290 3461 326 3516 de
338 3458 454 3530 Tiberi,
468 3474 563 3530 neque
575 3451 752 3528 perfluente,
770 3447 891 3504 abstulit
904 3454 1075 3500 controver-

45 3555 127 3608 siam.
171 3547 255 3606 Haec
269 3563 341 3622 ergo
355 3551 442 3618 atque
457 3541 515 3595 alia
526 3533 726 3594 huiuscemodi
738 3546 919 3604 nequaquam
931 3527 990 3581 illis
1003 3541 1077 3598 quae

45 3639 77 3692 in
91 3635 199 3711 populo
209 3630 269 3688 Dei
281 3629 359 3685 facta
371 3626 507 3703 legimus,
519 3622 628 3677 virtute
640 3637 674 3675 ac
687 3612 888 3692 magnitudine
902 3605 1076 3664 eonferenda

47 3729 130 3776 aunt:
146 3724 259 3793 quanto
272 3713 370 3768 minus
382 3727 418 3764 ea
430 3723 504 3783 quse
515 3705 633 3760 illorum
646 3715 762 3777 quoque
773 3695 957 3770 populorum,
969 3691 1019 3766 qui
1032 3699 1077 3746 ta-

49 3804 91 3857 les
106 3801 177 3858 deos
191 3799 366 3864 coluerunt,
378 3790 494 3870 legibus
505 3785 633 3844 iudicata
646 3790 715 3840 sunt
725 3775 904 3856 prohibenda
916 3783 1003 3849 atque
1015 3776 1077 3848 ple-

51 3885 171 3957 ctenda,
190 3880 308 3958 magica
320 3876 433 3934 scilicet
444 3871 492 3932 vel
504 3861 674 3946 theurgiaai
700 3859 821 3942 qudrmn
832 3861 971 3938 pleraque
984 3860 1078 3934 specie
