2586 4396
274 177 335 239 nn
360 176 579 243 οιιιιιιι
602 180 683 246 oni
705 135 785 244 ιιι.
809 186 861 244 ιι.
1030 193 1089 254 ιιι

55 335 152 394 brevis
167 332 399 407 temporalisque
420 329 578 406 patainei
604 334 651 394 Aa
665 350 735 392 vero
749 338 840 397 vitam
852 339 956 414 polluit
969 359 1090 402 οοιιιοι-

54 423 123 476 tiom
148 416 337 476 nefariorum
361 413 528 487 hominurn,
553 419 580 475 si
593 437 625 474 se
637 419 773 478 inserant
784 418 987 484 affectionibus
1000 435 1031 484 et
1042 445 1091 484 ιι-

53 501 244 560 sensionibua
258 500 384 570 nostris,
410 509 440 556 et
453 501 545 558 vitam
558 519 618 561 aon
630 504 734 576 polluit
755 506 881 564 societas
906 506 1089 580 daemonum,

51 587 98 662 qui
112 587 258 722 colantup
281 584 451 643 ominbus
470 579 551 640 ruisi
577 583 612 644 Si
623 588 717 656 veria,
743 606 829 664 quam
842 587 931 648 mulii
958 593 984 650 si
996 592 1089 663 talah,

68 689 136 727 uam
149 670 230 724 mule

52 690 68 747 q
114 751 203 810 Haec
230 769 298 810 cum
323 749 462 821 dicimus,
488 750 583 808 sideri
608 753 735 810 fortasse
749 757 874 831 cuipiam
887 759 974 816 nimis
988 758 1091 818 barum

51 855 148 892 rerum
162 837 273 914 ignaro
285 843 385 908 potest
398 853 432 892 ea
444 836 507 892 soh
516 834 553 892 de
566 833 622 894 diis
634 837 739 894 talibus
752 841 899 898 maiestati
911 843 1036 922 indigna
1045 843 1090 900 di-

53 923 149 992 vinae,
165 929 197 974 et
209 918 347 991 ridicula,
367 917 606 996 detestabilisque
617 923 774 994 celebrari,
797 941 870 1000 quae
883 928 1005 1002 poeticis
1019 945 1089 984 can-

53 1013 153 1060 tantur
167 1003 365 1072 carminibus,
380 1012 410 1058 ct
421 1003 496 1058 ludis
510 1006 634 1062 scenicis
648 1007 822 1078 actitentur3
846 1027 1016 1068 secrevero
1029 1013 1089 1082 ille,

53 1100 124 1162 quae
139 1106 202 1144 non
216 1085 394 1156 histriones,
409 1085 461 1142 sed
476 1088 644 1146 sacerdotes
658 1097 765 1168 egunt,
779 1091 815 1148 ab
830 1095 910 1150 omni
924 1113 989 1152 esse
1002 1094 1089 1152 dede-

53 1189 119 1228 core
132 1179 262 1248 purgata
277 1179 308 1225 et
323 1171 430 1228 aliena
473 1168 539 1228 Hoc
552 1173 578 1228 si
590 1174 634 1230 its
647 1184 742 1245 esset,
769 1192 918 1249 nunquam
931 1176 1090 1234 theatricas

53 1253 250 1328 turpitudines
263 1254 297 1310 in
311 1271 414 1310 corum
423 1252 566 1312 bonorem
575 1257 728 1332 quisquam
740 1257 929 1316 celebrandas
942 1279 1007 1316 esse
1021 1280 1090 1316 cen-

53 1348 146 1407 seret,
174 1355 327 1412 nunquam
353 1356 402 1394 eas
429 1339 485 1412 ipsl
511 1338 553 1396 dii
577 1341 782 1415 praeciperent
806 1341 923 1398 sibimet
949 1342 1091 1400 exhiberi.

55 1420 114 1476 Sed
126 1419 190 1477 ideo
205 1419 283 1476 nihil
295 1419 386 1495 pudet
398 1420 434 1478 ad
444 1423 615 1499 obsequium
628 1422 749 1480 deorum
762 1425 833 1481 tolie
845 1443 952 1503 gerere
964 1428 996 1484 in
1009 1426 1092 1484 thea—
1146 1436 1151 1448 “

55 1505 125 1574 tris,
152 1506 219 1578 quia
245 1506 356 1561 similis
382 1507 571 1582 gerunturin
584 1509 709 1582 templis.
753 1507 889 1585 Deniquo
902 1529 970 1568 curn
981 1529 1092 1569 memo·
1137 1573 1141 1584 ,

52 1598 131 1644 ratus
157 1597 265 1644 auctor
285 1589 403 1645 civilem
428 1587 782 1668 theologiamaiabuloaa
807 1599 838 1649 ot
861 1596 1004 1667 asturuli,
1030 1604 1091 1652 ter-

52 1673 121 1728 tiam
134 1670 285 1747 quandam
297 1673 345 1731 sui
365 1673 484 1749 generis
510 1673 695 1753 distinguere
721 1685 895 1750 conaretur,
920 1698 986 1738 eum
997 1681 1092 1757 magis

52 1773 88 1811 ex
112 1766 241 1830 utraque
267 1765 474 1830 temperatam,
500 1775 587 1833 quom
600 1757 636 1815 ab
650 1769 774 1835 utreque
786 1772 951 1836 separatam
963 1764 1092 1841 intelligi

51 1842 150 1896 voluit.
195 1839 247 1897 Ait
268 1841 359 1910 enim,
386 1859 422 1896 eo
436 1857 510 1916 quae
522 1841 655 1899 scribunt
667 1853 771 1919 poetae
783 1847 881 1902 ιιιίιιιιι
896 1865 981 1921 ease,
1005 1865 1092 1924 quam

50 1934 80 1979 nt
90 1924 196 1997 populi
207 1925 294 1999 aequi
311 1921 454 1996 debeant3
480 1919 554 2001 quae
565 1936 666 1984 autem
677 1925 840 2004 philosophi
847 1969 856 2000 ,
881 1932 946 2005 plus
959 1949 1047 2008 quam
1058 1939 1092 1986 ut

51 2026 81 2062 ea
93 2010 221 2086 vulgum
231 2007 362 2064 scrutari
376 2008 522 2083 expediat.
564 2012 670 2080 „Qum
681 2013 727 2068 sic
740 2011 916 2085 abhorrent,
929 2015 1036 2090 inquit,
1059 2022 1092 2070 ut

51 2101 171 2160 „tamen
185 2107 227 2146 ex
241 2101 368 2166 utroque
375 2111 490 2168 genere
505 2092 542 2150 ad
553 2096 655 2152 civiles
669 2097 800 2152 rationes
814 2106 944 2154 assumta
957 2099 1019 2153 rint
1030 2113 1091 2154 nan

51 2194 173 2249 „panea
222 2175 322 2241 tiuare
334 2193 411 2250 que
424 2185 493 2234 sant
505 2180 671 2236 coturnosis
684 2197 753 2235 cam
764 2181 876 2255 poetis,
895 2197 954 2238 una
967 2199 1035 2238 oum
1048 2181 1090 2238 ci-

50 2260 177 2330 „vilibns
206 2259 392 2314 scribemus:
414 2262 546 2334 equibus
559 2263 653 2318 maior
673 2263 801 2320 societas
815 2263 903 2326 debet
925 2283 991 2322 ease
1004 2264 1091 2322 nobis

50 2362 134 2412 „cunr
161 2339 364 2417 philosophia,
391 2359 478 2417 quam
503 2363 570 2402 cum
596 2347 701 2420 poetis.
746 2347 814 2404 Non
831 2365 903 2426 ergo
917 2351 999 2406 nulla
1023 2367 1091 2406 cum

51 2427 199 2499 „poetis.“
244 2423 285 2480 Et
297 2433 396 2482 tamea
409 2428 467 2483 alio
481 2429 544 2484 loco
559 2429 631 2486 dicit
650 2448 684 2486 ee
705 2431 946 2510 generationibus
969 2433 1091 2490 deorum

50 2512 141 2589 magia
154 2509 194 2566 ad
209 2517 314 2584 poetas
331 2527 419 2584 quam
432 2510 468 2566 cd
491 2510 628 2588 physicos
654 2514 748 2570 fuisse
773 2517 897 2588 populas
921 2515 1089 2570 inclinatos.

51 2591 105 2648 llic
119 2595 200 2650 enim
215 2591 294 2648 dixit
306 2591 376 2668 quid
387 2593 455 2650 fieri
468 2595 590 2666 debeu,
615 2593 657 2652 ibi
671 2597 742 2671 quid
753 2596 814 2652 fiat.
858 2597 999 2672 Pbyaieos
1013 2597 1091 2652 dixit

54 2677 186 2732 utilitatis
198 2695 292 2734 causa
305 2677 473 2751 scripsisse,
496 2688 599 2752 poetas
610 2677 825 2736 delectationis.
868 2681 910 2736 Aa
922 2697 975 2754 per
987 2677 1042 2735 boo
1056 2697 1091 2735 ea

54 2777 129 2833 quae
142 2778 160 2814 a
171 2761 265 2834 poetis
278 2762 445 2836 conscripta
455 2764 555 2837 populi
568 2761 653 2839 sequi
665 2781 726 2820 non
741 2763 864 2837 debent,
880 2764 1007 2822 crimina
1019 2772 1091 2820 runt

55 2842 185 2901 deornm:
198 2863 277 2920 qnae
292 2854 390 2902 mmen
401 2845 552 2904 delectent
564 2856 595 2904 et
611 2850 735 2924 populos
750 2858 781 2904 et
793 2847 872 2905 deos.
908 2847 1090 2906 Delectatio-

52 2929 96 2984 nis
110 2929 188 2984 enim
202 2945 309 2998 musa,
334 2929 417 2986 sicut
430 2929 516 3001 dicit,
544 2932 679 2990 scribunt
704 2943 824 3008 poetae,
848 2949 910 2990 non
936 2933 1090 2990 utilitatis:

50 3030 81 3072 ea
92 3022 193 3070 umen
208 3013 345 3070 scribunt
359 3031 435 3088 quse
446 3013 489 3072 dii
503 3025 658 3092 expetent,
684 3019 783 3091 populi
795 3016 963 3076 exhibeant.

630 3167 639 3194 ι

95 3243 141 3296 De
145 3243 298 3316 fabulosae
307 3253 337 3296 tt
346 3245 435 3296 civilis
443 3165 597 3316 dnbogibe
607 3167 783 3304 sbrdlbudina
794 3259 876 3318 atqie
886 3248 1039 3302 concordio.

106 3352 280 3409 Revecotur
292 3351 388 3428 igitur
400 3351 437 3408 od
448 3351 627 3432 theologiam
651 3357 768 3412 civilem
785 3355 935 3434 theologia
943 3355 1088 3420 fabsdosa

46 3434 206 3506 theatrica,
232 3437 368 3508 scenica,
393 3433 582 3516 indignitatis
595 3448 627 3495 et
640 3437 829 3514 turpitudinis
844 3441 947 3512 plenu:
973 3446 1003 3492 et
1016 3435 1089 3490 baec

45 3529 105 3576 tote
116 3537 196 3597 quae
209 3519 318 3578 merito
332 3519 477 3594 culpando
490 3532 520 3579 ct
540 3523 703 3599 respuenda
727 3521 888 3593 iudicatur,
913 3535 981 3595 pars
1004 3517 1088 3572 huius

47 3613 89 3657 est
100 3597 176 3680 puae
189 3601 317 3660 colenda
329 3613 360 3660 et
373 3603 555 3663 observande
569 3616 722 3678 censetu13
748 3623 810 3662 aon
818 3621 889 3660 sane
901 3619 968 3678 pars
982 3602 1086 3655 inccn-

47 3705 135 3764 grne,
161 3688 240 3741 siout
266 3686 423 3744 ostendere
450 3691 586 3763 institui,
612 3699 643 3747 et
656 3707 731 3766 quae
744 3689 780 3745 ab
803 3689 941 3740 universo
966 3697 1087 3758 torpore

48 3771 141 3827 aliena
153 3772 324 3845 importuno
347 3767 393 3822 illi
403 3785 540 3826 connexa
554 3779 641 3846 atque
655 3785 796 3852 suspensa
810 3767 866 3840 sit,
890 3766 941 3823 aed
967 3768 1087 3824 omnino

49 3873 190 3927 consone,
210 3863 242 3910 et
251 3861 395 3930 tanquam
410 3853 538 3911 eiusdem
550 3853 680 3930 eorporis
694 3852 854 3908 membrum
868 3853 1086 3908 convenientis

734 3933 797 3994 Ma
