2510 4404
212 213 274 267 alo
414 283 417 290 Ι
444 205 546 264 DlVl
569 205 757 266 evason
780 205 1035 266 AVGVSTlNl

211 361 290 420 etad
304 379 339 416 ea
353 377 477 436 corpora
489 357 587 415 redire
606 360 807 430 consentient,
828 362 860 416 in
880 359 985 435 quibus
1000 363 1094 418 nulla
1110 366 1234 438 patiam

210 446 296 503 mula.
310 443 392 502 llaec
402 446 503 520 itaque
515 462 577 500 non
587 454 675 500 erunt
688 445 748 500 nisi
759 445 810 500 illa
823 462 897 519 quae
909 447 1063 518 promittit
1079 445 1185 518 Deus,
1197 448 1231 503 le

210 539 256 587 tas
269 530 382 586 animer
400 529 433 584 in
451 538 606 584 aeternum
621 547 687 584 cum
699 547 753 584 sua
765 538 885 584 aeterna
899 545 990 584 earne
1005 528 1168 586 facturus.
1201 530 1232 586 lla

210 616 299 685 echa,
312 622 455 688 quantun
466 613 614 683 existimo,
627 613 687 670 iam
698 611 783 667 lacile
796 612 880 668 nobis
895 611 1109 671 concederent
1122 614 1234 684 ambae

210 699 261 774 qui
274 697 438 754 faterentur
449 695 487 752 ad
498 697 674 753 immortalia
687 715 809 772 corpora
819 695 967 752 redituras
979 699 1105 754 animas
1119 717 1187 754 csse
1198 717 1237 753 ssu

211 792 341 853 ctorum,
365 778 468 837 adsue
480 781 546 836 illas
559 779 658 836 redire
669 781 884 855 permitterent,
905 782 938 837 in
953 781 1063 856 quibus
1080 782 1238 839 malcinis

210 867 321 922 saeculi
330 865 524 938 pertulemnt,
538 865 570 920 in
584 863 689 940 quibus
703 861 810 935 Deum,
825 874 858 921 ut
870 863 916 920 liis
929 867 1019 922 malis
1033 877 1197 939 carerent,
1215 869 1238 940 pi

210 949 392 1023 fideliterque
405 949 567 1004 coluerunt.
607 947 611 960 “

542 1116 654 1176 cal>
706 1116 911 1175 XXVlll.

211 1213 285 1278 Quia
297 1215 334 1266 ad
346 1230 438 1267 cerum
451 1213 659 1267 rerurrectionis
671 1215 768 1286 fidem,
787 1217 829 1267 ccl
843 1213 927 1267 Plato
941 1215 985 1266 cet
997 1214 1113 1280 Labeo,
1129 1219 1174 1269 ccl
1186 1216 1240 1268 etin

251 1281 338 1337 Varro
348 1285 475 1357 conferre
483 1285 632 1353 potuerint,
642 1285 666 1337 si
676 1285 812 1368 opiniones
823 1302 912 1338 rorum
922 1284 953 1338 in
962 1301 1051 1338 uuam
1061 1287 1223 1340 sententies

635 1365 825 1410 conventuum.

296 1463 439 1520 Nonnulli
464 1466 577 1536 nostri,
607 1474 724 1539 propter
751 1461 893 1540 quoddam
912 1465 1191 1538 praeclarissimum
1212 1465 1238 1518 le

211 1547 320 1626 quendi
333 1567 440 1626 genus,
455 1557 486 1604 et
496 1557 615 1624 propter
628 1551 770 1604 nonnulla
783 1566 858 1622 quac
870 1549 1019 1605 veraciter
1035 1551 1150 1620 sensit,
1163 1531 1244 1608 amar-l

210 1643 255 1689 tes
269 1631 432 1703 Platonem,
447 1631 552 1688 dicunt
562 1649 628 1688 eum
637 1633 748 1708 aliquid
761 1633 856 1688 simile
869 1632 953 1688 nobis
967 1633 1065 1688 etiam
1078 1633 1119 1689 de
1133 1639 1244 1688 mortue*

210 1735 276 1772 rum
290 1717 508 1772 resurrectione
521 1717 660 1773 sensisse.
683 1716 766 1782 Quod
779 1715 893 1792 quidem
906 1717 950 1771 sic
962 1718 1068 1794 tangit
1082 1719 1118 1772 in
1132 1713 1235 1772 lilrisdc

209 1799 360 1873 republica
374 1796 506 1869 Tullius,
528 1809 564 1855 ut
576 1819 644 1856 eum
657 1801 765 1857 lusisse
779 1801 890 1874 potius,
915 1817 1004 1875 quam
1016 1801 1105 1875 quod
1117 1801 1149 1858 id
1160 1817 1232 1857 rerum

211 1891 299 1954 esset,
313 1880 436 1938 affirmet
449 1881 547 1938 dicere
559 1885 698 1940 voluisse.
712 1884 828 1941 lnducit
840 1888 919 1940 enim
932 1881 1089 1940 hominem
1104 1885 1228 1948 revixisse,

212 1978 242 2024 et
259 1981 396 2024 narratae
415 1965 555 2044 quaedam
574 1985 648 2043 quae
661 1966 822 2025 Platonicis
842 1969 1098 2043 disputationibus
1114 1985 1228 2045 congrue-

210 2052 291 2109 bant.
308 2089 310 2092 ·
326 2050 423 2108 habeo
438 2053 526 2108 etiam
539 2052 611 2110 duos
625 2051 698 2110 dicit
710 2071 770 2110 uno
784 2053 831 2108 die
850 2053 940 2108 fuisse
958 2051 1143 2125 defunctos,
1163 2063 1229 2107 eoe-

211 2138 340 2193 currirse
359 2137 485 2193 invicem
503 2138 536 2192 in
555 2135 679 2212 quodam
699 2138 842 2212 compito,
869 2135 973 2192 deinde
994 2135 1034 2192 ad
1058 2154 1178 2213 corpora
1196 2151 1232 2187 ιιι

211 2223 306 2278 iussos
320 2220 411 2276 finisse
423 2239 564 2292 remeare,
579 2229 609 2276 et
620 2213 808 2277 constituisse
821 2222 900 2277 inter
914 2239 945 2276 se
959 2221 1074 2277 amieos
1087 2239 1120 2276 se
1132 2239 1189 2276 esse
1200 2219 1231 2272 ri-

212 2315 328 2374 cturos,
354 2314 441 2379 atque
455 2305 498 2360 ita
512 2323 576 2360 esse
594 2305 713 2376 factum,
732 2305 825 2361 donec
837 2313 941 2380 postea
954 2315 1149 2362 morerentur.
1186 2289 1244 2370 Sedl

212 2389 262 2445 lsti
274 2395 409 2444 auctores
430 2390 518 2447 taleni
536 2391 784 2446 resurrectionem
803 2390 932 2464 corporis
952 2389 1066 2444 factam
1079 2390 1161 2446 fnisse
1172 2377 1244 2442 nar-¹

212 2481 331 2544 rerunt,
357 2474 457 2548 quales
476 2472 596 2529 fuerunt
614 2491 716 2529 eorum
734 2486 805 2549 quos
824 2475 1024 2529 resurrexisse
1044 2475 1186 2541 norimus,
1206 2481 1244 2542 ct,

212 2555 279 2614 huic
294 2556 408 2633 quidem
421 2556 553 2614 redditos
565 2559 660 2628 ritae,
683 2557 736 2614 sed
754 2575 815 2613 non
835 2557 966 2614 eomodo
979 2567 1015 2614 ut
1026 2576 1090 2615 non
1102 2573 1228 2613 moreren-
1243 2585 1244 2632 ι

212 2653 259 2698 tur
272 2642 406 2698 ulterius.
445 2639 610 2698 Mirabilius
624 2652 723 2698 autem
737 2641 873 2716 quiddam
885 2641 1004 2699 Marcus
1017 2640 1112 2698 Varro
1123 2640 1228 2716 ponitin
1243 2643 1244 2698 l

211 2726 309 2797 libris,
336 2743 408 2801 quos
423 2728 599 2800 conscripsit
613 2725 648 2781 de
664 2735 752 2805 gente
770 2727 870 2800 populi
882 2724 1025 2783 Romani:
1053 2729 1134 2782 cuius
1146 2725 1227 2801 putari
1243 2717 1244 2720 ¹

212 2811 302 2868 verba
316 2811 381 2884 ipsa
394 2827 459 2866 esse
471 2810 616 2885 ponenda.
640 2809 847 2883 „Genethliaci
860 2809 978 2889 quidam
992 2811 1182 2885 scripserunt,
1192 2811 1225 2864 iu·

212 2896 308 2970 „quit,
324 2894 428 2949 essein
435 2894 625 2950 renascendis
639 2892 806 2950 horninibus
819 2911 906 2968 quam
923 2896 1070 2967 appellant
1081 2889 1223 2965 neenec

212 2977 302 3050 „cion
316 2976 435 3032 Graeci:
449 2974 504 3032 hac
517 2979 698 3051 scripserunt
711 2974 816 3034 confici
827 2979 858 3033 in
868 2979 955 3034 annis
970 2997 1098 3034 numero
1111 2976 1221 3054 quadrin-

212 3061 332 3136 „gentis
345 3057 550 3136 quadraginta,
563 3069 597 3115 ut
609 3062 687 3117 idem
701 3080 803 3137 corpus
817 3079 847 3117 et
859 3061 960 3118 eadem
973 3064 1084 3134 anima,
1097 3080 1159 3138 quse
1167 3060 1219 3115 fue·
1243 3111 1244 3126 ,

212 3144 296 3216 „rint
310 3143 467 3199 coniuncta
480 3145 511 3200 in
525 3141 644 3201 homine
657 3145 828 3222 aliquando,
852 3147 953 3202 eadem
966 3165 1070 3202 rursus
1085 3144 1222 3202 redeuntia
1243 3127 1244 3210 l

211 3228 505 3302 „coniunctionem.“
517 3223 675 3285 lsteVarro
685 3229 813 3306 quidem,
826 3231 890 3287 sivc
900 3232 943 3286 illi
951 3229 1134 3286 Genethliaci
1144 3228 1222 3285 nereio

210 3315 271 3390 qui,
287 3305 362 3394 (non
377 3314 456 3369 enim
469 3315 589 3370 nomina
602 3333 702 3370 eorum
715 3313 854 3387 prodidit,
877 3332 1000 3390 quorum
1013 3313 1223 3370 commemorarit

210 3387 412 3476 sententiare)
427 3398 536 3474 aliquid
549 3399 699 3469 dixerunt,
716 3397 794 3474 quod
806 3400 877 3455 licet
889 3397 994 3454 falsum
1007 3400 1058 3469 sit,
1073 3392 1151 3477 (cum
1162 3398 1221 3452 enim

212 3475 303 3540 semel
316 3480 353 3538 ad
363 3481 464 3538 eadem
476 3500 601 3556 corpora
615 3501 688 3558 quae
699 3492 864 3560 gesserunt,
879 3485 994 3538 animae
1003 3482 1151 3552 redierint,
1163 3499 1219 3538 nnn·

211 3584 297 3640 quam
311 3583 345 3644 eo
356 3575 457 3639 postea
470 3575 539 3623 suut
551 3568 707 3622 relicturae
715 3563 739 3644 ;)
753 3576 852 3622 tamen
864 3568 956 3622 multa
968 3568 1047 3622 illius
1060 3565 1217 3640 imposribili·

212 3651 294 3720 totis,
320 3668 378 3723 qua
392 3660 495 3706 contra
508 3668 562 3707 nos
575 3652 626 3706 isti
639 3652 786 3728 garriunt,
800 3660 975 3729 argumenta
988 3651 1133 3721 convellit,
1147 3659 1174 3705 et
1183 3648 1215 3702 de
1243 3689 1244 3696 ι

212 3733 308 3786 struit.
324 3733 382 3798 Qui
395 3735 473 3789 enini
486 3733 541 3790 hoc
553 3736 696 3806 sentiunt,
710 3736 773 3790 sive
782 3745 950 3808 senserunt,
964 3754 1025 3792 non
1039 3735 1081 3790 eir
1095 3735 1177 3790 nsum
1188 3741 1217 3785 σι
1243 3731 1244 3738 '

211 3813 277 3868 lieri
292 3831 350 3870 non
363 3833 465 3888 posse,
490 3828 524 3874 ut
534 3817 647 3893 dilapsa
662 3819 804 3875 cadavera
816 3821 848 3876 in
863 3837 965 3890 auras,
989 3822 1020 3876 in
1033 3821 1179 3893 pulverem,
1196 3817 1216 3868 ir

212 3897 352 3967 cinerem,
378 3899 409 3952 in
434 3898 580 3974 humores,
605 3905 635 3959 in
659 3920 782 3987 corpora
804 3905 985 3961 vescentium
1010 3903 1166 3966 bestiarum,
1185 3899 1215 3953 rel
