2576 4396
213 215 274 270 336
442 207 539 266 DlVl
559 206 745 267 AVRFbll
769 205 1025 266 AVGVSTlNl

216 366 247 420 in
262 362 307 418 bis
322 378 394 436 quae
409 359 552 430 sentiunt,
565 360 782 434 praeponuntur
791 359 990 436 intelligentia
1003 375 1060 414 non
1076 359 1250 436 intelligen-

215 447 307 515 tibus,
333 444 409 498 sieut
435 440 566 498 homines
593 443 755 516 pecoribus.
796 439 837 497 Et
849 442 880 497 in
903 440 1041 514 hisquae
1063 442 1251 518 intelligunt,

215 534 434 602 praeponuntur
447 525 621 581 immortalia
632 523 819 594 mortalibus,
846 525 922 579 sieut
947 523 1046 600 angeli
1069 521 1251 580 hominibus.

216 607 274 666 Sed
300 611 357 664 ista
377 616 596 682 praeponuntur
616 617 742 662 naturae
760 605 877 662 ordine:
903 616 949 662 est
975 615 1071 662 autem
1095 607 1170 661 alius
1195 625 1254 680 pro

218 709 270 747 suo
297 692 435 765 cuiusque
460 708 516 746 usu
543 690 754 746 aestimationis
772 688 889 759 modus,
913 707 971 762 quo
996 687 1030 743 fit
1052 698 1085 745 ut
1103 688 1256 762 quaedam

217 792 305 830 sensu
330 773 461 829 carentia
479 771 650 846 quibusdam
668 772 863 828 sentientibus
882 789 1109 845 praeponamus,
1135 772 1169 826 in
1182 781 1257 828 tan·

216 867 279 912 tum
302 868 335 911 ut
359 856 386 910 si
407 863 537 926 potestas
556 864 649 924 esset,
676 872 710 909 ea
722 871 842 926 prorsus
857 853 891 908 de
905 863 1010 909 natura
1021 869 1119 910 rerum
1132 853 1257 910 auferre

215 939 366 1008 vellemus,
380 937 444 993 sire
455 954 541 1011 quem
554 939 631 993 inea
644 938 741 992 loeum
750 934 876 992 habeant
888 938 1070 1013 ignorantes,
1083 937 1145 992 sire
1160 937 1258 992 etiarn

216 1021 242 1076 si
255 1021 392 1090 sciamus,
417 1021 575 1078 nostrisea
588 1018 745 1076 commodis
763 1028 983 1093 postponentes.
1007 1019 1079 1085 Quis
1094 1019 1173 1074 enim
1187 1037 1257 1076 non

216 1103 294 1160 domi
307 1120 375 1158 suae
392 1119 497 1176 panem
511 1101 618 1158 habore
638 1120 724 1177 quam
743 1119 857 1172 mures,
884 1119 1014 1158 nummos
1033 1119 1118 1176 quam
1135 1102 1256 1176 puliees

215 1181 320 1242 maliti
343 1183 402 1242 Sed
426 1183 497 1259 quid
522 1186 646 1255 mirum,
670 1203 737 1241 eum
750 1185 880 1256 ipsorum
894 1185 982 1240 etiam
995 1183 1143 1240 hominum
1156 1186 1257 1240 aesti-

215 1269 354 1338 matione,
379 1285 503 1342 quorum
515 1278 594 1324 eerte
607 1277 713 1324 natura
726 1275 826 1322 tantae
840 1275 885 1323 est
900 1266 1065 1344 dignitatis,
1078 1268 1259 1342 plerumque

216 1351 311 1408 earius
336 1359 519 1425 comparetur
532 1369 624 1425 equus
638 1368 724 1426 quam
737 1367 850 1420 servus,
877 1367 992 1427 gemma
1013 1367 1098 1424 quam
1119 1347 1259 1406 famula?

215 1431 260 1490 lta
272 1434 406 1490 libertate
419 1433 737 1509 iudieandiplurimum
746 1431 837 1488 distat
848 1434 924 1488 ratio
937 1432 1147 1490 considerantis
1163 1449 1182 1488 a
1198 1452 1259 1488 ne-

217 1517 355 1572 eessitate
369 1516 541 1592 indigentis,
568 1534 620 1571 seu
632 1517 780 1590 voluptate
794 1516 949 1589 cupientis,
963 1534 1028 1572 eum
1041 1516 1097 1569 ista
1111 1513 1184 1590 quid
1198 1534 1259 1589 per

216 1615 248 1653 se
261 1599 355 1671 ipsum
368 1598 399 1652 in
413 1615 512 1664 rerum
524 1597 663 1675 gradibus
675 1597 802 1672 pendat,
813 1599 974 1653 necessitas
987 1606 1083 1653 autem
1097 1597 1169 1671 quid
1181 1616 1260 1671 pro-

215 1688 281 1753 pter
294 1679 363 1754 quid
376 1689 512 1754 expetat,
539 1682 664 1757 eogitet3
691 1689 720 1736 et
733 1680 791 1734 ista
806 1678 877 1754 quid
890 1698 992 1736 rerum
1004 1681 1062 1735 luei
1076 1681 1186 1734 mentis
1202 1699 1260 1755 ap-

215 1771 327 1836 pareat,
355 1763 490 1835 voluptas
505 1780 574 1818 vero
588 1761 659 1837 quid
671 1761 831 1818 iucundum
844 1763 973 1838 eorporis
985 1762 1170 1832 blandiatur,
1200 1781 1261 1818 ex-

216 1844 321 1918 quirat.
344 1841 402 1900 Sed
415 1853 529 1901 tantum
540 1847 620 1902 valet
632 1863 664 1901 ιιι
675 1847 788 1901 naturis
799 1846 992 1902 rationalibus
1003 1843 1146 1920 quoddam
1156 1847 1263 1902 veluti

214 1925 327 2000 pondus
340 1928 501 1984 voluntatis
515 1936 545 1983 et
557 1929 676 2000 amoris,
702 1937 736 1983 ut
748 1945 818 1983 oum
830 1927 933 1984 ordine
946 1937 1069 1985 naturae
1082 1929 1186 2003 angeli
1200 1927 1262 1984 ho-

215 2008 354 2080 rninibus,
378 2018 476 2067 tamen
488 2011 555 2088 lege
567 2012 698 2069 iustitiae
710 2011 782 2068 boni
794 2009 927 2067 homines
940 2011 1024 2067 malis
1037 2010 1152 2088 angelis
1166 2029 1262 2084 prae·

215 2091 358 2148 ferantur.

584 2178 707 2236 ΗΡ.
749 2175 880 2234 xv11.

219 2267 321 2321 Vitium
335 2271 457 2323 malitiae
471 2289 523 2324 non
538 2282 667 2324 naturam
683 2287 750 2335 essa,
770 2276 817 2326 sed
825 2282 920 2326 contra
930 2280 1072 2339 naturam,
1092 2273 1138 2325 eui
1148 2276 1266 2344 adper-

387 2340 502 2394 eandum
511 2357 564 2394 non
575 2339 705 2394 Conditor
715 2358 798 2394 eausa
809 2352 848 2394 est
853 2380 862 2406 ,
882 2343 929 2394 sed
941 2345 1073 2395 voluntas.

276 2423 401 2499 Propter
412 2437 546 2483 naturam
560 2429 668 2506 igitur,
695 2447 755 2486 non
768 2440 887 2504 propter
899 2433 1039 2487 malitiam
1052 2429 1180 2503 diaboli,
1213 2434 1266 2490 di-

214 2517 293 2564 etum
316 2516 398 2564 reete
422 2511 635 2588 intelligimus·
665 2509 733 2568 Hoo
756 2523 802 2570 eat
820 2515 938 2570 initiam
954 2512 1098 2588 figmenti
1109 2511 1268 2574 Domini:

213 2591 281 2666 quia
305 2591 369 2648 sine
394 2590 480 2649 dubio
500 2593 550 2650 ubi
570 2602 649 2650 esset
668 2595 773 2650 vitium
785 2597 925 2667 malitiae,
951 2605 1056 2652 natura
1068 2614 1129 2652 non
1144 2598 1269 2657 vitiata

211 2675 379 2747 praecessit.
423 2673 533 2732 Vitium
546 2687 643 2732 autem
656 2678 698 2733 ita
711 2686 815 2733 eontra
831 2687 966 2734 naturam
978 2688 1033 2750 est,
1059 2688 1092 2734 ut
1105 2697 1170 2735 non
1183 2698 1268 2754 poa-

212 2757 252 2810 sit
274 2757 334 2811 nisi
357 2774 466 2812 nocere
489 2767 620 2814 naturae.
664 2757 733 2814 Non
751 2761 849 2834 itaque
866 2770 943 2816 esset
959 2762 1066 2817 vitium
1078 2761 1231 2820 recedere
1249 2785 1269 2823 a

212 2835 293 2906 Deo,
306 2838 366 2908 pisi
379 2847 513 2909 naturae,
540 2841 623 2895 euius
637 2840 668 2895 id
680 2841 785 2897 vitium
800 2851 855 2912 est,
879 2844 977 2916 potius
992 2852 1173 2917 eompeteret
1188 2864 1269 2905 esse

212 2935 278 2973 eum
288 2916 362 2972 Deo.
386 2919 567 2993 Quapropter
580 2923 670 2977 etiam
682 2924 820 2980 voluntas
833 2927 910 2980 mala
921 2925 1033 3002 grande
1046 2924 1267 2990 testimonium

211 3007 257 3053 est
278 3006 401 3054 naturae
422 3001 525 3057 bonae.
567 3001 627 3060 Sed
639 3003 720 3060 Deus
741 3007 818 3063 sieut
829 3016 1001 3063 naturarum
1013 3007 1158 3064 bonarum
1173 3015 1268 3085 opti-

210 3089 405 3142 musereator
418 3092 474 3154 est,
488 3084 530 3139 ita
538 3087 682 3142 malarum
691 3090 875 3146 voluntatum
888 3091 1064 3146 iustissimus
1077 3089 1267 3166 ordinator3

210 3170 243 3216 ut
256 3179 322 3216 eum
331 3164 406 3218 male
419 3165 487 3221 illae
499 3175 622 3225 utuntur
636 3172 749 3226 naturis
763 3171 863 3242 bonis,
877 3174 940 3246 ipse
954 3172 1029 3228 bene
1041 3181 1144 3228 utatur
1159 3175 1267 3234 etiam

209 3243 406 3300 voluntatibus
417 3249 511 3304 malis.
554 3249 654 3326 ltaque
673 3251 743 3309 feeit
762 3263 795 3309 ut
814 3254 943 3311 diabolus
957 3255 1147 3310 institutione
1169 3258 1265 3316 illius

207 3326 315 3397 bonus,
329 3329 481 3386 voluntate
495 3348 547 3389 sua
559 3336 665 3405 nialus,
691 3336 724 3390 in
737 3335 926 3393 inferioribus
941 3336 1091 3393 ordinatus
1104 3337 1265 3398 illudere-

207 3417 255 3464 tur
269 3408 305 3464 ab
317 3409 439 3487 Angelis
454 3414 527 3484 eius,
553 3414 583 3470 id
597 3426 652 3487 est,
678 3426 712 3472 ut
722 3419 838 3491 prosint
850 3420 1028 3475 tentationes
1041 3419 1105 3474 eius
1119 3425 1265 3496 sanetis,

207 3491 311 3564 quibus
327 3510 376 3547 eas
391 3495 494 3552 obesse
507 3495 662 3554 desiderat.
705 3497 745 3554 Et
758 3502 896 3575 quoniam
908 3500 990 3557 Deus
1010 3519 1077 3557 oum
1090 3519 1161 3557 eum
1173 3522 1264 3564 eon-

207 3570 304 3643 deret,
331 3573 446 3632 futurae
469 3580 661 3655 malignitatis
675 3581 738 3637 eius
752 3600 813 3639 non
837 3593 901 3640 erat
924 3585 1025 3658 utique
1047 3585 1193 3660 ignarus,
1230 3601 1266 3646 et

204 3653 392 3726 praevidebat
409 3676 485 3732 quae
502 3659 579 3717 bona
596 3661 631 3717 de
650 3663 734 3719 malis
749 3659 811 3720 eius
831 3676 910 3722 esset
923 3667 985 3740 ipse
998 3665 1146 3722 facturus:
1173 3685 1267 3740 pro-

205 3742 306 3828 pterea
319 3735 449 3794 Psalmus
463 3743 519 3810 ait,
535 3740 636 3798 Draeo
650 3742 712 3814 tie,
726 3765 808 3822 quem
815 3747 944 3818 finxisti
955 3749 998 3805 od
1010 3747 1200 3806 illudendum
1220 3759 1269 3824 es',

206 3821 240 3869 ut
254 3833 285 3870 ιιι
299 3835 334 3873 eo
347 3819 410 3891 ipso
424 3823 502 3893 quod
512 3840 577 3878 eum
589 3824 693 3894 linxit,
707 3829 776 3884 lieet
787 3847 839 3902 per
852 3847 934 3888 suam
947 3831 1108 3886 bonitatem
1121 3828 1269 3910 bonum,
