2510 4404
182 190 241 250 DE
264 190 481 251 csvlTsTE
503 193 578 252 DEl
607 193 690 251 [ΑΒ.
712 194 831 262 xxti„
950 203 1012 264 418

16 341 42 398 lo
63 359 153 421 regno
172 346 319 418 accepturi
335 363 450 416 sumus,
475 346 590 421 quondo
609 345 724 422 quidem
737 345 851 405 Christo
870 352 1012 410 moriente

16 445 44 482 ιο
61 424 142 482 nohis
156 429 213 484 tale
225 429 283 483 ism
295 430 402 508 pignus
416 427 598 504 aeoepirnusl
633 431 733 498 Qualis
753 433 810 488 erit
828 433 947 508 spiritus
959 433 1013 492 ho-

16 510 91 580 inis,
105 512 214 568 nulluus
227 513 345 568 omnino
358 511 466 569 habens
479 515 599 586 vitium,
624 533 679 570 nee
692 515 745 570 suh
759 533 814 590 quo
827 517 937 588 iaceat,
960 536 1014 574 nee

15 595 38 650 ιι
53 591 145 664 cedat,
159 613 215 650 nee
228 603 330 652 eontra
343 595 420 670 quod
433 598 535 652 saltem
548 596 731 654 laudabiliter
744 597 870 672 dimicet,
891 601 1015 675 pacatis·

15 695 64 733 ma
76 677 185 734 vlrtute
196 675 364 752 perfectus?
395 677 504 736 Rerum
514 680 555 736 ibi
568 681 697 737 omnium
710 691 829 757 quanta,
849 701 935 758 quom
948 701 1015 758 spe-

16 779 86 832 osa,
110 778 194 836 quesn
208 771 289 820 certa
302 763 436 834 seientia,
464 764 529 819 sine
543 783 643 820 errore
656 766 753 840 aliquo
766 767 813 821 vel
825 766 941 836 labore,
964 766 1015 822 uhi

16 846 48 900 ei
62 845 200 920 sapientia
213 845 248 901 de
260 847 322 920 ipso
336 865 388 903 suo
401 846 484 902 fonte
495 847 652 920 potabitur,
667 867 732 904 eum
740 867 851 905 summa
864 849 1015 921 felicitate,

15 947 57 984 ne
70 929 125 984 ulls
135 925 323 986 difficultate?
338 931 429 996 Quale
438 932 495 986 erit
505 949 621 1006 eorpus,
634 931 710 1006 quod
720 933 798 988 omni
809 932 894 990 modo
901 934 1018 1008 spiritui

15 1010 147 1083 ihditum,
160 1021 190 1067 et
203 1031 238 1069 eo
251 1012 428 1070 sufficienter
440 1014 630 1086 vivificatum,
643 1017 730 1070 nullis
744 1017 889 1072 alirnoniis
901 1017 1016 1094 indige-

15 1091 49 1152 ιι
72 1094 137 1152 Non
150 1097 228 1152 enim
240 1098 379 1167 animale,
403 1096 454 1153 sed
467 1099 597 1172 spiritale
611 1099 678 1168 erit,
691 1097 800 1154 hahens
822 1099 939 1174 quidem
951 1119 1016 1156 ear·

16 1200 46 1252 s,
62 1179 112 1236 sed
129 1180 193 1236 sino
208 1180 268 1237 ulla
281 1182 392 1236 oaraali
406 1181 595 1255 corruptione
609 1181 810 1238 substantiam.

358 1331 480 1390 cnP.
523 1329 646 1388 XXV.

15 1449 26 1482 e
46 1427 395 1497 perrumpentem,
416 1428 464 1497 qui
478 1430 702 1482 resurrectionem
716 1411 817 1493 earnm,
836 1445 930 1498 quam,
950 1428 1019 1480 sieut

131 1499 299 1566 praedictum
310 1507 360 1562 est,
380 1507 453 1551 totus
468 1501 580 1552 mundus
591 1499 685 1563 credit,
702 1499 873 1570 impugnant.

52 1603 160 1673 Verum
173 1603 209 1660 de
221 1607 312 1662 anirni
326 1606 427 1679 bonis,
449 1606 554 1682 quihus
566 1606 721 1682 posthanc
733 1609 823 1663 vitans
837 1607 1019 1663 beatissimus

17 1687 165 1759 rfruetur,
179 1707 240 1745 non
253 1689 272 1746 ι’
283 1689 365 1746 nohis
378 1689 556 1747 dissentiunt
567 1689 732 1766 philosophi
746 1691 869 1748 nobiles:
894 1685 970 1766 [qui]
985 1689 1020 1744 de

15 1774 89 1830 ornis
107 1775 322 1830 resurreetione
346 1774 539 1846 contendunt3
564 1773 640 1832 hane
668 1784 809 1850 quantum
825 1782 949 1849 possunt
967 1792 1019 1828 ne-

15 1865 68 1914 ιιιι.
98 1853 155 1912 Sed
169 1855 320 1914 eredentes
336 1859 436 1930 multi,
462 1869 607 1937 negantes
621 1860 813 1932 paucissimos
825 1859 1019 1932 reliquerunt,

28 1938 69 1996 ad
84 1937 246 2011 Christum,
271 1942 320 2016 qui
339 1939 394 1996 hoe
412 1942 489 2017 quod
510 1944 576 1997 istis
596 1942 713 1998 videtur
727 1940 899 2011 absurdum,
924 1941 955 1994 in
969 1957 1021 1994 sua

15 2023 204 2080 surrectione
216 2024 407 2094 monstravit,
431 2023 511 2081 fideli
531 2023 617 2080 eorde
637 2025 774 2079 conversi
791 2032 876 2092 sunt,
898 2021 977 2076 docti
992 2031 1021 2076 et

15 2107 117 2177 doeti,
140 2108 285 2182 sapientes
308 2105 409 2162 mundi
432 2117 462 2162 et
484 2108 666 2180 insipientes.
706 2105 772 2161 Ηοι
795 2107 873 2160 enirn
898 2102 1022 2159 eredidit

14 2189 130 2262 undus,
154 2189 230 2265 quod
241 2187 389 2265 praedixit
401 2188 497 2262 Deus3
524 2191 573 2264 qui
587 2191 675 2245 etiarn
687 2187 742 2244 hoe
754 2187 918 2263 praedixit,
944 2185 1022 2261 quod

14 2294 61 2332 no
77 2273 278 2330 reminundus
297 2271 393 2329 luerat
405 2273 580 2330 crediturus.
608 2272 711 2348 Neque
725 2274 803 2328 enim
816 2270 897 2327 Petri
910 2270 1020 2326 malefi-

14 2365 39 2416 [s
55 2375 120 2414 eam
134 2355 193 2434 [ea]
213 2376 280 2413 eum
302 2355 389 2413 laude
412 2355 593 2413 credentium
616 2365 699 2412 tanto
722 2365 791 2411 ante
814 2356 1021 2429 praenuntiare

14 2442 153 2518 mpulsus
168 2450 221 2496 est.
245 2439 295 2496 llle
309 2450 354 2496 est
368 2443 445 2496 onim
459 2439 552 2510 Deus,
566 2458 650 2514 quem
663 2434 752 2516 (sieut
764 2440 822 2494 iam
835 2438 897 2494 dixi
910 2439 1019 2513 aliquo-

14 2547 52 2598 ιι,
69 2542 124 2580 nee
137 2542 362 2580 commemorare
375 2543 421 2579 me
434 2515 540 2604 piget)
562 2522 721 2579 confitente
734 2519 912 2596 Porphyrio,
935 2530 1021 2596 etque

22 2609 156 2668 oraculis
171 2606 290 2662 deorum
303 2625 423 2662 suorum
437 2608 561 2682 probare
575 2607 728 2680 cupiente,
743 2608 806 2680 ipsa
820 2606 941 2660 numina
953 2623 1019 2679 per-

14 2699 176 2752 rreseunt:
203 2708 289 2764 quesn
302 2691 345 2745 sie
359 2689 504 2762 laudavit,
529 2699 562 2744 ut
577 2708 642 2746 eum
656 2699 685 2744 et
698 2689 795 2745 Deum
807 2697 919 2763 patrem
932 2697 962 2744 et
974 2707 1021 2742 re-

14 2798 50 2835 m
64 2782 194 2829 voearet.
207 2771 291 2829 Absit
304 2773 392 2843 euim,
406 2783 439 2830 ut
452 2775 494 2829 ιιι
505 2772 696 2852 intelligenda
706 2775 765 2828 sint
778 2789 851 2846 quae
862 2770 1020 2846 praedixit,

14 2854 132 2918 ,omodo
146 2857 251 2913 volunt
263 2855 293 2913 hi
306 2858 356 2933 qui
369 2855 424 2915 hoe
437 2877 503 2914 ouns
517 2857 625 2914 mundo
639 2876 699 2913 non
714 2855 919 2926 erediderunt,
943 2855 1020 2932 quod

14 2936 127 3000 sndum
141 2939 324 2998 ,crediturum
345 2960 409 2997 ιιιι
426 2941 580 3017 praedixit.
613 2939 673 2999 Cur
691 2942 769 2997 enim
786 2958 846 2996 non
858 2940 953 3014 potius
966 2940 1019 3011 ita,

14 3033 63 3083 eut
82 3021 246 3081 crediturus
264 3034 345 3083 tento
363 3034 431 3082 ante
449 3025 614 3102 praedictus
634 3035 679 3082 est
698 3022 840 3093 mundus,
864 3042 924 3080 non
944 3024 1020 3080 siout

14 3109 156 3167 ιιιιιιιιιιι
168 3111 315 3186 garriunt,
330 3111 381 3184 qui
392 3107 446 3165 hoe
460 3129 527 3165 eum
540 3109 658 3180 mundo,
670 3109 746 3183 quod
760 3107 922 3162 crediturus
935 3126 1019 3181 prae-

14 3200 154 3262 etaient,
179 3192 297 3248 eredere
310 3187 486 3248 nolueruntl
510 3189 543 3246 Si
565 3193 644 3246 enim
664 3200 818 3264 propterea
840 3189 940 3244 dieunt
963 3191 1020 3244 alio

14 3276 69 3334 edo
86 3292 154 3350 esse
168 3274 324 3345 credenda,
338 3275 415 3328 nesi
429 3273 558 3328 dixerint
569 3291 646 3328 rane
661 3290 725 3326 esse
739 3273 918 3344 conscripta,
942 3273 1020 3326 iniu-

14 3380 57 3417 ιιιι
72 3357 187 3413 faciant
199 3358 243 3412 illi
257 3356 332 3428 Deo,
359 3357 406 3412 eui
418 3365 478 3412 tam
491 3373 629 3432 uragnuns
642 3351 795 3428 perhibent
806 3355 1020 3424 testimonium,

14 3453 99 3498 stam
113 3458 236 3514 prorsus
251 3442 279 3496 ιι
292 3442 339 3496 ιιι
352 3441 440 3496 etiam
452 3441 618 3517 graviorem
630 3437 742 3493 faciunt
755 3437 908 3507 iniuriam,
927 3439 953 3492 si
966 3438 1019 3492 ali·

14 3546 24 3581 ,·
41 3523 150 3578 dicunt
163 3542 227 3579 esse
238 3522 440 3604 intelligenda,
454 3542 513 3580 non
523 3523 600 3578 sieut
610 3520 734 3577 mundus
746 3539 780 3576 ιι
790 3519 922 3593 eredidit,
935 3539 1021 3597 quom

14 3606 169 3665 editurum
182 3607 244 3681 ipse
257 3606 398 3677 laudavit,
412 3608 473 3681 ipse
485 3606 629 3682 promisit,
643 3607 706 3680 ipse
720 3605 883 3678 complevit.
916 3603 1022 3660 Vtrum

14 3686 71 3764 ur]
90 3690 173 3745 enim
186 3709 247 3747 non
260 3699 357 3766 potest
374 3689 470 3746 faeere
484 3700 518 3746 ut
535 3698 673 3766 resurgat
687 3706 768 3757 earo,
794 3696 824 3743 et
835 3688 915 3745 vivat
928 3690 958 3745 in
972 3706 1022 3744 ae-

14 3789 119 3844 ·num3
134 3791 173 3829 an
186 3783 338 3849 propterea
350 3773 524 3830 eredendum
534 3783 660 3846 nonest,
674 3771 704 3828 id
716 3789 781 3827 eum
792 3789 856 3828 esse
869 3771 1022 3834 fsehsrum,

14 3863 48 3917 ia
66 3859 180 3914 malum
205 3868 249 3914 ιιι
273 3868 358 3935 atque
382 3857 539 3936 indignum
564 3853 645 3914 Deol
673 3855 732 3912 Sed
756 3854 790 3912 de
815 3857 1023 3934 omnipotentia
