2538 4392
198 219 260 276 234
427 209 526 270 DlVl
547 207 734 268 Avia-Elii
756 203 1007 264 AVGVSTlNl

202 389 273 428 nere
286 369 374 436 vitae,
389 363 462 420 duee
471 372 568 438 parter
582 359 669 420 huius
679 361 794 418 numeri
808 357 1011 430 detrahuntur,
1027 369 1058 416 et
1070 369 1177 428 ¹¹aeetae
1194 382 1239 419 no-

200 455 324 532 naginta
337 467 393 506 rex
405 456 568 506 remanent.
600 445 725 508 Remota
738 463 808 502 vero
822 441 988 500 differentia
1001 461 1042 498 ex
1055 443 1184 519 Cynicis
1197 447 1240 502 aa.

200 539 272 608 dita,
286 533 324 592 ad
337 532 488 592 dimidium
502 531 687 608 rediguntur,
700 538 731 584 et
744 526 939 605 quadraginta
952 535 1017 584 oeta
1031 527 1123 586 finnt.
1161 529 1239 585 Auie-

199 637 296 680 rernua
315 619 404 676 etiam
422 615 499 692 quod
518 625 548 672 et
567 613 748 670 Academicis
767 614 851 669 novin
870 609 1034 668 adhibitum
1051 621 1120 683 est,
1143 631 1236 670 ruram

201 704 322 763 dimidia
333 721 401 777 para
414 708 557 770 remanet,
576 697 675 768 idest,
694 697 804 775 viginti
818 704 952 771 quatuor.
988 691 1164 754 De'soeiali
1177 715 1237 774 qno-

201 789 328 864 quevita
338 783 415 862 quod
428 791 606 853 aocemerat,
620 781 755 836 rimiliter
769 779 929 850 auferatur,
943 777 1104 836 duodecim
1118 790 1189 837 sunt
1199 800 1237 836 re

200 874 309 948 liquare,
324 887 394 944 quaa
408 869 466 922 iata
479 862 655 936 differentia,
669 873 703 920 ut
714 864 825 942 viginti
838 871 963 938 quatuor
976 861 1103 935 fierent,
1119 863 1237 940 duplica·

200 963 294 1012 verat.
328 951 375 1008 De
387 949 432 1006 hir
447 967 518 1030 ergo
531 948 685 1005 duodecim
697 945 772 1004 nihil
785 946 845 1002 diei
859 955 970 1020 potest,
997 965 1054 1002 our
1070 957 1175 1005 sectae
1186 967 1236 1004 non

200 1039 261 1094 sint
272 1033 432 1092 habendae.
467 1031 549 1090 Nihil
563 1034 669 1108 quippe
682 1030 761 1088 aliud
774 1031 807 1086 in
821 1031 864 1086 eis
878 1031 1047 1106 quaeritur,
1068 1049 1163 1106 quam
1172 1030 1236 1086 linea

200 1121 345 1178 honorum
359 1119 555 1174 etmalorum.
590 1115 723 1174 lnventia
737 1123 836 1192 autem
849 1113 993 1170 bonorum
1006 1113 1141 1187 finibus,
1155 1113 1238 1190 pralo-

202 1213 248 1260 oto
263 1223 279 1258 e
294 1203 441 1258 eonnario
454 1209 524 1258 eunt
536 1201 687 1257 malorum.
706 1196 771 1254 Hae
783 1205 881 1254 autem
894 1205 928 1253 ut
939 1196 1013 1254 fiant
1026 1195 1190 1256 duodecim
1201 1216 1238 1252 ae-

204 1297 283 1358 etae,
306 1287 357 1342 illa
371 1294 498 1361 quatuor
511 1286 712 1358 triplicantur,
735 1283 881 1354 voluptas,
905 1282 997 1355 quies,
1020 1291 1198 1358 utrumque,
1219 1293 1240 1336 et

202 1373 297 1446 prima
311 1379 445 1441 naturae,
461 1387 534 1445 quae
548 1367 724 1446 primigenia
737 1364 830 1421 Varro
843 1372 938 1419 vocat.
955 1362 1038 1420 Haec
1052 1367 1165 1441 quippe
1179 1384 1240 1442 qua·

202 1464 271 1510 tuor
285 1452 353 1508 dum
367 1453 541 1530 singillatim
553 1451 657 1508 virtuti
669 1447 826 1524 aliquando
840 1444 1017 1518 subduntur,
1045 1457 1082 1503 ut
1103 1468 1167 1504 non
1184 1467 1241 1524 pro-

202 1545 268 1612 pter
282 1555 314 1591 ae
328 1537 406 1609 ipsa,
433 1533 484 1590 sed
495 1542 615 1610 propter
628 1531 755 1593 officinm
767 1530 888 1588 virtutis
902 1529 1066 1606 appetenda
1080 1533 1241 1590 videantur.

203 1617 358 1692 aliquando
371 1616 590 1691 praeferuntur,
604 1625 637 1673 ut
647 1634 706 1672 non
715 1623 833 1689 propter
845 1632 877 1670 se
890 1613 963 1688 ipsa,
978 1613 1031 1668 sed
1045 1626 1174 1690 propter
1184 1616 1241 1672 haee

205 1699 392 1775 adipiscenda
405 1701 453 1756 vel
467 1697 668 1756 conservanda
682 1699 849 1754 necessaria
860 1698 955 1754 virtue
968 1706 1105 1772 putetur,
1121 1701 1240 1775 aliqnan-

203 1783 240 1840 do
254 1783 398 1860 iungitur,
412 1790 446 1838 nt
458 1791 577 1856 propter
591 1801 622 1838 ee
637 1783 701 1856 ipsa
714 1790 744 1836 et
755 1783 869 1852 virtus,
890 1789 920 1836 et
932 1781 990 1836 ieta
1004 1783 1178 1856 appetenda
1191 1801 1239 1838 ere·

204 1866 326 1938 dantur;
346 1867 569 1941 qtraternarinm
582 1883 736 1922 numerum
748 1865 869 1940 triplum
883 1863 1021 1935 reddunt,
1044 1874 1076 1920 et
1090 1866 1132 1922 ad
1146 1866 1240 1924 duode

205 1951 262 2006 eim
276 1959 370 2006 aeetae
384 1950 571 2026 perveniunt.
590 1947 638 2004 Ex
652 1949 711 2004 illis
725 1957 824 2005 autem
838 1957 962 2026 quatuor
974 1947 1064 2004 rebus
1079 1947 1182 2008 Varro
1194 1961 1240 2006 nee

204 2035 292 2104 tollit,
305 2035 485 2109 voluptatem
498 2034 624 2104 ecilieet,
647 2033 829 2107 nquiorem,
855 2041 885 2088 et
896 2041 1070 2108 utrumque:
1101 2053 1167 2092 non
1181 2031 1241 2110 quod

205 2135 253 2174 aaa
272 2119 431 2192 improbet,
458 2116 511 2174 sed
531 2115 609 2192 quod
627 2116 804 2194 primigenia
817 2115 869 2172 illa
883 2124 1007 2172 naturae
1021 2125 1054 2172 et
1067 2119 1239 2194 voluptatem

204 2203 236 2258 in
250 2220 283 2257 ae
296 2200 439 2272 habeant,
463 2211 492 2258 et
505 2202 642 2276 quietem.
680 2197 757 2266 Quid
776 2215 847 2277 ergo
867 2216 938 2274 opus
956 2209 1002 2254 eat
1019 2217 1059 2256 ex
1072 2197 1126 2258 his
1141 2201 1240 2259 dnabm

204 2286 263 2342 tria
276 2283 416 2359 quaedam
429 2283 542 2354 faeere,
569 2283 626 2340 duo
645 2283 776 2353 scilieet,
801 2281 869 2338 dum
883 2283 1058 2360 singillatim
1072 2295 1241 2360 appetuntur

202 2369 337 2440 voluptas
351 2374 403 2422 ant
415 2367 509 2441 quiea,
530 2376 560 2422 et
572 2367 710 2438 tertium,
725 2384 792 2422 curn
805 2364 907 2422 ambae
921 2368 1022 2438 simu13
1050 2370 1176 2443 quando
1190 2370 1241 2445 qni-

203 2449 269 2506 dam
280 2449 375 2524 prima
388 2457 527 2522 naturae,
552 2459 583 2506 et
599 2451 688 2525 ipsas,
709 2458 738 2506 et
750 2458 868 2523 praeter
881 2451 958 2526 ipsae
972 2451 1031 2506 alia
1043 2454 1144 2510 multa
1158 2454 1241 2510 eonti-

203 2529 311 2592 neantl
335 2531 381 2590 Da
394 2533 487 2590 tribue
502 2552 573 2613 ergo
588 2534 677 2590 sentia
691 2534 719 2588 oi
737 2534 832 2610 placet
851 2532 1009 2612 diligenter
1030 2553 1100 2592 esee
1122 2547 1242 2594 tractan-

204 2618 281 2691 dum,
296 2635 439 2694 quaenam
453 2619 493 2674 ait
505 2619 602 2694 potina
616 2615 760 2697 eligenda.
793 2615 861 2674 Non
876 2619 953 2674 enim
966 2637 1070 2675 veram
1082 2623 1154 2696 pluo
1169 2639 1241 2698 quan

203 2721 293 2760 unam
305 2720 377 2758 vera
390 2702 466 2758 ratio
481 2720 546 2758 ease
559 2701 718 2776 permittit,
745 2701 808 2757 sive
820 2701 853 2758 in
865 2699 911 2757 his
926 2701 1019 2758 tribua
1033 2704 1092 2776 ait,
1120 2708 1186 2763 eive
1199 2705 1241 2759 ali-

204 2785 272 2842 onhi
285 2787 366 2857 alibi,
380 2783 457 2861 quod
469 2795 536 2860 post
550 2783 719 2842 videbimus.
750 2782 872 2840 Interim
886 2783 921 2841 de
934 2783 979 2840 hir
993 2785 1091 2842 tribua
1107 2785 1241 2866 quomodo

203 2886 291 2926 unam
305 2867 398 2924 Varro
413 2869 515 2944 eligat,
537 2876 676 2943 quantum
690 2868 819 2942 breviter
832 2877 989 2944 aperteque
1002 2888 1182 2945 possumus,
1195 2871 1241 2926 die

203 2967 340 3006 maenius.
371 2949 449 3004 latae
463 2969 568 3026 nempe
581 2959 641 3006 trae
656 2961 753 3008 aeetae
767 2953 808 3007 ita
822 2951 911 3023 fiunt,
938 2972 1006 3008 oum
1018 2955 1070 3009 vel
1082 2959 1184 3030 prima
1198 2973 1240 3011 m·

204 3042 287 3088 turae
299 3041 419 3106 propter
431 3034 587 3104 virtutem,
613 3037 661 3090 vel
674 3037 769 3092 virtue
786 3045 904 3112 propter
921 3037 1015 3112 prima
1029 3047 1180 3112 naturae,
1204 3037 1240 3092 rel

203 3123 347 3256 utroque,d
356 3115 386 3171 id
400 3125 455 3189 eet,
480 3126 509 3174 et
522 3119 616 3173 virtue
630 3127 660 3175 et
672 3121 767 3194 prima
780 3129 905 3178 naturae
918 3130 1039 3196 propter
1054 3140 1088 3178 aa
1105 3124 1173 3199 ipra
1186 3132 1240 3178 surr

203 3208 327 3275 expeten
348 3218 374 3256 a.

600 3285 722 3343 CAP.
767 3286 841 3344 lll.

199 3379 242 3436 De
254 3380 340 3436 tribua
350 3384 429 3436 eeetie
440 3399 570 3436 erennnnm
584 3383 699 3438 hominia
714 3384 811 3438 tonum
826 3385 1030 3454 quaer-entitur,
1052 3402 1141 3454 quam
1153 3387 1238 3458 eligen-

286 3452 346 3506 dam
363 3451 452 3508 Varro
463 3453 589 3524 definiat,
608 3471 718 3524 sequena
729 3455 828 3537 eeterip
840 3455 1009 3518 Academiae,
1021 3453 1165 3509 Antiocho

567 3534 687 3588 auctore,
704 3535 873 3578 sententiam.

262 3630 341 3694 Quid
355 3651 426 3709 ergo
441 3634 564 3690 istorum
577 3633 666 3688 trium
686 3635 725 3688 sit
743 3651 847 3690 verum
867 3642 954 3708 atque
974 3632 1170 3705 sectandum,
1194 3636 1239 3688 isra

200 3707 286 3764 modo
300 3714 478 3782 persuadere
492 3723 624 3772 conatur.
660 3713 808 3787 Primum,
832 3718 902 3792 qnia
921 3731 1066 3774 summam
1083 3717 1199 3774 honum
1215 3717 1238 3769 in

200 3788 382 3864 philosophia
396 3813 456 3854 non
470 3798 597 3869 arboris,
624 3815 685 3856 non
704 3801 837 3874 pecoris,
865 3818 925 3856 non
943 3797 1015 3870 Dei,
1043 3799 1097 3854 aed
1120 3799 1238 3858 hominia

200 3873 362 3949 quaeritur,
377 3877 448 3951 quid
461 3882 499 3938 ait
513 3881 574 3954 ipae
587 3879 686 3954 horno,
701 3883 899 3960 quaerendum
912 3891 1004 3958 putat.
1023 3879 1129 3940 Sentit
1140 3885 1237 3958 qnippe
