2530 4392
176 215 230 274 DE
253 215 470 276 ClVl'l'rl'l'E
498 216 578 276 DEl
609 215 689 274 uin.
710 216 808 274 XlX.
957 225 1018 282 265

66 388 115 426 rum
136 369 279 440 iacientes,
305 386 358 443 par
382 369 576 426 imitationem
599 378 630 424 et
653 369 874 444 inquisitionem
891 371 926 429 de
945 374 1019 449 ipso.

66 454 169 529 quisitio
183 453 255 508 enirn
267 462 390 532 purgat,
417 455 530 530 inquit:
557 453 684 510 imitatio
699 451 816 510 deificat
836 451 1020 514 affectionem

73 540 156 612 ipsum
168 536 342 612 operando.“
367 536 448 594 Bono
461 535 577 614 quidem
588 535 771 613 praedicavit
780 535 878 595 Deum
891 537 1018 611 Patrem,

66 623 139 677 nilus
152 622 186 677 sit
198 621 334 678 eolcndns
345 621 476 678 moribus
490 620 575 678 dixit.
598 621 709 688 Quibus
720 623 883 698 praeceptis
895 620 1019 698 prophe-

67 705 129 760 lilri
143 705 214 780 pleni
227 714 297 760 sunt
309 704 527 777 Hebraeorum,
556 703 671 780 quando
690 714 858 762 sanctorum
876 706 938 764 vita
956 706 1019 764 sive

65 798 180 864 paratur,
192 789 252 844 sire
261 789 406 846 laudatur.
429 787 488 846 Sed
498 791 529 845 in
540 787 716 846 Christianis
730 797 846 846 tantum
859 789 1018 846 calumnia-

80 881 205 948 quantum
216 874 318 928 volunt
332 872 504 944 doemones,
519 889 592 948 quos
606 873 744 946 opinatur
757 871 842 946 deos,
857 873 942 949 quasi
955 875 1017 928 cui-

65 976 81 1012 n
93 955 196 1012 difficile
208 957 245 1011 sit
256 958 399 1030 recolere,
414 973 486 1032 quae
500 958 609 1032 turpia,
623 974 697 1032 quae
708 955 850 1014 dedecora
865 974 936 1036 erga
949 954 1019 1013 deo·

78 1040 235 1115 obsequium
255 1042 286 1096 in
304 1039 426 1097 theatris
446 1041 611 1118 agebantur
625 1049 654 1095 et
667 1041 797 1116 templis;
825 1051 855 1098 et
868 1039 1020 1098 attendere

65 1125 222 1201 =legantur,
248 1123 401 1196 dicantur,
427 1123 584 1180 audiantur
598 1125 631 1180 in
645 1125 795 1196 ecelesiis,
808 1127 856 1182 vel
868 1125 934 1182 Deo
947 1142 1018 1180 vero

76 1205 220 1279 offeratnr;
247 1217 277 1264 ct
290 1205 360 1264 hino
373 1209 542 1286 intelligere
555 1208 606 1264 ubi
619 1206 802 1280 aedilicium,
827 1218 858 1265 et
870 1209 920 1264 ubi
932 1209 1020 1264 ruins

65 1309 160 1347 rorum.
195 1291 266 1358 Quis
280 1301 377 1348 autem
390 1291 458 1348 huie
473 1291 550 1348 dixit
561 1293 610 1348 vel
628 1291 800 1367 inspiravit,
825 1293 885 1348 nisi
898 1290 1020 1347 diaboli-

65 1377 186 1448 piritus,
199 1384 257 1432 tam
269 1394 378 1433 vanum
391 1385 581 1452 apertumque
595 1375 779 1433 mendacium
786 1415 796 1446 ,
811 1374 890 1451 quod
902 1375 1018 1430 daemo-

65 1460 88 1514 ub
102 1457 238 1515 Hebraeis
253 1461 310 1516 coli
323 1458 485 1533 prohibitos
499 1468 692 1517 revereantur
710 1460 822 1535 potius,
848 1476 935 1534 quam
949 1455 1018 1513 ode-

67 1539 237 1599 christimit
282 1541 342 1600 Sed
357 1543 440 1601 Deus
456 1546 506 1600 ille
525 1563 611 1619 quem
628 1545 784 1600 coluerunt
797 1544 944 1618 sapientes
958 1538 1018 1596 lle·

65 1645 152 1697 ιιιιιιι,
179 1628 265 1683 etiam
277 1628 451 1684 coelestibus
466 1629 577 1685 sanctis
591 1627 712 1706 Angelis
727 1637 758 1683 et
770 1625 936 1683 Virtutibus
951 1622 1019 1692 Dei,

77 1710 256 1767 beafissimos
275 1721 416 1788 tauquam
437 1713 517 1769 cives
535 1713 567 1768 in
585 1710 641 1768 hae
660 1721 763 1768 nostra
779 1708 1020 1787 peregrinatione

65 1795 100 1848 nli
118 1812 290 1851 veneramur
308 1804 337 1850 et
355 1813 501 1868 amamus,
528 1795 689 1852 sacrificari
707 1804 804 1867 vetat,
829 1795 970 1850 intonans
989 1791 1020 1845 in

65 1895 129 1948 sua,
159 1897 245 1954 quam
258 1877 338 1936 dedit
349 1882 455 1955 populo
468 1897 521 1936 suo
535 1879 690 1949 Hebraeo,
718 1889 748 1936 et
760 1876 847 1936 valde
866 1876 1020 1934 minaciter

65 1980 95 2017 s:
109 1959 295 2034 Sacrificant
311 1964 369 2020 diis
384 1964 598 2022 eradicabitur.
620 1962 661 2018 Et
674 1982 712 2020 ne
727 1964 881 2038 quisquam
893 1966 1020 2034 putaret,

65 2046 169 2102 onibus
184 2047 332 2120 pessimis,
346 2048 532 2122 terrenisque
546 2046 712 2121 spiritibus,
727 2063 798 2119 quos
812 2045 870 2100 iste
882 2041 953 2096 dieit
964 2041 1020 2094 mi-

64 2148 73 2184 s
95 2131 144 2186 vel
168 2129 315 2202 minores,
341 2147 380 2186 ne
401 2129 583 2186 sacrificetur
602 2146 668 2183 esse
680 2135 884 2202 praeceptum;
911 2123 979 2198 quia
993 2130 1022 2176 ct

64 2211 256 2288 nScripturia
272 2215 382 2270 sanctis
400 2213 472 2269 dieti
490 2220 559 2268 sunt
572 2211 629 2282 dii,
656 2229 717 2267 non
730 2208 946 2278 Hebraeorum,
970 2201 1021 2259 sed

64 2313 127 2370 um3
154 2296 233 2373 quod
257 2298 410 2355 evidenter
432 2298 464 2353 in
485 2294 602 2352 Psalmo
625 2292 823 2373 Septuaginta
845 2293 1021 2364 interpretes

64 2391 155 2450 runt,
184 2379 333 2454 dicentes,
364 2379 509 2451 Quoniam
528 2396 625 2436 omnes
646 2379 690 2436 dii
704 2379 838 2456 gentium
850 2373 1021 2434 daemonia:

64 2466 180 2542 iserge
194 2474 314 2538 putaret
327 2466 393 2521 istis
408 2462 525 2540 quidem
538 2462 699 2518 daemoniis
713 2459 908 2536 prohibitum,
926 2457 1022 2513 eoele-

80 2557 184 2605 nutom
197 2549 247 2604 vel
261 2549 412 2618 omnibus,
426 2548 474 2603 vel
485 2545 629 2622 aliquibus
643 2544 804 2600 sacrificari
818 2559 883 2598 esse
896 2540 1021 2616 permis-

67 2649 141 2688 mox
155 2630 285 2703 addidit,
304 2632 368 2690 nisi
378 2629 505 2688 Domino
520 2629 592 2699 soli,
616 2628 718 2699 idest,
742 2628 802 2684 nisi
814 2625 943 2682 Domino
956 2631 1022 2678 tan-

73 2734 113 2771 ne
129 2715 212 2772 lorte
225 2717 258 2772 in
272 2735 306 2772 eo
327 2714 404 2791 quod
417 2715 477 2786 ait,
503 2713 566 2769 nisi
576 2709 704 2770 Domino
717 2711 787 2782 soli,
800 2708 960 2767 Dominum
974 2722 1022 2760 so·

64 2799 159 2855 =redat
186 2817 253 2855 esso
278 2799 440 2875 quispiam,
467 2797 515 2854 cui
538 2793 763 2852 sacrificandum
788 2800 873 2870 putat
897 2785 1021 2868 [putet]:

64 2902 126 2939 non
141 2885 187 2940 ita
202 2901 269 2940 esse
282 2878 520 2962 intelligendum,
534 2879 566 2938 in
579 2879 736 2955 scripturis
750 2876 872 2934 Graecis
884 2874 1022 2932 facillime

64 2976 126 3022 tur.

64 3069 116 3106 eus
132 3047 454 3128 igiturchroeorum,
468 3050 516 3106 oui
529 3057 589 3104 tam
602 3065 743 3128 magnum
755 3054 855 3102 tantus
865 3044 953 3100 etiarn
967 3044 1023 3097 iste

64 3133 163 3209 ophus
177 3132 315 3209 perhibet
326 3135 548 3202 testimonium,
562 3133 658 3210 legem
672 3130 752 3187 dedit
763 3128 901 3186 Hebraeo
914 3125 1022 3202 populo

64 3215 207 3274 Hebraeo
222 3231 357 3276 sermone
370 3217 581 3290 conscriptam,
607 3233 669 3270 non
682 3213 835 3270 obscuram
846 3221 876 3266 et
886 3208 1023 3284 incogni-

66 3300 123 3357 sed
139 3300 284 3358 omnibns
297 3301 356 3357 iam
368 3297 507 3378 gentibus
522 3295 716 3366 diffamatam,
742 3295 774 3349 in
794 3309 850 3368 qua
867 3292 935 3366 lege
949 3287 1023 3344 seri·

64 3393 123 3441 est:
140 3371 348 3456 ‘Sacrificant
360 3383 421 3442 diis
435 3379 658 3450 eradicabitur,
683 3377 745 3432 uisi
757 3373 884 3432 Domino
897 3381 1022 3428 tentum.

64 3485 142 3544 opus
165 3475 218 3524 est
236 3468 269 3524 in
287 3464 343 3524 hac
361 3465 425 3522 eius
443 3466 527 3543 lego,
554 3463 675 3536 eiusque
687 3455 842 3533 Prophetis
862 3454 898 3510 de
916 3451 971 3507 hac
990 3470 1024 3508 re

64 3545 276 3628 perquirerei
303 3549 373 3607 imo
387 3567 448 3606 non
461 3546 649 3624 perquirere,
663 3541 816 3600 nonenim
829 3538 965 3595 absmusa
977 3535 1025 3592 vel

64 3645 139 3708 unt,
155 3634 215 3692 aad
230 3643 332 3709 aperta
343 3641 374 3690 et
386 3631 489 3690 crebra
503 3631 654 3708 colligere,
668 3625 744 3682 et'in
757 3621 813 3679 hac
827 3619 1025 3697 disputatione

64 3737 189 3776 onere:
224 3718 330 3794 quibus
349 3717 416 3774 luce
436 3715 542 3771 clarius
562 3717 698 3787 apparet,
726 3708 801 3764 nulli
827 3705 947 3761 omnino
967 3701 1025 3758 nisi

64 3824 77 3858 ι
91 3802 158 3858 sibi
174 3801 277 3860 Deum
292 3819 397 3858 verum
411 3808 442 3855 ot
454 3813 598 3854 summum
611 3793 741 3851 voluisse
754 3787 923 3848 sacrificari.
946 3785 1025 3842 Ecce

64 3905 133 3944 rum
147 3885 300 3958 breviter,
314 3885 372 3942 imo
386 3880 555 3964 granditer,
568 3877 741 3948 minaciter,
756 3873 809 3931 sed
822 3871 969 3930 veraciter
982 3867 1026 3924 di-
