2586 4396
245 223 306 280 DE
328 222 540 283 CIVITATE
563 226 644 285 DEI
665 228 745 286 LlB.
767 230 857 292 xvl.
1007 237 1066 296 to?

25 395 89 454 per
105 392 232 450 eorpore
245 393 317 450 quae
335 376 428 433 divisa
446 388 543 450 erent,
567 397 626 434 non
644 381 713 436 boni
729 382 854 456 aliquid,
877 385 929 441 sed
946 389 1065 462 spiritua

24 460 172 519 indicant
185 459 261 514 airis
274 456 374 531 buius,
387 471 502 534 pastum
516 462 658 538 quendam
670 483 755 538 enum
768 465 804 522 de
817 470 975 526 carnalium
988 470 1064 529 diri-

23 549 117 604 sione
130 551 316 619 quaerentes.
343 544 426 610 Quod
439 548 605 601 autemillis
621 548 753 604 censedit
764 549 924 624 Abrabam,
948 555 1063 632 signifi-

23 639 77 688 eat
91 629 186 697 etiam
202 628 280 683 inter
291 629 356 683 illas
370 630 532 684 carnalium
545 629 803 703 divisiones,veros
823 652 915 710 usque
931 637 963 694 in
976 637 1063 694 finem

20 719 275 792 perseveraturos
288 710 396 768 fideles.
413 711 454 768 Et
466 714 543 769 eirea
557 715 626 770 solis
641 734 773 772 oceasum
787 717 863 792 quod
874 737 967 794 pavor
979 721 1065 777 irruit

20 802 57 855 in
72 793 235 867 Abrabam,
249 804 280 852 et
291 797 378 852 timor
389 797 562 853 tenebrosus
575 816 711 876 magnus,
729 800 877 879 signifieat
888 805 966 874 eipoa
978 801 1062 860 huius

20 881 144 939 saeculi
157 879 247 936 finem
259 898 393 958 magnam
405 881 653 956 perturbationem
663 903 698 940 ao
708 884 924 943 tribulationem
937 887 1063 945 futuram

19 966 179 1023 fidelium:
205 963 241 1019 de
256 982 313 1040 qua
326 963 469 1020 Dominus
484 965 561 1022 dixit
576 968 608 1023 in
620 965 796 1048 Evangelio:
821 967 893 1028 Erit
905 973 980 1030 enim
993 981 1064 1029 ιιιιιι

19 1049 190 1108 tribulatio
203 1065 322 1124 magne,
335 1049 430 1126 qualit
443 1051 576 1122 nonfuit
588 1051 624 1109 ab
638 1053 734 1110 initio.

91 1131 181 1200 Quod
192 1150 264 1189 vere
277 1131 384 1188 dietum
398 1143 444 1188 est
457 1134 493 1189 ad
505 1133 661 1190 Abraham:
688 1133 813 1194 Seieado
828 1140 915 1210 teies,
929 1138 999 1214 quia
1005 1155 1061 1214 pe-

18 1219 188 1295 regrinam
202 1217 262 1272 erit
275 1233 369 1272 ιιιιιιι
382 1226 463 1272 tuum
477 1217 507 1273 in
521 1219 607 1274 terra
621 1237 677 1274 non
686 1221 827 1298 proprie,
846 1230 877 1279 ιι
889 1221 919 1278 ia
933 1222 1062 1278 torvita-

18 1315 84 1360 tem
98 1299 243 1376 redigent
257 1317 316 1370 eos,
340 1310 370 1357 ιι
381 1298 517 1376 affligent
531 1317 579 1358 ιιι
593 1302 820 1379 quadringentis
833 1305 939 1360 ιιιιιίιι
962 1301 998 1358 de
1009 1321 1061 1376 po«

17 1388 99 1462 pulo
112 1382 223 1454 lsrael,
245 1385 295 1459 qui
308 1384 405 1440 fuerat
417 1386 449 1440 in
460 1383 593 1462 Aegypto
607 1386 784 1456 serviturus,
802 1387 982 1461 apertissime
994 1403 1062 1461 pro-

16 1469 183 1545 phetatum
196 1475 250 1524 est.
274 1465 342 1524 Non
355 1467 431 1543 quod
443 1469 475 1523 in
489 1467 589 1523 eadem
602 1469 743 1524 servitute
757 1469 810 1526 sub
823 1469 975 1549 Aegyptiis
988 1467 1062 1525 affli-

17 1550 171 1632 gentibus
187 1549 415 1628 quadringentos
434 1570 526 1608 annos
546 1553 596 1606 ille
614 1553 737 1626 populus
759 1551 857 1610 fuerat
876 1561 1061 1628 peraeturus3

16 1637 77 1692 sed
92 1637 128 1690 in
141 1635 214 1708 ipsis
227 1635 450 1713 quadringentis
464 1635 549 1690 annis
562 1637 797 1710 praenuntiatum
806 1645 852 1693 et
860 1635 914 1692 hoe
924 1635 1061 1692 futurum.

17 1715 281 1788 Quemadmodum
294 1720 372 1774 enim
385 1721 524 1793 seriptum
538 1729 582 1776 est
599 1718 635 1774 de
648 1717 745 1775 Thura
756 1729 838 1794 petre
850 1718 999 1792 Abrahae,
1022 1717 1062 1778 Et

7 1806 160 1880 fuerunt
172 1803 236 1859 dies
252 1801 370 1859 iberae
387 1804 417 1859 in
433 1801 550 1858 Charra
569 1804 693 1880 quinque
711 1813 741 1861 et
754 1804 874 1862 ducenti
889 1804 978 1878 annt3
1002 1821 1062 1860 non

14 1890 96 1965 quia
111 1887 157 1943 ibi
171 1903 272 1942 ornnes
286 1888 442 1958 actitant,
462 1885 512 1942 sed
526 1887 594 1961 quia
607 1887 648 1943 ibi
661 1888 795 1962 eompleti
810 1897 897 1944 eunt:
920 1889 962 1943 ita
975 1896 1005 1943 et
1017 1885 1063 1943 hie

14 1980 186 2048 propterea
205 1970 408 2045 interpositum
430 1978 490 2039 est,
515 1969 557 2026 Ει
574 1971 773 2028 interituram
790 1972 1011 2048 redigentem,
1035 1980 1063 2028 ιι

13 2055 170 2133 affligent
184 2071 233 2111 ιιι
246 2055 474 2132 quadringentis
487 2055 590 2127 ιιιιιιὲι;
603 2055 741 2130 quoniam
753 2055 809 2109 iste
819 2071 958 2109 numerus
971 2055 1002 2108 in
1016 2071 1064 2107 ea-

14 2143 95 2198 dem
111 2136 273 2194 afflictione
288 2139 447 2211 completus
467 2145 529 2208 est,
553 2155 613 2192 non
630 2138 697 2212 quia
710 2136 752 2191 ibi
764 2137 917 2192 universus
930 2144 1064 2210 peraetus

13 2233 82 2282 est.
112 2221 331 2300 Quadringenti
346 2239 419 2277 sane
431 2219 571 2276 dicuntur
584 2221 655 2276 euni
673 2229 791 2295 prepter
811 2220 925 2276 numeri
937 2219 1066 2292 plenitu-

11 2311 148 2376 dinem,
171 2307 303 2381 qnamvis
322 2307 470 2381 aliquante
488 2305 611 2378 amplius
628 2305 702 2376 aint3
730 2305 792 2360 sive
810 2322 848 2359 ex
867 2302 924 2360 hee
935 2311 1066 2376 tempore

13 2398 250 2465 computentur,
265 2408 322 2466 quo
335 2391 392 2446 ista
404 2389 647 2464 promittebantur
659 2386 801 2459 Abrahae,
813 2389 876 2445 sire
890 2405 928 2443 ex
941 2405 999 2462 quo
1013 2403 1066 2441 ua·

10 2493 71 2535 tus
89 2484 139 2532 est
152 2471 243 2545 isaar,
256 2482 376 2549 propter
389 2491 489 2528 semen
501 2469 644 2543 Abrahae,
658 2471 694 2526 de
707 2489 764 2544 que
778 2473 836 2526 ista
848 2470 1065 2544 praedicuntur.

10 2561 246 2633 computanmr
259 2559 348 2629 enim,
362 2558 437 2612 siout
450 2556 583 2630 superius
597 2556 655 2610 iam
669 2555 805 2624 diximus,
819 2555 854 2610 ab
864 2571 941 2609 anne
952 2560 1066 2626 septua-

7 2645 147 2725 gesimo
163 2651 193 2698 et
206 2644 308 2717 quinte
320 2638 469 2710 Abrahae,
490 2637 606 2714 quando
619 2637 656 2693 ad
669 2655 733 2692 eum
747 2636 824 2692 faeta
838 2646 883 2692 ιιι
895 2637 988 2711 prima
999 2653 1067 2709 pro-

6 2727 149 2797 missio,
162 2745 253 2802 usque
268 2724 304 2781 ad
318 2726 429 2780 exitum
442 2721 533 2778 lsrail
546 2739 584 2778 ex
595 2721 740 2800 Aegypto,
755 2721 963 2799 quadringenti
974 2727 1004 2774 et
1013 2719 1067 2774 tri-

5 2817 120 2894 ginta
133 2811 218 2868 enni:
245 2827 366 2884 quorum
384 2807 541 2882 Apostolus
560 2808 602 2862 ita
620 2806 766 2862 meminit:
791 2803 859 2863 Hoo
876 2814 974 2862 autem
992 2803 1066 2871 dieo,

5 2895 145 2972 inquit,
168 2904 376 2952 testamentum
394 2891 599 2964 confirmatum
612 2910 632 2946 ι
644 2888 725 2961 Dee,
747 2908 822 2967 quae
834 2898 907 2967 poet
925 2887 1067 2966 quadrin-

5 2991 138 3062 gentos
154 2988 184 3036 et
197 2979 328 3054 triginta
342 2993 434 3033 annos
443 2975 540 3048 farta
554 2985 599 3032 eet
613 2974 676 3044 lea,
702 2993 759 3031 ιιιιι
777 2973 913 3048 infirmat
936 2973 977 3030 ad
998 2969 1067 3052 ιιι-

5 3064 181 3125 cuandam
188 3063 425 3138 promissionem.
453 3057 515 3116 lam
528 3079 599 3138 ergo
613 3059 664 3114 isti
677 3059 888 3137 quadringenti
902 3065 931 3113 ιι
943 3057 1069 3135 triginta

5 3150 120 3220 anni,
145 3146 357 3222 quadringenti
375 3152 511 3217 poterant
530 3144 712 3216 nuncupari,
736 3144 806 3217 quia
819 3161 881 3198 nen
894 3150 964 3196 sunt
975 3140 1068 3196 multo

5 3234 173 3306 amplius:
192 3239 301 3306 quanto
320 3229 414 3306 magia
433 3245 500 3282 eum
517 3227 627 3300 aliquot
645 3227 705 3281 ium
722 3243 760 3279 ex
778 3225 836 3280 isto
849 3243 972 3280 numero
984 3241 1068 3296 prue-

5 3319 185 3386 terissent‚
197 3311 313 3388 quando
324 3314 375 3368 illa
386 3316 418 3366 in
428 3311 494 3366 visu
506 3309 702 3365 demonstrata
714 3316 744 3363 et
752 3307 832 3363 dieta
844 3315 915 3363 sunt
922 3302 1069 3371 Abraham

5 3403 77 3463 vel
92 3397 212 3476 quaudo
225 3395 306 3454 laaae
319 3405 407 3453 natus
425 3401 470 3450 est
482 3393 652 3448 centenario
671 3393 749 3466 petri
771 3409 842 3462 sno,
867 3409 885 3444 a
897 3390 990 3462 prima
1002 3403 1070 3460 pre-

5 3483 179 3547 missione
192 3490 262 3556 post
274 3498 344 3536 xxv.
359 3495 468 3548 annos,
493 3495 559 3533 eum
578 3477 636 3532 inm
651 3475 766 3532 existis
781 3471 1003 3548 quadringentis
1016 3467 1071 3521 tri-

5 3573 118 3655 ginta
131 3565 346 3644 quadringenti
359 3573 389 3620 ιι
403 3562 531 3638 quinque
541 3568 738 3629 remanerent,
752 3575 825 3633 quea
836 3555 918 3614 Deua
932 3550 1071 3626 quadrin-

5 3661 143 3713 rentes
163 3650 258 3709 voluit
275 3650 444 3717 nominare,
469 3654 498 3700 et
516 3652 631 3700 caetera
650 3661 724 3718 quae
744 3647 907 3715 sequuntur
926 3637 958 3692 iu
975 3633 1071 3691 verbis

5 3699 277 3820 praenuntiantis
290 3731 365 3803 Dei,
380 3732 478 3787 nullus
493 3727 669 3784 dubitaverit
682 3725 718 3781 ad
731 3724 924 3780 lsrailitieum
937 3720 1072 3796 populum

31 3823 200 3881 ertinere.

5 3851 22 3904 '³
102 3903 190 3971 Quod
204 3919 274 3958 vero
288 3898 467 3976 adiungitur,
483 3895 553 3953 Cum
567 3893 733 3951 antemium
746 3890 1073 3958 soleratadoeeasum,
