2576 4396
223 224 285 281 352
451 213 547 273 DlVl
569 208 760 269 AVRELll
791 207 1044 268 AVGVSTlNl

160 431 163 436 .
227 368 457 445 nuncupaverit,
470 363 651 422 subiicienda
666 371 697 418 et
707 359 856 432 addenda,
883 359 980 419 Terra
993 369 1091 419 autam
1104 373 1172 420 erat
1185 366 1251 423 irai-

228 454 325 514 attilia
339 461 369 510 et
380 450 591 528 incomposita,
605 455 635 502 et
645 445 783 502 tenebrae
796 461 887 523 super
901 445 1053 519 abyssum:
1066 462 1135 500 mox
1147 455 1179 502 ut
1192 446 1252 502 Tri-

226 539 328 597 nitatis
345 531 581 593 commemoratio
595 529 804 602 compleretur,
831 525 873 583 Et
892 529 1037 604 spiritus,
1063 528 1173 602 inquit,
1200 527 1255 586 Dei

218 621 383 696 ferebatur
405 633 497 694 cuper·
520 630 635 689 aquam.
678 608 805 666 Proinde
826 618 860 664 ut
880 611 960 667 rolet
983 611 1105 684 quisque
1125 612 1251 685 accipiat,

226 701 304 779 quad
316 704 359 758 ita
369 695 548 775 profundum
562 703 622 764 est,
636 703 670 749 ut
682 693 719 750 ad
732 693 974 749 exercitationem
986 693 1149 769 legentium
1161 711 1178 748 a
1191 693 1252 748 fidei

224 787 329 863 regula
341 801 402 846 non
416 781 585 837 aberrantes
599 779 698 852 plures
715 777 809 851 possit
827 793 972 853 generare
990 777 1164 832 sententias:
1190 776 1253 831 dura

225 878 323 924 tamen
337 865 465 942 Angelos
481 870 600 918 sanctos
613 861 646 916 in
659 859 830 916 sublimibus
844 853 945 936 [caeli]
961 857 1093 929 Medibu,
1122 875 1180 914 non
1194 861 1253 933 qui-

227 950 292 1004 dem
309 948 380 1015 Dea
393 955 581 1016 coaeternos,
608 942 660 999 sed
673 951 771 1000 tamen
784 942 820 998 de
833 959 886 998 sua
899 943 1076 1016 sempiterna
1089 949 1120 996 et
1130 959 1202 998 vera
1215 941 1253 997 fe-

227 1034 338 1089 licitate
352 1047 469 1086 securos
485 1037 514 1084 et
527 1037 622 1084 certos
637 1044 717 1098 esse,
737 1043 824 1082 nemo
838 1025 977 1103 ambigat.
1019 1023 1064 1080 Ad
1077 1041 1199 1099 quorum
1211 1043 1254 1081 so-

228 1117 363 1170 cietatem
379 1113 527 1187 pertinere
546 1113 682 1186 parvulos
696 1127 764 1165 suos
778 1107 923 1164 Dominus
942 1107 1068 1178 docens,
1095 1125 1156 1163 nan
1169 1109 1254 1163 salum

227 1197 301 1254 illud
315 1200 371 1268 ait,
383 1195 482 1252 Erunt
495 1194 635 1272 aequales
649 1192 773 1270 Angelis
786 1189 862 1248 Dei:
889 1209 990 1248 verum
1003 1190 1061 1264 ipsi
1074 1207 1188 1265 quoque
1199 1189 1254 1246 Aa·

228 1283 288 1359 geli
302 1297 359 1356 qua
373 1279 618 1354 contemplatione
630 1277 783 1346 fruentur,
798 1273 941 1344 ostendit,
953 1273 1003 1328 ubi
1016 1273 1073 1328 ait:
1101 1269 1212 1342 Videte,
1225 1291 1257 1328 ae

228 1363 422 1420 contemnatis
437 1379 524 1418 uuum
537 1379 574 1418 ea
580 1359 706 1438 pusillis
719 1359 805 1415 istis:
827 1357 893 1414 dica
910 1359 985 1414 enim
996 1354 1094 1425 υοόἰι,
1120 1357 1190 1432 quia
1202 1353 1257 1411 Aa·

225 1447 288 1522 geli
301 1463 399 1503 earum
417 1445 448 1500 ia
468 1443 557 1500 caelio
571 1459 686 1521 seraper
703 1442 804 1500 uideat
815 1439 934 1511 faciem
947 1437 1051 1497 Patris
1070 1439 1143 1508 mei,
1169 1439 1219 1514 qui
1230 1437 1257 1492 ia

226 1529 314 1585 caelis
333 1537 387 1586 eet.

558 1607 580 1665 C
601 1609 627 1664 A
648 1606 681 1662 P.
725 1606 757 1663 X
770 1604 845 1664 XX
858 1605 871 1662 l
884 1606 896 1663 l
910 1605 931 1662 l.

226 1705 269 1755 De
280 1703 383 1755 duabus
393 1707 550 1773 angelorum
560 1702 734 1754 societatibus
745 1703 856 1755 diversis
866 1711 948 1772 atque
958 1686 1122 1770 disparibus,
1132 1717 1201 1770 quae
1210 1717 1258 1754 aaa

244 1774 393 1840 incongrue
403 1773 597 1842 intelliguntur
608 1771 676 1822 lucie
686 1779 714 1823 et
724 1772 897 1824 tenebrarum
907 1771 1055 1824 nominibus
1065 1779 1242 1836 nuncupatae.

290 1860 432 1918 Peccasse
451 1871 548 1918 autem
567 1859 706 1936 quosdam
725 1863 863 1939 angeles,
891 1869 921 1916 et
940 1862 972 1915 in
991 1858 1077 1916 huius
1091 1859 1192 1915 mundi
1205 1840 1272 1915 imai

228 1943 378 2016 detrusae,
406 1945 456 2018 qui
470 1945 513 1998 eis
526 1945 607 2000 velut
621 1960 721 1998 career
735 1953 797 2016 cst,
813 1961 906 2019 usque
918 1942 956 1999 cd
967 1943 1097 1999 futuram
1110 1945 1143 1998 in
1156 1941 1202 1998 die
1214 1917 1272 1998 iri-l

227 2025 298 2083 dicii
307 2029 438 2083 ultimam
447 2025 674 2097 damnationem,
687 2025 842 2101 Apostolus
852 2025 959 2082 Petras
970 2027 1154 2101 apertissime
1165 2036 1260 2082 osten·

227 2110 285 2183 dit,
300 2110 415 2182 dicens,
430 2109 509 2187 quod
521 2108 603 2166 Deus
616 2111 731 2186 angelis
744 2102 931 2183 peccantibus
945 2128 1005 2166 non
1018 2111 1199 2184 pepercerit,
1212 2107 1260 2163 sed

227 2195 392 2250 carceribus
413 2194 549 2270 caliginis
571 2191 661 2248 inferi
679 2191 833 2248 retrudens
852 2191 1006 2249 tradiderit
1022 2193 1054 2249 in
1078 2192 1190 2248 iudicio
1210 2209 1261 2265 pu·

227 2277 349 2331 niendas
364 2277 520 2331 reservari.
563 2273 646 2330 lntcr
668 2273 721 2330 has
746 2293 817 2352 ergo
841 2285 872 2331 et
892 2277 976 2344 illos,
1001 2274 1098 2331 Deum
1114 2277 1162 2331 vel
1178 2291 1273 2356 prae,

227 2359 351 2413 seientia
363 2358 412 2412 vel
425 2375 513 2430 opere
527 2355 665 2412 divisisse
679 2358 743 2431 quir
758 2353 890 2413 dubitett
916 2359 1039 2432 illasque
1052 2359 1148 2412 lucem
1159 2359 1273 2412 merito

226 2441 382 2515 appellari,
409 2441 475 2515 quir
490 2434 691 2495 contradicat?
735 2439 975 2515 Quandoquidem
988 2457 1041 2495 nos
1054 2439 1149 2496 adbuc
1162 2442 1197 2496 in
1209 2439 1261 2495 lide

225 2526 377 2594 viventes,
404 2532 547 2579 eteorum
561 2523 767 2596 aequalitatem
780 2521 874 2578 adhuc
888 2531 1054 2596 sperantes,
1074 2525 1176 2598 utique
1191 2541 1261 2580 uca-

225 2606 294 2662 dum
306 2615 459 2678 tenentes,
482 2607 541 2662 iam
552 2607 606 2662 lux
623 2603 696 2662 dicti
709 2605 744 2662 ab
757 2605 894 2680 Apostolo
909 2623 1022 2662 sumus:
1048 2603 1164 2663 Fuistie
1178 2609 1262 2674 enisa,

224 2691 336 2766 inquit,
350 2690 510 2767 aliquando
524 2688 679 2759 tenebrae,
695 2707 772 2745 nunc
784 2697 883 2746 autem
897 2689 949 2744 lua
963 2691 993 2746 ia
1007 2687 1143 2746 Domina.
1187 2688 1263 2746 latos

223 2791 295 2828 rere
309 2772 490 2840 desertores,
516 2771 654 2828 tenebras
669 2771 853 2844 apertissime
866 2773 1046 2846 nuncupari,
1065 2773 1201 2846 prolecto
1215 2771 1263 2827 ad-

223 2862 359 2922 vertunt,
383 2855 433 2927 qui
445 2854 560 2925 peiores
574 2871 639 2908 esse
653 2869 702 2908 aas
715 2851 880 2910 hominibus
893 2853 1058 2910 infidelibus
1073 2855 1137 2910 sive
1151 2855 1262 2910 intelli-

222 2944 311 3012 gunt,
339 2936 402 2990 sire
419 2933 552 2989 credunt.
576 2935 759 3009 Quapropter
773 2938 829 2990 etsi
842 2938 899 2991 alia
912 2937 964 2991 lux
977 2939 1008 2992 in
1023 2938 1079 2991 istc
1093 2934 1183 2992 huius
1197 2936 1262 2992 libri

223 3019 286 3072 loca
300 3015 495 3094 intelligenda
509 3026 570 3088 est,
596 3017 646 3072 ubi
660 3019 801 3094 legimus,
828 3017 919 3075 Dixit
931 3017 1029 3088 Deus,
1057 3017 1129 3076 Fiat
1143 3019 1212 3089 lua,
1236 3027 1262 3074 et

215 3099 312 3170 facta
326 3109 372 3156 est
385 3099 452 3172 lua,·
477 3108 508 3154 et
530 3101 605 3156 aliae
626 3101 766 3156 tenebrae
789 3101 971 3178 significatae
990 3103 1110 3157 suntin
1129 3121 1165 3158 ea
1185 3099 1262 3176 quod

222 3183 362 3256 seriptum
377 3191 439 3253 est,
456 3181 572 3240 Divisit
585 3182 669 3241 Deus
683 3187 763 3240 inter
774 3183 865 3240 lucem
879 3193 910 3240 et
923 3183 1077 3240 tenebras:
1093 3203 1148 3240 nas
1162 3194 1262 3240 tamen

220 3261 272 3320 has
286 3264 356 3320 duas
370 3267 519 3342 angelicas
533 3267 705 3337 societates,
719 3284 807 3321 unam
820 3265 967 3322 fruentem
977 3265 1060 3338 Deo,
1073 3267 1201 3324 alteram
1215 3279 1261 3323 tu·

220 3357 347 3402 mentem
363 3347 466 3422 typho:
493 3367 583 3404 unam
601 3352 649 3405 eui
666 3349 789 3418 dicitur,
802 3347 950 3406 Aderam
964 3367 1027 3405 eum
1048 3367 1147 3405 omnes
1161 3347 1263 3427 angeli

220 3433 300 3504 eius;
313 3431 400 3486 aliam
414 3433 496 3487 cuius
509 3433 644 3506 princeps
659 3431 746 3502 dicit,
765 3429 852 3486 Haec
865 3432 964 3486 arania
977 3429 1034 3487 tite·
1046 3427 1137 3501 dabo,
1151 3435 1264 3510 cipro-

220 3524 338 3570 stratus
350 3515 527 3572 adoraveris
540 3533 600 3570 rae:
616 3530 705 3569 unam
718 3511 775 3570 Dei
789 3521 891 3569 sancto
905 3530 1003 3568 entare
1015 3511 1207 3590 flagrantem,
1221 3515 1261 3568 al·

220 3605 312 3653 teram
325 3597 461 3670 propriae
472 3595 655 3652 celsitudinis
669 3595 818 3653 immundo
831 3613 930 3651 amore
943 3595 1118 3652 fumantem:
1141 3607 1174 3654 et
1189 3613 1262 3672 quo-

220 3680 314 3752 niam,
341 3681 420 3734 sicut
438 3681 656 3752 scriptumest,
680 3676 767 3754 'Deus
785 3678 921 3754 superbie
941 3679 1076 3752 resistit,
1101 3677 1262 3748 humilibus

220 3769 319 3814 autem
332 3761 387 3817 dat
398 3763 550 3834 gratiana,
561 3763 641 3816 illam
653 3762 685 3816 in
699 3763 789 3817 coelis
803 3761 954 3816 coelorum
966 3759 1159 3833 habitantem,
1172 3763 1263 3816 iatam

220 3837 288 3893 inde
302 3840 444 3896 deiectam
457 3844 488 3896 iu
499 3841 555 3897 hoc
567 3842 668 3898 infimo
678 3845 757 3900 atrio
770 3843 851 3900 coela
864 3845 1104 3900 tumultuantem:
1118 3844 1204 3900 illam
1216 3841 1262 3895 lu·
