2602 4416
286 203 348 263 DE
376 203 595 265 CIVITATE
619 209 698 268 DEl
721 213 801 273 tiu.
830 217 869 274 li.
1060 227 1099 285 55

53 359 250 416 Christianae.
296 355 387 415 Cuius
400 369 556 435 praecepta
568 361 604 416 de
617 362 703 419 iustis
716 367 873 444 probisque
899 375 1043 447 moribus,
1070 381 1096 434 si

52 446 129 500 simul
160 442 309 499 audirent
333 449 422 516 atque
449 454 588 500 curarent
601 463 687 524 reges
706 457 803 506 terrae
817 461 848 508 et
861 473 962 512 omnes
987 463 1095 535 populi,

49 528 199 602 principes
214 535 363 582 etomnes
377 525 490 582 iudices
504 535 619 600 terrae,
638 531 760 588 iuvenes
774 543 806 590 et
818 535 968 616 virgines,
997 545 1095 600 senio·

48 629 88 666 res
115 627 193 668 cum
219 607 407 680 iunioribus,
431 619 513 666 setas
526 613 622 669 ononis
637 632 729 690 capax
742 625 773 673 et
785 628 908 696 uterque
934 641 1040 696 sexus,
1067 637 1097 683 et

47 712 112 769 quos
130 692 277 768 Baptista
289 689 416 750 Ioannes
431 695 605 769 alloquitur,
632 707 786 756 exactores
802 704 858 778 ipsi
870 714 958 782 atque
972 709 1095 780 milites3

47 787 72 833 et
83 788 190 835 terras
204 777 286 834 ritae
301 779 467 852 praesentis
482 787 602 836 ornaret
616 797 669 838 aua
691 781 833 842 felicitate
857 790 1039 864 respublica,
1066 803 1097 848 et

45 863 121 918 ritae
137 869 287 917 aeternae
301 861 419 917 culmea
433 861 601 919 beatissime
614 876 776 943 regnatura
789 872 1011 929 conscenderet.
1035 873 1095 931 Sed

46 947 109 1019 quia
125 947 191 1001 iste
204 943 304 1014 audit,
329 945 381 999 ille
395 947 575 1018 contemnit,
588 951 744 1026 pluresque
757 954 839 1010 vitiis
853 957 927 1012 male
941 956 1093 1014 blandien-

46 1029 122 1086 tibus
137 1045 232 1104 qnam
246 1029 312 1084 utili
329 1029 474 1084 virtutum
501 1032 653 1104 asperitati
678 1044 748 1091 sunt
773 1038 943 1112 audciores3
967 1041 1094 1097 tolerare

47 1111 159 1169 Christi
172 1109 279 1167 famuli
290 1110 448 1183 iubentur,
474 1113 538 1169 sire
552 1115 614 1171 rint
628 1133 732 1194 reges,
759 1121 822 1176 sive
839 1123 1004 1198 principes,
1030 1126 1094 1180 sire

47 1197 177 1266 iudices,
204 1195 270 1250 sive
282 1195 408 1264 milites,
427 1196 490 1252 sive
502 1199 715 1271 provinciales,
731 1205 794 1259 sire
808 1203 931 1275 divites,
945 1208 1008 1262 sive
1021 1225 1092 1280 pau-

46 1297 148 1354 peres,
178 1279 245 1334 sire
271 1277 375 1349 liberi,
402 1279 466 1335 sire
492 1282 572 1336 servi
599 1284 768 1340 utriuslibet
794 1303 902 1356 sexus,
939 1290 1095 1362 pessimam

49 1365 154 1434 etiam,
182 1363 209 1418 si
235 1361 277 1418 its
303 1377 427 1418 necesse
454 1373 513 1435 est,
540 1361 859 1444 flagitiosissimamque
873 1370 1094 1444 rempublicam3

49 1456 76 1500 et
89 1447 189 1501 inilia
201 1444 386 1524 Angelorum
412 1446 535 1522 quadam
561 1449 748 1506 sanctissima
772 1461 860 1528 atque
886 1453 1095 1531 augustissima

50 1531 136 1584 curia
161 1529 352 1605 coelestique·
367 1530 531 1604 republica,
558 1529 609 1587 ubi
625 1529 683 1588 Dei
696 1535 832 1592 voluntas
846 1537 896 1592 lex
909 1546 970 1606 est,
990 1537 1092 1594 claris-

50 1614 157 1668 simum
170 1613 224 1670 sibi
237 1614 336 1670 locum
349 1614 439 1670 edam
452 1615 512 1672 ista
524 1616 682 1674 tolerantis
696 1637 872 1694 comparare.

321 1797 327 1804 -
404 1731 569 1824 =cr13.
612 1765 699 1824 xx.
762 1785 769 1794 ·

53 1863 134 1927 Quuli
153 1862 239 1916 velint
251 1863 398 1936 felicitate
414 1863 550 1931 gaudere,
570 1865 702 1932 etquibus
716 1867 834 1920 moribus
852 1869 949 1931 sisere,
972 1869 1019 1938 qui
1030 1879 1088 1922 terra

288 1949 360 2001 pora
373 1930 548 1986 Obriatiuuae
562 1935 702 2004 religionis
715 1936 850 1992 incusant.

109 2040 222 2096 Verum
235 2041 309 2095 talea
324 2040 455 2095 cultores
470 2049 500 2096 et
512 2040 668 2098 dilectores
682 2043 802 2099 deorum
815 2048 956 2116 istorum,
971 2063 1093 2119 quorum

55 2128 139 2181 etiam
166 2125 332 2179 imitatores
359 2123 393 2178 in
420 2123 579 2179 sceleribus
606 2135 636 2181 ot
659 2123 781 2204 flagitiis
796 2145 828 2182 se
842 2146 907 2182 esse
934 2129 1092 2197 laetantur,

54 2205 225 2264 nullomodo
238 2213 345 2261 curant
351 2206 509 2280 pessimam
517 2225 550 2262 oc
562 2205 823 2285 flagitiosissimam
833 2229 893 2266 non
902 2229 967 2266 esse
977 2229 1092 2285 rempu-

52 2294 161 2347 blicam.
189 2287 320 2344 Tantum
334 2296 408 2360 stet,
434 2289 587 2365 inquiunt,
614 2300 729 2348 tantum
741 2290 846 2349 floreat
866 2296 957 2369 copiis
971 2295 1092 2364 referto,

53 2374 181 2431 victoriis
208 2371 357 2450 gloriosa3
383 2373 431 2428 vel
444 2371 521 2448 quod
535 2381 580 2429 est
600 2374 733 2448 felicius,
759 2395 831 2452 pace
845 2395 949 2434 secura
963 2379 1010 2433 sit.
1054 2376 1093 2432 Et

52 2457 117 2534 quid
129 2456 165 2513 ad
179 2451 253 2512 nori
277 2455 338 2512 imo
353 2454 383 2510 id
396 2454 431 2511 ad
446 2473 500 2512 nos
514 2457 608 2535 magis
624 2460 770 2534 pertinet,
798 2460 824 2514 si
838 2459 955 2517 divitias
970 2461 1092 2534 quisque

53 2557 165 2616 semper
176 2547 303 2617 augeat,
330 2555 405 2614 quae
429 2539 608 2614 quotidianis
624 2538 814 2598 effusionibus
843 2552 1014 2616 suppetant,
1041 2561 1092 2614 per

52 2643 122 2700 quas
135 2624 192 2679 sibi
207 2624 297 2678 etiam
310 2620 489 2679 infirmiores
516 2623 621 2678 subdat
646 2625 769 2697 quisque
795 2625 954 2696 potentior.
998 2622 1091 2677 Obse-

52 2715 181 2782 quantur
191 2705 334 2762 divitibus
347 2723 488 2780 pauperes
503 2721 609 2761 causae
623 2703 803 2776 saturitatis,
828 2713 915 2780 atque
934 2713 966 2759 ut
991 2721 1091 2759 eorum

48 2789 222 2866 patrociniis
243 2790 344 2864 quieta
361 2790 469 2846 inertia
492 2788 698 2864 perfruantur,
725 2788 830 2845 divites
855 2788 1031 2864 pauperibus
1057 2789 1092 2843 ml

51 2873 206 2928 clientelas
221 2881 251 2928 et
264 2871 301 2928 ed
314 2873 512 2928 ministerium
525 2873 572 2928 sui
585 2872 678 2929 fastus
693 2873 860 2929 abutantur.
894 2871 997 2947 Populi
1010 2873 1091 2947 plau-

49 2957 137 3026 dant,
164 2973 225 3012 non
240 2955 458 3012 consultoribus
484 2957 644 3013 utilitatum
669 2975 803 3028 suarum,
828 2957 880 3013 sed
903 2956 1091 3033 largitoribus

50 3041 242 3114 voluptatum.
286 3037 355 3094 Non
368 3039 525 3094 iubeantur
538 3039 625 3111 drrre,
652 3059 713 3096 non
738 3038 947 3114 prohibeantur
970 3041 1091 3113 impura.

47 3123 149 3200 Reges
165 3139 226 3178 non
245 3131 352 3178 curent
378 3140 463 3196 quarn
488 3122 589 3194 bonis,
615 3123 667 3179 sed
693 3141 779 3198 quam
805 3124 928 3180 subditis
956 3129 1091 3198 regnent.

47 3206 228 3262 Provinciae
240 3205 362 3284 regibus
376 3223 437 3261 non
451 3214 589 3280 tanquam
614 3207 778 3262 rectoribus
805 3225 933 3276 morum,
960 3205 1012 3260 sed
1026 3213 1091 3260 tan-

47 3307 136 3365 quam
149 3305 251 3345 rerum
264 3288 496 3345 dominatoribus
517 3298 547 3344 ct
565 3288 736 3346 deliciorum
762 3307 879 3345 suorum
892 3288 1092 3364 provisoribus

48 3373 198 3430 serviant:
227 3389 337 3448 eosque
363 3387 424 3428 non
451 3373 608 3428 sinceriter
632 3372 794 3444 honorent,
821 3372 873 3428 sed
902 3374 1037 3447 nequiter
1059 3385 1093 3421 ac

47 3457 199 3512 serviliter
212 3457 349 3515 timeant.
393 3455 470 3521 Quid
496 3457 609 3511 abanec
622 3457 678 3513 riti
691 3457 803 3530 potius,
830 3473 916 3532 qoam
937 3452 1006 3528 quid
1024 3467 1093 3504 suae

44 3541 125 3595 ritae
153 3540 281 3614 quisque
309 3547 433 3608 noceat,
471 3534 585 3616 legibus
613 3539 790 3595 advertetur.
834 3539 940 3596 Nullus
972 3534 1094 3588 ducatur

45 3622 81 3678 ad
106 3621 240 3693 iudices,
269 3623 329 3678 nisi
342 3623 393 3697 qui
405 3621 519 3678 alienae
532 3623 592 3700 rei,
611 3622 726 3691 domui,
753 3624 860 3691 soluti,
888 3620 935 3674 vel
961 3616 1094 3690 cuiquam

45 3707 142 3762 invito
167 3706 263 3761 fuerit
287 3705 490 3780 importunus,
516 3713 568 3760 aut
581 3707 702 3761 noxius:
730 3713 878 3760 coeterum
892 3701 927 3756 de
942 3700 1021 3770 suis,
1048 3699 1095 3754 vel

45 3790 204 3859 surisnis,
232 3789 282 3845 rel
309 3807 375 3845 oum
403 3788 564 3863 quibusque
590 3787 755 3844 volentibus
782 3787 871 3841 faeiat
884 3785 1006 3858 quisque
1020 3780 1095 3856 quod

45 3871 126 3928 libet.
173 3869 337 3928 Abundent
348 3871 465 3946 publica
477 3879 591 3942 scorta,
615 3872 662 3926 vel
675 3879 793 3944 propter
806 3885 906 3922 onmes
921 3867 1024 3940 quibus
1039 3863 1094 3917 frui
