2590 4396
274 199 334 258 DE
363 201 577 260 CIVITATE
604 201 680 261 DEI
711 205 790 263 Llll.
812 208 846 264 V.
886 225 889 234 ⁴
1012 213 1071 273 lec

45 376 87 414 cur
100 374 166 412 non
180 355 281 430 potius
295 355 492 434 intelligamus
506 357 564 412 iam
576 355 667 412 fuisse
680 367 800 431 mutata,
819 368 852 415 ut
865 357 985 417 dirersis
996 372 1069 420 tem-

41 442 157 517 poribus
173 435 385 500 nascerentur?
423 438 504 496 ltanc
517 459 577 498 non
588 449 681 496 mutat
693 441 753 498 fota
765 445 926 500 nativitatis
938 448 1070 503 voluntas

40 527 217 596 viventium,
239 541 303 578 cum
315 532 409 580 mutet
421 524 480 580 fote
494 525 691 600 conceptionis
705 523 776 584 ordo
790 525 987 584 noscentium?

446 674 468 734 C
489 676 513 732 A
535 673 566 732 P.
608 673 668 732 Vl.

362 769 407 824 Dc
417 772 532 842 getnins's
542 772 657 841 disparis
666 789 752 827 sexos.

94 865 280 938 Quanquam
293 863 367 918 etin
379 863 449 936 ipsis
462 863 643 940 geminorum
653 863 848 941 conceptibus,
859 865 908 921 ubi
919 875 998 922 certe
1008 885 1069 923 om·

38 951 135 1005 borum
151 945 260 1003 eadem
272 955 418 1002 momenta
430 955 498 1002 sunt
509 955 686 1022 temporum,
711 967 796 1024 saepe
811 948 846 1005 fit
857 958 890 1006 ut
903 950 955 1006 sub
968 950 1066 1006 eadem

38 1032 266 1089 constellatione
279 1029 360 1088 fatali
375 1032 448 1086 alter
461 1033 640 1107 concipiatur
652 1035 814 1105 masculus,
839 1035 929 1090 altera
942 1030 1067 1090 feminal

39 1116 184 1173 Novimus
198 1115 332 1192 geminos
344 1114 454 1171 diuersi
466 1131 566 1188 sexus,
584 1118 667 1174 ambo
680 1117 772 1174 adbuc
785 1119 899 1190 vivunt,
920 1119 1003 1174 ambo
1018 1136 1068 1174 ac-

39 1210 92 1256 tate
105 1202 217 1278 vigent
230 1197 338 1271 adhue,
363 1217 485 1275 quorum
502 1217 567 1256 cum
584 1203 643 1256 sint
659 1202 737 1257 inter
751 1219 782 1256 se
795 1203 903 1256 similes
917 1219 1069 1274 corporum

41 1286 170 1359 species,
188 1291 339 1358 quantum
357 1285 389 1338 in
407 1282 521 1339 diverso
541 1301 614 1339 sexu
634 1293 746 1359 potest;
773 1285 906 1340 instituto
922 1295 1020 1339 tamen
1040 1293 1069 1340 et

40 1370 187 1444 proposito
198 1368 280 1423 vitae
292 1367 334 1422 ita
347 1375 415 1423 sunt
426 1366 570 1442 dispares,
595 1377 629 1422 ut
639 1377 756 1444 praeter
773 1375 854 1425 octus
867 1385 937 1442 quos
950 1385 1069 1423 necesse

43 1462 88 1507 est
99 1471 117 1506 a
128 1451 260 1508 virilibus
277 1450 386 1508 distare
398 1451 550 1524 femineos,
577 1451 653 1528 quod
665 1453 715 1508 ille
729 1453 760 1509 in
773 1451 866 1508 officio
880 1449 1000 1508 Comitis
1013 1453 1068 1507 mi-

42 1537 110 1591 litat
123 1544 153 1590 et
166 1553 244 1590 asna
259 1535 346 1591 domo
359 1526 433 1611 pene
447 1553 561 1612 semper
573 1537 792 1614 peregrinatur,
817 1537 868 1592 illa
887 1534 922 1590 de
942 1537 1003 1592 solo
1016 1554 1069 1610 pc-

42 1622 102 1676 trio
116 1627 146 1674 et
155 1619 189 1674 de
200 1637 272 1675 rure
285 1621 403 1694 proprio
417 1638 477 1677 non
490 1620 609 1676 recedit.
636 1619 768 1696 Insuper,
782 1617 871 1698 (quod
885 1629 929 1676 est
941 1619 1067 1676 incredi-

43 1704 136 1776 bilius,
151 1704 178 1760 si
190 1705 312 1760 astralia
325 1703 385 1760 iata
397 1705 565 1777 credantur3
578 1723 638 1761 non
652 1713 747 1762 autem
759 1707 874 1774 mirum,
895 1705 921 1759 si
933 1706 1069 1760 volunta-

43 1799 83 1844 tes
100 1786 252 1845 bominum
269 1797 300 1843 et
316 1786 375 1844 Dei
394 1805 514 1845 munera
532 1785 728 1868 cogitentur):
748 1791 798 1846 ille
811 1790 995 1868 coniugatus,
1019 1789 1069 1843 illa

44 1875 122 1950 virgo
135 1890 221 1929 sacra
234 1881 296 1944 est3
318 1873 369 1928 ille
383 1890 565 1929 numerosam
577 1875 687 1948 prolem
700 1875 814 1952 genuit,
827 1874 878 1929 illa
891 1891 946 1928 uec
960 1873 1067 1946 nupsit.

44 1957 77 2013 lt
89 1959 169 2014 enim
181 1958 339 2032 plurimum
351 1955 398 2013 vis
411 1954 563 2030 horoscopi
574 1953 671 2014 valeti
685 1957 751 2014 Hoc
764 1976 848 2034 quam
861 1954 935 2012 nihil
949 1957 997 2026 sit,
1011 1958 1069 2012 iam

45 2043 109 2098 satis
122 2042 260 2098 disserui.
275 2038 335 2096 Sed
347 2041 545 2116 qualecunque
559 2043 607 2113 sit,
620 2043 653 2098 in
667 2051 731 2098 ortu
744 2043 842 2099 valere
855 2039 969 2096 dicunt:
984 2057 1068 2094 num-

45 2125 105 2202 quid
117 2135 148 2182 et
160 2127 194 2181 in
207 2133 365 2200 conceptu,
392 2123 442 2180 ubi
455 2133 484 2180 et
495 2143 585 2180 unum
603 2126 786 2182 concubitum
806 2143 870 2180 esse
882 2123 1069 2179 manifestum

45 2206 98 2265 esti
120 2219 152 2266 et
164 2218 251 2265 tanta
263 2217 385 2265 naturae
398 2208 444 2265 vis
458 2217 511 2281 cst,
529 2219 562 2266 ut
574 2228 639 2266 cum
653 2210 819 2285 conceperit
831 2207 949 2278 sencino,
964 2205 1068 2262 deinde

45 2296 160 2353 alterum
174 2293 331 2368 concipere
344 2293 464 2350 omniuo
477 2311 536 2350 non
549 2296 653 2370 possit:
675 2293 753 2350 unde
766 2311 885 2350 necesse
900 2300 953 2364 est,
968 2290 1068 2347 cadem

45 2397 101 2434 esse
112 2381 145 2435 in
159 2379 290 2456 geminis
302 2385 450 2434 momenta
463 2387 628 2454 conceptus.
646 2379 692 2435 An
705 2378 791 2450 rorte,
806 2379 873 2454 quia
887 2375 1002 2433 diverso
1014 2375 1067 2431 bo-

44 2481 159 2537 roscopo
172 2463 237 2518 nati
250 2470 329 2533 sunt,
351 2469 402 2517 sut
414 2463 463 2517 ille
475 2464 508 2518 in
520 2464 689 2533 masculum,
713 2462 780 2516 dum
792 2468 997 2530 nascerentur,
1020 2469 1069 2514 aut

5 2559 12 2582 ¹
44 2549 89 2602 illa
101 2549 133 2603 in
145 2547 287 2602 sentinam
305 2555 481 2602 commutata
500 2543 562 2602 esti
590 2544 661 2602 Cum
678 2545 769 2620 igitur
786 2561 846 2600 uon
865 2559 1068 2616 usquequaque

43 2629 162 2686 absurde
175 2630 232 2686 dici
244 2640 354 2704 posset,
367 2629 489 2686 adcolas
502 2646 653 2702 corporum
667 2624 844 2682 differentias
857 2623 969 2680 afflatus
983 2641 1068 2698 quos-

45 2714 111 2768 dam
120 2715 218 2768 valere
229 2713 371 2784 sidereos,
395 2715 471 2770 sicut
482 2714 515 2768 iu
528 2711 670 2767 solaribus
684 2709 846 2766 accessibus
860 2717 891 2764 et
904 2706 1068 2763 decessibus

45 2796 177 2852 videmus
191 2799 275 2854 etiam
287 2799 378 2871 ipsius
392 2798 463 2853 enni
475 2805 605 2870 tempora
617 2796 742 2866 variari,
768 2803 798 2850 et
808 2791 957 2850 lunaribus
970 2791 1068 2848 incre-

25 2946 27 2948 ,
45 2882 149 2937 mentis
162 2890 245 2957 atque
259 2881 454 2937 decrementis
467 2881 580 2958 augeri,
601 2887 630 2936 et
641 2880 734 2936 minui
747 2878 885 2955 quaedam
898 2895 1008 2956 genera
1020 2895 1067 2932 re-

43 2985 114 3037 rum,
129 2967 207 3022 sicut
221 2964 349 3037 echinos,
365 2973 395 3022 et
408 2963 542 3036 conchas,
558 2971 587 3020 et
598 2963 746 3021 mirabiles
759 2972 855 3020 aestus
870 2963 986 3034 oceani,
1008 2971 1078 3018 non'

42 3059 133 3106 autem
147 3059 179 3105 et
192 3051 282 3105 animi
293 3051 458 3106 voluntates
467 3049 657 3125 positionibus
671 3048 797 3105 siderum
807 3047 903 3104 subdi:
917 3064 994 3104 nuno
1007 3046 1068 3116 isti,

42 3153 102 3190 cum
116 3135 209 3190 etiam
222 3143 337 3190 nostros
351 3142 432 3189 actus
450 3133 518 3189 inde
535 3133 662 3210 religare
682 3141 841 3204 conantur,
867 3131 1023 3187 admonent
1035 3137 1070 3186 ut

41 3235 228 3293 quaeramus,
253 3218 330 3275 unde
343 3237 382 3273 ne
395 3218 427 3272 in
439 3218 509 3292 ipsis
523 3216 641 3292 quidem
653 3218 820 3292 corporibus
835 3217 876 3272 eis
889 3216 982 3289 possit
993 3215 1068 3270 ratio

41 3305 94 3359 ista
107 3311 255 3359 constare.
279 3302 356 3368 Quid
369 3303 446 3357 enim
458 3309 517 3355 tarn
530 3299 567 3356 ad
580 3319 682 3376 corpus
693 3303 853 3376 pertinens,
868 3317 952 3374 quam
966 3317 1068 3371 corpo-

39 3389 78 3442 ris
92 3383 198 3442 sexusi
225 3385 267 3442 Et
278 3395 376 3442 tamen
389 3386 440 3441 sub
455 3382 554 3440 eadem
566 3387 710 3460 positione
723 3382 849 3440 siderum
861 3383 969 3439 diversi
983 3395 1068 3436 sexus

39 3473 149 3548 gemini
162 3472 280 3545 concipi
292 3478 456 3544 potueruut.
481 3465 565 3528 Vnde
579 3468 647 3546 quid
660 3469 843 3544 insipientius
857 3467 915 3522 dici
928 3473 978 3520 aut
990 3460 1069 3518 credi

39 3564 145 3628 potest,
171 3573 260 3630 quom
273 3551 400 3609 siderum
412 3553 599 3627 positionem,
626 3571 698 3630 quae
712 3551 747 3607 od
760 3550 860 3608 horam
873 3546 1069 3620 conceptionis

40 3640 139 3695 cadem
152 3639 293 3695 ambobus
310 3638 381 3708 fluit,
408 3637 504 3694 facere
517 3655 577 3692 non
591 3638 737 3711 potuisse,
759 3643 791 3690 ut
804 3653 868 3690 cum
881 3650 936 3707 quo
948 3629 1071 3685 habebat

40 3722 163 3780 candem
176 3723 440 3794 constellationem,
458 3721 560 3777 sexu'm
572 3719 718 3776 diversum
731 3737 748 3773 a
760 3718 850 3774 fratre
863 3734 922 3772 non
934 3713 1070 3784 haberet3

40 3817 65 3862 et
77 3809 262 3882 positionem
275 3806 412 3878 siderum,
439 3824 512 3882 quae
525 3805 581 3860 fuit
594 3803 629 3860 ad
641 3801 741 3859 horam
754 3801 948 3872 nascentium,
974 3797 1070 3856 facere

40 3895 181 3967 putruisse,
195 3901 229 3948 ut
242 3891 277 3948 ab
292 3909 327 3947 eo
339 3897 397 3946 tam
410 3891 529 3946 multum
542 3887 681 3966 virginali
694 3887 847 3942 sanctitate
860 3879 998 3940 distaret?
