2530 4392
202 213 265 274 276
433 205 535 266 DIVI
555 202 745 263 AVRELH
767 201 1018 262 nvovsT1N1

205 361 342 426 membris
356 361 429 436 suis,
442 359 639 436 particulatim
650 365 738 432 atque
750 357 901 432 paulatim,
916 359 1054 432 quoniam
1066 369 1130 416 tota
1143 379 1232 438 corpur

136 441 145 447 ’
206 459 252 506 est
266 449 346 519 eius;
360 446 424 504 sive
437 443 474 501 cd
489 442 637 500 excidium
650 450 786 496 terrenae
800 439 997 499 Hierusalem:
1017 443 1091 517 quia
1105 453 1135 500 et
1148 443 1182 500 de
1194 447 1233 500 ilie

206 552 272 590 cum
291 529 436 606 loquitur,
459 529 629 604 plerumque
642 525 685 580 sic
702 525 844 600 loquitur,
854 515 997 600 inaquam
1011 525 1048 581 de
1063 527 1126 584 fine
1139 531 1232 586 saeculi
1255 531 1256 544 ³

206 625 293 693 atque
306 613 342 670 do
356 614 406 670 iilo
420 611 467 668 die
480 610 580 668 iudicii
597 609 757 664 novissimo
772 618 801 664 et
813 626 920 686 magno
933 609 1087 684 loquatur3
1099 613 1144 668 ita
1157 622 1188 668 ut
1198 611 1231 667 di·

204 699 310 777 gnosci
324 715 383 753 non
396 696 490 772 possit
503 693 635 764 omnino,
662 693 720 747 nisi
734 709 857 766 eaquae
871 691 946 766 apud
958 701 1020 748 tres
1033 693 1231 774 Evangelistm

205 779 400 850 Matthaeum,
426 777 571 848 Marcum,
598 785 627 832 et
639 775 747 832 Lucam
761 773 797 830 dc
809 773 863 832 hac
877 795 909 831 re
923 777 1063 834 similiter
1075 779 1156 835 dicta
1168 789 1231 850 sunt,

206 867 282 922 inter
296 884 327 920 se
345 863 443 920 omnia
460 860 659 918 conferantur.
695 857 843 926 Quaedam
861 860 966 935 quippe
983 862 1062 918 alter
1082 863 1232 932 obscurius,

206 951 281 1005 niter
295 948 422 1022 explicat
434 946 564 1020 planius3
591 952 625 1000 ut
639 961 673 1000 ea
686 961 760 1018 quae
773 941 810 998 ad
822 961 910 999 unam
923 961 984 1000 rem
1005 947 1185 1019 pertinentia
1196 946 1232 1001 di·

206 1041 323 1102 cuntur,
339 1038 476 1104 appareat
489 1027 566 1084 unde
584 1026 728 1084 dicantur.
768 1025 854 1093 Quod
867 1026 964 1083 iecere
977 1037 1135 1105 utcunque
1147 1032 1233 1086 curavi

206 1117 237 1170 iu
252 1113 374 1190 quadam
388 1113 526 1187 epistola,
548 1129 636 1186 quam
653 1110 792 1185 rescripsi
805 1109 842 1166 ad
855 1110 956 1168 beatae
974 1115 1140 1170 memoriae
1152 1115 1234 1170 virum

206 1195 397 1274 Hesychium‚
412 1194 603 1254 Salonitanae
619 1194 700 1250 urbis
716 1195 900 1267 episcopum,
922 1195 1003 1252 cuius
1018 1198 1163 1270 epistolae
1175 1200 1235 1254 titu-

205 1283 251 1338 lus
266 1291 322 1353 est,
336 1280 371 1338 dc
384 1277 443 1336 fine
457 1279 574 1335 saeculi.

269 1363 397 1421 Proinde
417 1365 475 1420 ianr
491 1361 563 1418 illud
575 1360 623 1418 hio
636 1361 747 1433 dicem,
772 1359 849 1437 quod
863 1362 895 1418 in
907 1359 1073 1441 Evangelio
1087 1363 1234 1420 secuudum

205 1446 385 1506 Matthaeum
399 1446 434 1504 de
454 1447 640 1522 separatione
657 1447 802 1504 bonorum
816 1447 998 1502 etmalorum
1013 1449 1126 1524 iegitur
1138 1465 1189 1522 per
1200 1449 1234 1503 iu

205 1531 313 1590 dicium
325 1532 596 1607 pracsentissimum
609 1539 696 1605 atque
710 1529 901 1584 novissimum
915 1527 1034 1586 Christi.
1063 1529 1136 1586 Cum
1150 1542 1235 1588 auten

203 1616 335 1684 uenerit,
355 1615 468 1687 inquit,
481 1611 578 1668 Filiae
592 1611 715 1670 dominio
729 1615 759 1668 in
773 1614 931 1670 maiestate
943 1629 1011 1686 sua,
1025 1623 1056 1672 et
1070 1631 1172 1670 omnes
1183 1613 1235 1670 Aa

203 1696 266 1773 geli
278 1714 342 1752 cum
356 1714 399 1765 ec,
413 1706 483 1752 tunc
497 1697 610 1754 sedebit
623 1712 714 1774 super
726 1696 823 1753 eedem
836 1697 1007 1752 maiestatis
1021 1714 1111 1766 cuae,
1138 1707 1168 1754 et
1179 1716 1236 1753 con·

204 1777 413 1856 gregabuntur
427 1788 499 1835 ante
513 1797 577 1836 eum
589 1795 687 1834 omnes
700 1789 819 1853 gentes,
842 1788 872 1835 et
884 1779 1041 1857 separabit
1054 1795 1104 1837 eoa
1119 1779 1158 1838 ad
1172 1781 1235 1837 inei·

205 1882 275 1931 cem,
288 1863 368 1918 sicut
374 1871 485 1940 pastor
498 1871 642 1937 segregat
655 1877 722 1918 oues
737 1861 773 1918 ab
788 1859 906 1920 lucedis:
927 1873 957 1919 et
969 1873 1087 1920 statuet
1101 1882 1170 1922 ovea
1182 1863 1233 1941 qai

206 1947 269 2004 dem
283 1963 303 2000 u
316 1944 433 2002 deutris
448 1946 522 2015 suia,
545 1943 653 2001 hoedos
668 1954 768 2001 autem
782 1964 801 2002 a
814 1946 958 2002 sinistris.
990 1944 1074 2003 Tunc
1087 1948 1169 2005 dicet
1180 1945 1237 2003 rus
1255 2011 1256 2022 χ

203 2027 260 2099 dis,
275 2029 327 2105 qui
339 2047 359 2084 a
372 2029 489 2086 dextris
503 2029 566 2086 eiua
582 2037 680 2098 esunt,
705 2025 806 2086 Venite
819 2028 966 2086 denedicti
977 2026 1084 2086 Patria
1098 2033 1167 2100 mei,
1175 2045 1238 2108 pcc

203 2112 298 2170 uidete
310 2122 458 2190 paratum
477 2111 558 2170 vodio
578 2131 702 2188 regnum
719 2130 739 2168 a
756 2113 965 2170 constitutione
984 2114 1094 2170 mundi.
1123 2113 1256 2171 Esar-ici*

203 2197 289 2266 enim,
302 2205 333 2253 et
348 2195 474 2254 dedistis
488 2193 563 2252 miii
573 2195 771 2270 munducare3
788 2196 883 2266 citivi,
900 2206 930 2252 et
943 2196 1069 2254 dedistis
1083 2196 1160 2255 midi
1170 2195 1237 2254 dide·

203 2297 252 2352 re‚·
265 2277 370 2356 topos
384 2296 477 2348 eram,
490 2287 520 2336 et
533 2278 697 2355 collegistis
710 2296 771 2352 me,
795 2278 908 2349 nudus,
928 2289 958 2336 et
972 2283 1174 2357 cooperuistis
1186 2297 1237 2336 ese:

203 2359 351 2432 infirmus,
365 2372 394 2419 et
406 2362 559 2418 visitastis
572 2357 633 2436 me}
659 2363 690 2418 in
704 2380 827 2422 carcere
840 2381 932 2433 eram,
953 2373 983 2420 et
994 2366 1126 2420 venistis
1141 2365 1182 2422 ad
1192 2382 1237 2418 aas

205 2441 287 2518 dunc
298 2443 514 2520 respondebunt
527 2445 556 2502 ei
568 2446 658 2515 iusti,
672 2445 815 2518 dicentes,
829 2443 968 2516 Domine,
987 2448 1104 2524 quando
1118 2449 1238 2506 cidissus

203 2536 232 2584 te
244 2527 436 2597 cruciantem,
460 2537 490 2584 et
496 2530 653 2606 pavimus:
673 2529 840 2599 eicientem,
854 2538 895 2586 ‘et
907 2530 1039 2588 dedimus
1053 2531 1111 2588 tibi
1118 2527 1238 2608 potunt

205 2607 330 2686 Quando
345 2621 444 2669 autem
459 2621 489 2669 te
501 2613 628 2671 vidimus
641 2610 802 2688 hospitem,
823 2622 853 2669 et
866 2612 1036 2690 collegimus
1050 2624 1098 2688 te;
1126 2624 1182 2672 aut
1193 2632 1238 2670 ιιι-
1254 2635 1255 2670 ;

203 2693 280 2763 dune,
294 2703 323 2751 et
337 2693 601 2772 cooperuimuste?
624 2693 687 2752 Aut
698 2697 814 2772 quando
828 2705 859 2754 te
869 2697 995 2754 uidimus
1010 2697 1180 2768 infirmum,
1193 2705 1237 2752 ast

203 2776 383 2847 incarcere,
407 2786 437 2834 et
454 2780 586 2836 uenimus
608 2779 650 2836 ad
667 2776 715 2836 tei
740 2777 783 2836 Et
800 2779 980 2858 respondens
993 2779 1061 2838 Rea·
1074 2782 1158 2838 dicet
1175 2779 1237 2836 iiiia
1254 2815 1255 2846 ;

202 2856 293 2914 Amen
308 2859 373 2915 dico
386 2858 482 2930 codis,
510 2864 649 2938 quamdiu
668 2863 721 2919 uni
730 2861 860 2934 fecistis
880 2863 916 2921 de
931 2862 978 2920 dic
988 2862 1158 2934 fratribus
1176 2865 1237 2920 sets

203 2940 341 3010 minimis,
356 2939 571 3013 midiseciatia.
588 2945 670 3002 dunc
682 2946 771 3017 dicet,
784 2947 892 3022 inquit,
904 2955 935 3004 et
947 2945 994 3004 die
1009 2948 1062 3024 qui
1074 2965 1095 3004 a
1108 2948 1237 3004 sinistris

203 3031 300 3090 erunt,
314 3019 469 3082 Discedite
482 3044 502 3080 a
516 3044 560 3084 me
573 3027 727 3086 maledieti
740 3032 770 3086 in
784 3031 881 3107 ignem
893 3040 1059 3102 aeternum,
1081 3033 1136 3108 qui
1149 3047 1238 3109 pare

202 3112 251 3160 tua
264 3112 310 3162 eet
324 3104 439 3163 diabolo
453 3117 483 3164 et
496 3109 613 3186 angelis
627 3113 698 3169 eiua.
728 3112 844 3172 Deinde
856 3115 992 3170 similiter
1004 3115 1096 3172 etium
1108 3113 1157 3172 his
1173 3131 1238 3170 enu-

201 3195 306 3260 merat,
332 3187 408 3264 quod
422 3191 473 3248 illa
486 3209 545 3250 non
558 3193 697 3267 feceriut,
721 3214 797 3274 quae
811 3197 929 3255 dextros
942 3198 1049 3254 fecisse
1061 3199 1237 3256 memoravit·

201 3268 404 3349 Similiterque
417 3274 691 3356 interrogantibus,
713 3281 829 3354 quando
850 3300 917 3338 eum
935 3280 1067 3338 viderint
1085 3284 1117 3337 in
1139 3283 1237 3338 horum

200 3353 366 3434 indigentia
379 3361 555 3418 constitum:
582 3359 659 3436 quod
675 3363 807 3420 minimis
825 3367 887 3420 suis
900 3363 1010 3420 fectum
1024 3381 1089 3420 non
1103 3377 1170 3436 est,
1193 3361 1237 3418 sibi

199 3437 308 3496 iactum
324 3458 384 3496 uon
398 3439 490 3500 fuisse
503 3443 675 3518 respondet3
690 3463 911 3524 sermonemque
924 3445 1121 3520 concludens,
1151 3448 1195 3505 Et
1206 3445 1237 3505 ti

199 3521 307 3596 iuquit,
321 3524 353 3579 in
366 3525 544 3602 supplicium
558 3538 711 3585 aeternum
724 3529 819 3601 ibunt,
838 3532 914 3588 iusti
925 3539 1025 3586 autem
1038 3532 1070 3587 in
1084 3535 1185 3589 vitam
1198 3547 1237 3587 ιιι

200 3611 326 3660 ternam.
361 3604 486 3664 loannes
499 3628 572 3666 vero
584 3609 779 3690 Evangelista
792 3615 973 3689 apertissime
987 3624 1108 3684 narrat,
1134 3614 1236 3672 eumin

198 3687 415 3742 resurrectione
434 3701 615 3750 mortuorum
634 3695 766 3752 futurum
779 3695 961 3770 praedixisse
974 3696 1127 3754 iudicium.
1176 3693 1254 3781 Curti

201 3763 280 3858 enirn
294 3763 434 3840 dixisset,
460 3768 559 3848 Neque
573 3778 650 3830 enim
662 3775 756 3834 Pater
770 3779 886 3836 iudicat
899 3797 1074 3856 quenquam,
1097 3783 1156 3839 aed
1169 3781 1238 3840 euci-

199 3859 276 3897 eeum
289 3861 370 3900 omne
384 3849 466 3908 dedis
478 3852 571 3927 Filio,
586 3867 620 3912 ut
634 3875 731 3915 omnes
745 3857 943 3932 honorificent
956 3859 1083 3934 Filium,
1097 3868 1184 3922 aicae
1195 3863 1236 3920 ie
