2602 4416
209 211 248 264 14
420 199 518 258 utut
547 197 739 259 AVRELll
768 197 1030 258 AVGVSTlNl
1129 257 1137 274 ,

207 365 333 414 utentum
354 354 456 410 bonum
477 354 507 409 in
528 352 688 424 futurum,
715 359 749 405 ut
766 347 994 428 apprehendant
1015 372 1117 410 verum
1144 357 1258 414 vitum.

206 438 290 496 Haec
304 439 356 513 qui
377 435 413 492 de
435 437 497 492 suis
517 433 666 492 faciebant
684 431 812 503 divitiis,
839 435 955 510 magnis
975 445 1047 492 sunt
1060 438 1156 493 lucris
1172 439 1259 496 levia

209 523 315 580 damna
332 521 434 591 soloti3
457 520 582 592 plusque
608 516 711 572 laetati
730 532 768 570 ex
787 513 855 588 his,
882 533 957 592 quae
977 518 1064 576 facile
1083 521 1257 578 tribuendo

208 607 306 662 tutius
320 609 534 672 servaverunt,
559 617 646 676 quam
673 601 843 656 contristati
864 617 901 656 ex
913 598 960 657 his
986 621 1062 678 quae
1080 603 1189 660 timide
1205 624 1256 661 re-

208 687 331 746 tinendo
345 686 462 743 facilius
476 685 648 740 amiserunt.
693 681 759 739 Hoc
777 685 856 740 enim
875 686 974 758 potuit
991 688 1117 743 interra
1132 690 1254 761 perire,

210 771 289 848 quod
307 771 406 846 piguit
419 766 489 822 inde
507 766 683 824 transferre.
722 766 798 824 Nam
821 769 872 843 qui
890 779 1069 842 receperunt
1085 773 1255 827 consilium

209 854 332 912 Domini
343 853 401 923 sui,
417 849 561 922 dicentis,
587 847 686 908 Notttc
700 851 825 908 condere
837 851 917 908 uobis
931 853 962 908 in
975 863 1062 910 terro
1075 853 1254 924 thesauros,

207 937 257 994 ubi
271 937 354 993 tineo
368 943 398 992 et
411 933 515 1010 rubigo
530 935 751 1004 euterntieont,¹
776 944 805 990 et
818 933 967 1006 ubifures
981 938 1128 1014 effodiunt
1142 947 1176 994 et
1188 939 1252 1010 fu·

206 1029 333 1090 raretum·
354 1017 408 1074 scd
419 1015 626 1074 thesaurizate
639 1017 718 1074 cobis
733 1015 892 1074 thesauros
902 1019 932 1073 in
946 1020 1036 1090 coelo,
1051 1039 1104 1096 quo
1111 1020 1178 1090 fur
1191 1039 1251 1077 nort

206 1103 337 1172 cecedit,
365 1117 457 1177 neque
471 1103 553 1158 tineo
566 1101 748 1176 corrumpit:
774 1098 825 1154 obi
839 1101 914 1156 enim
929 1112 974 1156 est
988 1099 1149 1159 thesaurus
1165 1113 1250 1174 tuos,

206 1195 235 1242 et
254 1185 373 1242 itteris
392 1194 421 1240 et
446 1203 498 1240 cor
520 1194 620 1239 tuum:
651 1181 852 1236 tribulationis
878 1189 1011 1254 tempore
1029 1186 1249 1257 probaverunt,

182 1299 185 1304 ·
206 1285 295 1342 quam
308 1277 389 1324 recte
406 1266 577 1339 sapuerint,
601 1281 661 1318 non
683 1261 899 1318 contemnendo
914 1268 1139 1324 veracissimum
1157 1285 1249 1342 prae-

207 1360 372 1425 ceptorem,
400 1359 429 1405 et
447 1347 580 1404 thesauri
598 1348 647 1402 sui
664 1345 868 1402 fidelissimum
885 1348 1180 1425 invictissimumque
1195 1371 1249 1408 cu-

209 1433 331 1489 stodem.
376 1431 451 1488 Nem
470 1433 495 1486 si
512 1432 598 1486 multi
615 1437 685 1484 sunt
704 1429 815 1506 gavisi,
846 1429 887 1484 ibl
912 1447 944 1484 se
963 1429 1102 1488 habuisse
1122 1434 1249 1491 divitias

208 1533 293 1586 suas,
320 1533 378 1588 quo
393 1515 536 1590 contigit,
563 1524 596 1568 ut
612 1509 707 1566 hostis
728 1511 970 1586 nonaecederet3
997 1526 1108 1589 quanto
1129 1519 1249 1573 certius

208 1607 238 1654 et
252 1599 387 1654 securius
401 1595 531 1674 gaudere
550 1602 731 1668 potueruut,
758 1595 810 1668 qui
828 1597 942 1652 monitu
958 1595 1016 1652 Dei
1030 1600 1077 1652 sui
1091 1601 1162 1653 illuc
1189 1603 1250 1656 mi-

208 1689 379 1760 graverant,
401 1697 459 1754 quo
478 1677 620 1734 accedere
635 1679 757 1734 omnino
772 1671 975 1752 conpuncti
1002 1678 1085 1736 Vnde
1098 1679 1250 1740 Paulinus

207 1773 326 1834 nostor,
352 1761 491 1818 Nolensis
516 1760 699 1835 Episcopus,
712 1753 716 1760 ⁴
727 1779 764 1816 ex
778 1762 1002 1834 opulentissimo
1019 1763 1111 1820 divite
1139 1767 1249 1822 solun-

207 1856 268 1902 tate
289 1845 506 1918 pauperrimus,
534 1853 564 1900 et
578 1844 782 1916 copiosissime
802 1853 935 1917 sanctus,
962 1845 1080 1921 quondo
1102 1858 1132 1904 et
1150 1849 1248 1921 ipsam

206 1929 313 1986 Nolam
325 1927 449 1984 Rarbari
469 1933 678 1998 vastaverunt,
693 1945 761 1982 cum
775 1925 810 1982 ab
826 1928 869 1982 eis
882 1937 1046 2002 teneretur,
1073 1932 1116 1986 sic
1130 1932 1163 1988 in
1177 1951 1243 1988 cor-

207 2012 243 2068 de
257 2031 323 2084 suo,
337 2012 413 2068 utab
425 2029 460 2066 eo
467 2020 571 2084 postea
578 2010 791 2090 cognovimus,
797 2012 987 2083 precabatur:
1001 2011 1142 2085 Domine,
1158 2033 1244 2086 „non

206 2097 388 2167 „excrucier
399 2103 521 2168 propter
539 2111 646 2151 aurum
663 2103 693 2150 ct
711 2103 886 2172 argentum3
913 2096 964 2151 ubi
976 2097 1055 2153 euim
1070 2099 1130 2153 sint
1144 2099 1245 2153 omnio

206 2197 304 2250 „nrea,
322 2188 355 2235 tu
369 2179 461 2234 sois.“
486 2177 530 2234 lbi
544 2179 622 2235 enim
637 2177 760 2234 habebat
773 2177 875 2233 cornia
888 2195 954 2252 sue,
969 2179 1020 2236 ubi
1034 2197 1099 2238 eum
1115 2179 1243 2236 condere

206 2272 235 2318 et
249 2260 454 2318 thesaurizare
466 2262 516 2318 ille
528 2273 757 2334 monstraverat,
773 2261 824 2336 qui
833 2270 862 2316 et
874 2259 948 2319 haee
960 2267 1038 2320 mala
1049 2265 1159 2320 arundo
1167 2281 1242 2319 ven-

203 2356 271 2401 tura
279 2345 477 2418 praedixerat.
491 2346 534 2403 ho
541 2345 657 2420 perhoc
666 2347 716 2421 qui
724 2345 843 2401 domino
852 2364 907 2402 suo
918 2350 1053 2404 monenti
1059 2347 1241 2417 obedierant,

203 2429 253 2484 ubi
268 2437 298 2483 et
312 2428 458 2502 quomodo
476 2427 679 2489 thesaurizare
693 2429 851 2500 deberent,
879 2449 935 2486 nee
949 2433 1029 2504 ipsas
1048 2443 1181 2487 terrenas
1195 2427 1240 2483 di-

201 2513 291 2567 vitias
313 2511 453 2570 Barbarie
480 2515 704 2572 incursantibus
730 2513 905 2568 amiserunt.
946 2514 1029 2576 Quos
1055 2522 1154 2568 autem
1179 2530 1241 2568 non

191 2595 338 2652 ‚obedisse
350 2600 515 2671 poenituit,
542 2599 613 2674 quid
627 2596 662 2652 de
676 2593 783 2650 talibus
799 2591 889 2647 rebus
907 2591 1075 2654 faciendum
1091 2604 1184 2662 esset,
1212 2597 1239 2650 si

201 2697 263 2736 non
289 2681 486 2754 praecedente
513 2682 679 2752 sapientis,
718 2684 798 2734 certe
827 2683 1029 2750 consequente
1055 2677 1238 2749 experientia

201 2761 378 2818 didicerunt.

261 2843 300 2898 At
311 2843 390 2896 euim
405 2841 523 2914 quidam
536 2841 607 2896 boni
621 2842 710 2896 ctiam
723 2837 887 2894 Christiani
900 2840 1058 2892 tormentis
1074 2841 1235 2898 excruciati

200 2933 281 2996 sunt,
312 2931 346 2978 ut
361 2923 440 2978 bona
454 2940 508 2978 sua
521 2920 655 2978 hostibus
668 2919 837 2995 proderent.
881 2918 929 2974 llli
939 2937 1010 2975 vero
1025 2938 1082 2976 uec
1100 2921 1233 2997 prodere,

199 3027 255 3064 nec
269 3005 394 3080 perdere
405 3013 568 3079 potuerunt
582 3005 702 3074 bouum,
723 3020 781 3076 quo
796 3011 826 3057 et
839 3003 897 3074 ipsi
910 3002 982 3058 boni
995 3013 1090 3060 erant.
1134 3003 1166 3062 Si
1179 3024 1230 3064 au-

198 3101 259 3147 tem
272 3088 421 3160 torqueri,
450 3103 537 3159 quam
550 3103 717 3142 mammona
730 3086 897 3156 iniquitatis
916 3085 1042 3160 prodere
1055 3091 1229 3163 maluerunt,

198 3174 270 3228 boni
283 3190 344 3226 non
356 3177 449 3246 erant.
493 3168 679 3226 Admonendi
691 3177 791 3226 autem
804 3168 935 3242 fuerant,
959 3173 1010 3243 qui
1033 3180 1119 3229 tanta
1140 3175 1228 3247 patie-

198 3255 308 3310 bantur
320 3269 374 3324 pro
390 3268 484 3324 auro,
512 3261 623 3327 quanta
645 3262 746 3310 essent
770 3253 946 3310 sustinenda
969 3273 1022 3328 pro
1037 3255 1167 3314 Christo:
1196 3269 1228 3314 ut

199 3355 267 3393 eurn
279 3336 379 3410 potius
395 3332 521 3412 diligere
536 3335 706 3410 discerent,
734 3337 787 3412 qui
798 3355 853 3411 pro
867 3355 900 3392 sc
913 3356 1018 3412 passos
1031 3350 1151 3396 aeterna
1164 3339 1225 3394 ieli-

199 3421 288 3476 citate
302 3417 427 3490 ditaret3
455 3437 515 3477 non
536 3431 690 3478 autumet
708 3429 883 3497 argentum,
909 3440 964 3496 pro
984 3441 1042 3497 quo
1055 3425 1117 3497 pati
1128 3423 1224 3477 nriscr-

197 3504 305 3558 rimum
317 3500 386 3574 tuit,
413 3521 467 3560 seu
480 3503 651 3561 assentiendo
676 3505 895 3577 occultaretur,
923 3524 975 3562 seu
990 3525 1094 3562 verum
1108 3505 1223 3562 dicendo

196 3584 384 3660 proderetur.
424 3586 559 3664 Namque
571 3590 651 3644 inter
664 3597 813 3644 tormento
824 3607 911 3644 nemo
926 3588 1075 3646 Christum
1088 3589 1221 3645 confiten-

199 3668 235 3726 do
251 3672 361 3743 amisit3
382 3691 469 3730 nemo
484 3691 602 3744 aurum,
622 3673 682 3730 nisi
695 3671 833 3750 negando
848 3674 987 3729 servavit.
1011 3673 1155 3738 Quocirca
1168 3675 1220 3728 uti-

197 3754 272 3810 liora
300 3767 386 3814 erent
411 3758 540 3814 sortasse
566 3766 736 3827 tormenta,
771 3775 847 3830 quae
874 3756 984 3811 bonum
1009 3756 1221 3830 incorruptibile

196 3837 353 3898 emendum
380 3841 536 3916 docebant,
564 3861 652 3918 quam
677 3843 727 3899 illa
754 3840 851 3911 bona,
879 3856 954 3914 quae
982 3839 1046 3894 sine
1075 3839 1134 3893 ullo
1160 3841 1218 3896 utili
