2592 4396
263 225 322 282 DE
347 225 562 284 ClVl'l'ATE
586 227 665 284 DEI
690 230 771 289 LlB.
798 233 886 294 ΧΗ.
1069 246 1088 300 ii

44 385 134 435 cutos
150 393 228 448 esee,
251 378 443 432 certissimum
456 385 509 433 ιιι.
545 375 604 434 Sed
616 377 745 436 viderint
756 380 919 460 philosophi
931 397 1027 448 utrum
1041 397 1087 452 rel

43 479 104 536 qus
117 460 239 515 ratione
253 461 310 514 ista
323 458 499 516 discernunt.
526 461 660 516 Amorem
672 471 770 520 tomen
784 484 834 522 eos
849 469 880 523 in
898 470 982 527 bonis
1000 475 1087 532 rebus

44 553 77 599 ct
90 560 167 620 erga
180 543 277 615 ipsum
290 541 386 598 Deum
398 544 499 620 magni
511 543 654 617 pendere,
678 545 746 601 libri
760 566 862 606 eorum
876 555 947 608 satis
962 555 1087 632 loquun-

42 637 104 681 tur.
142 623 204 680 Sed
223 623 390 696 Scripturas
407 627 561 702 religionis
585 635 715 697 nostrae,
740 648 863 704 quarum
886 639 1094 694 auctoritatem*

42 708 176 763 caeteris
191 707 354 781 quibusque
366 708 463 764 literis
477 711 698 782 anteponimus,
726 730 786 769 non
804 716 884 772 aliud
898 716 995 774 dicere
1009 739 1089 776 omo-

40 809 119 860 rem,
134 789 218 846 aliud
231 789 419 846 dilectionem
430 793 477 847 vel
492 793 652 863 caritatem,
666 794 875 854 insinuandum
887 798 952 856 fuit.
970 801 1045 858 Nam
1059 813 1086 858 et

38 891 179 930 amorem
191 874 224 928 in
237 871 316 927 bono
330 872 404 944 dici,
423 875 482 929 ian
494 875 685 932 ostendimus.
717 875 776 934 Sed
793 899 831 936 ne
848 883 912 956 quis
927 886 1077 940 existimet

39 965 179 1012 amorem
192 955 310 1030 quidem
324 963 353 1010 ιι
366 958 397 1011 in
410 957 486 1013 bono
500 966 530 1012 et
541 959 573 1014 in
585 961 676 1029 malo,
703 958 890 1019 dilectionem
910 975 1007 1022 autem
1026 926 1086 1024 nori
1107 993 1109 998 ,

39 1041 102 1095 nisi
117 1040 152 1094 in
166 1037 244 1094 bouo
259 1055 323 1093 esse
337 1037 502 1111 dicendam,
515 1041 588 1097 illud
601 1043 734 1098 attendat
746 1045 824 1118 quod
836 1047 868 1102 in
881 1045 997 1104 Psalmo
1013 1051 1086 1105 sori-

37 1132 125 1198 ptum
140 1129 204 1176 est:
242 1119 304 1188 Qui
315 1131 413 1178 autem
429 1123 531 1198 diligit
549 1125 750 1199 iniquitatem,
775 1128 838 1183 adit
852 1131 980 1185 animam
993 1149 1086 1188 suam.

38 1289 133 1345 lectio
149 1283 258 1342 Patris
274 1287 304 1341 in
317 1305 358 1342 eo.
380 1285 459 1342 Ecce
471 1305 531 1342 uno
544 1290 610 1342 loco
624 1287 743 1344 dilectio
759 1299 789 1344 et
802 1292 834 1346 iu
847 1291 924 1348 bono
938 1302 968 1347 et
980 1296 1012 1349 in
1024 1313 1086 1352 ma-

35 1373 75 1425 lo.
100 1370 246 1425 Amorem
258 1377 354 1424 autem
367 1370 399 1424 in
413 1371 507 1440 malo,
528 1365 608 1445 (quio
621 1369 742 1426 inbono
756 1373 815 1428 iam
827 1368 1034 1454 ostendimue,)
1049 1395 1086 1432 ne

35 1454 202 1529 quisquam
214 1449 339 1528 flagitet,
354 1453 435 1528 leget
445 1451 521 1526 quod
532 1453 671 1524 seriptum
685 1462 742 1509 est:
757 1453 857 1512 Erunt
870 1459 946 1512 enirn
958 1456 1085 1516 homines

34 1553 67 1593 se
82 1537 174 1612 ipsm
189 1543 333 1602 amantes,
347 1543 498 1590 amatores
505 1536 662 1611 pecuniae.
676 1533 769 1592 Recta
780 1538 879 1613 itaque
891 1539 1027 1596 voluntas
1041 1550 1085 1598 est

34 1620 139 1675 bonus
155 1633 249 1686 amor,
264 1625 294 1671 et
306 1618 444 1672 voluntas
457 1635 596 1690 perversa
608 1619 701 1672 melus
715 1636 806 1676 amor.
849 1621 939 1677 Amor
954 1641 1025 1699 ergo
1038 1624 1084 1679 in·

32 1701 128 1757 lriaus
141 1697 252 1754 habere
265 1697 341 1773 quod
353 1708 477 1769 amatur,
491 1697 634 1772 cupiditas
649 1710 708 1771 est;
722 1701 751 1756 id
764 1711 861 1758 autem
871 1701 980 1760 bsbens
995 1723 1085 1779 eoque

33 1785 158 1852 fruens,
173 1782 287 1836 laetitia
300 1789 358 1838 est:
373 1780 490 1858 lirgiens
500 1781 578 1856 quod
588 1782 615 1837 ei
626 1783 809 1855 adversatur,
824 1786 913 1841 timor
927 1796 985 1857 est;
999 1787 1085 1861 idque

33 1870 60 1924 si
78 1863 231 1922 acciderit
243 1864 392 1935 sentiens,
417 1866 538 1921 tristitia
553 1875 606 1920 est.
641 1864 770 1922 Proinde
786 1869 863 1924 mala
882 1879 952 1926 suut
964 1870 1037 1939 ista,
1059 1871 1085 1925 si

33 1951 135 2008 malus
151 1955 200 2002 ιιι
212 1961 310 2018 amor;
331 1946 419 2018 bons,
438 1949 464 2002 si
477 1947 580 2004 bouus.
612 1947 699 2014 Quod
713 1948 853 2021 dicimus,
876 1950 911 2006 de
924 1950 1084 2025 Scripturis

31 2031 211 2109 probemus.
233 2027 424 2103 Concupiscit
435 2031 591 2104 Apostolus
605 2030 738 2100 dissolvi,
759 2041 789 2086 et
802 2050 867 2087 esse
881 2051 946 2090 cum
959 2032 1084 2089 Christo.

31 2116 91 2186 Et,
120 2111 304 2188 Concupiait
317 2114 418 2168 anima
431 2131 496 2168 neca
510 2113 683 2168 desiderare
703 2113 816 2168 iudicia
836 2123 907 2170 tua:
933 2115 982 2170 vel
995 2115 1021 2168 si
1034 2132 1084 2169 ac·
1117 2167 1120 2174 .

32 2194 257 2256 commodatius
272 2193 392 2265 dicitur,
420 2193 616 2251 Desideravit
629 2195 729 2250 anima
742 2212 806 2250 meu
819 2197 1026 2272 concupiscere
1039 2197 1085 2254 iu-

31 2283 120 2340 dicia
137 2289 205 2335 tua.
236 2274 290 2348 Et,
307 2275 552 2354 Concupiscentia
565 2277 733 2353 sapientiae
739 2277 883 2353 perducit
900 2279 942 2336 ad
952 2297 1083 2354 regnans.

31 2365 102 2422 Hoc
124 2372 231 2418 tamen
247 2358 386 2434 loquendi
407 2360 536 2415 obtinuit
558 2358 756 2428 cousuetudo,
780 2369 814 2415 ut
831 2362 858 2416 si
876 2361 1018 2435 cupiditas
1037 2364 1085 2418 vel

30 2443 284 2519 coucupiscentia
302 2441 432 2513 dicatur,
450 2460 506 2498 nec
524 2440 649 2496 addatur
668 2442 750 2496 euius
768 2443 814 2496 rei
832 2445 887 2512 sit,
906 2462 968 2498 non
981 2445 1039 2498 nisi
1053 2446 1084 2498 iu

30 2533 114 2587 malo
129 2527 230 2602 possit
241 2525 375 2600 intelligi.
398 2523 523 2580 Laetitia
535 2525 569 2577 in
581 2524 657 2578 bono
674 2531 733 2577 est:
756 2521 927 2578 laetamini
939 2526 969 2577 in
981 2523 1085 2578 Domi-

31 2633 88 2682 no,
112 2620 145 2668 et
160 2606 315 2664 exsultate
328 2608 410 2662 iusti.
437 2604 486 2674 Et,
503 2602 627 2660 Dedisti
638 2603 788 2659 laetitiam
801 2606 831 2657 in
846 2622 896 2658 eor
909 2621 1010 2658 meum.
1035 2603 1084 2674 Et,

29 2690 228 2771 Adimplebis
241 2708 286 2745 me
299 2688 420 2745 laetitia
433 2705 497 2743 cum
509 2685 593 2743 uultu
607 2695 667 2742 tuo.
702 2681 805 2740 Timor
817 2685 849 2740 in
862 2684 939 2740 bono
953 2693 997 2740 est
1010 2686 1085 2759 apud

29 2775 230 2852 Apostolum,
253 2771 304 2828 ubi
320 2771 376 2826 ait:
408 2769 479 2826 Cum
498 2770 603 2826 timore
621 2777 652 2825 et
670 2776 798 2825 tremore
809 2777 940 2824 vestram
955 2767 1085 2844 ι’]ιιιινιιιιι

28 2861 170 2918 salutem
186 2855 359 2932 operamini.
381 2852 430 2925 Et,
444 2849 514 2908 Noli
526 2850 619 2908 altum
629 2868 748 2928 sapere,
761 2851 815 2908 sed
827 2852 906 2907 time.
919 2848 969 2920 Et,
986 2848 1084 2906 Timeo

29 2953 155 3009 autem,
184 2955 221 2992 ne
234 2938 312 2992 sicut
325 2952 447 3014 serpens
462 2934 556 2992 anm
570 2934 690 2990 sedauit
709 2936 826 2990 astutia
839 2951 909 3003 sua,
936 2935 980 2988 sic
994 2943 1023 2990 et
1035 2952 1085 2989 ae-

28 3037 122 3084 strae
141 3029 258 3077 mentes
281 3028 510 3094 corrumpantur
525 3036 544 3072 a
558 3018 717 3086 castitate,
745 3035 819 3092 quae
836 3025 883 3074 est
900 3018 932 3072 in
955 3014 1083 3073 Cirtae.

27 3110 78 3166 De
94 3103 228 3162 tristitia
240 3119 322 3171 vero,
337 3118 424 3177 quam
434 3099 537 3156 Cicero
548 3100 642 3176 magis
653 3098 868 3176 aegritudinem
881 3100 1017 3172 appellat,
1032 3097 1083 3152 do-

26 3195 130 3248 lorem
143 3194 247 3242 autem
259 3181 419 3260 Virgilius,
441 3183 491 3238 ubi
504 3183 560 3252 ait,
583 3180 694 3236 Doleat
708 3181 911 3257 gaudentque,
938 3178 1005 3254 (sed
1017 3179 1083 3234 ideo

24 3273 128 3331 malui
149 3267 306 3324 tristitiam
324 3265 437 3336 dicere,
463 3265 531 3339 quia
551 3263 703 3340 aegritudo
723 3265 769 3318 vel
790 3263 873 3318 dolor
896 3263 1035 3318 usitatius
1053 3262 1084 3314 in

24 3351 215 3430 corporibus
232 3345 374 3424 dicitur),
400 3347 597 3419 scrupulosior
611 3345 742 3418 quaestio
762 3354 820 3412 est,
843 3353 943 3400 utrum
956 3342 1084 3399 inveniri

20 3439 130 3517 possit
143 3437 181 3492 in
194 3433 282 3488 bono.

428 3511 550 3569 CAP.
594 3457 748 3566 Vlll.·

20 3618 70 3671 De
83 3615 186 3669 tribus
194 3609 461 3678 perturbationibus,
480 3623 547 3676 qaus
557 3605 586 3657 in
597 3606 686 3658 anima
696 3601 826 3672 sumentis
838 3597 924 3651 Stoici
934 3611 989 3648 esse
998 3596 1085 3647 solae-

20 3696 111 3750 runt,
123 3682 238 3735 excluso
248 3681 336 3732 dolore
347 3679 401 3730 sire
411 3677 540 3738 tristitia,
551 3674 724 3742 quamcitius
730 3667 920 3724 animisentire
926 3682 977 3718 aon
983 3663 1084 3716 debeat.

97 3775 189 3840 Quas
205 3771 285 3824 euim
297 3767 402 3824 Graeci
416 3767 563 3840 appellant
576 3757 747 3830 εὐπαθείας,
761 3758 866 3816 Latine
875 3764 971 3813 autem
981 3752 1084 3811 Cicero

21 3853 228 3916 constantias
244 3845 425 3919 nominavit,
452 3847 547 3904 Stoici
560 3855 619 3902 tres
639 3863 703 3900 esse
723 3844 896 3912 voluerunt,
921 3857 974 3914 pro
992 3835 1084 3894 tribus
