2530 4392
214 221 275 278 292
434 211 529 272 mvl
553 209 746 270 svnunn
771 209 1021 269 avcvsulnu

214 381 315 448 postea
339 367 463 444 receptis
490 367 578 422 etiam
604 362 773 440 corporibus
796 364 854 420 iam
877 363 1091 422 immortnh‘bus
1116 377 1239 445 regnent

215 452 342 513 Proinde
354 451 448 508 tribus
462 450 520 506 illis
534 449 620 505 annis
634 457 722 522 atque
734 446 868 518 dimidio,
892 449 1005 504 animae
1017 450 1188 507 occisorum
1199 469 1238 526 prs

216 541 279 595 eius
292 536 450 611 martyrio,
476 542 591 610 atquae
605 539 692 588 antea
706 528 742 587 de
755 531 923 606 corporibus
943 532 1102 604 exierunt,
1130 543 1162 590 et
1179 553 1239 608 quas

216 624 278 698 ipsa
291 620 453 678 novissima
464 616 669 693 perseeutione
682 623 755 672 sunt
768 616 912 686 exiturae,
926 616 1097 694 regnabunt
1111 636 1179 674 cum
1190 619 1239 688 illo,

215 705 308 762 donec
321 702 442 760 finiatur
454 701 576 757 mortale
590 700 754 770 saeculum,
769 708 799 756 et
812 698 849 756 ad
860 697 933 755 illud
945 718 1091 777 regnum,
1108 701 1163 758 ubi
1174 719 1239 758 mars

215 791 287 860 erit,
305 794 480 844 transeatur.
514 784 660 852 Quocirca
671 800 736 838 cum
749 781 865 840 Christo
878 784 1068 860 regnantium
1081 795 1241 842 sanctorum

214 875 313 948 piures
327 871 513 939 iuniorum,
539 867 751 952 quamqvinouli
764 866 871 922 dioboli
884 876 915 922 et
933 865 1099 925 custodiae:
1128 870 1194 944 quia
1207 871 1240 924 ilii

216 975 281 1013 curn
293 972 347 1012 suo
361 971 433 1031 rege
447 951 504 1010 Dei
518 949 606 1021 Filio,
635 952 694 1006 iam
706 949 821 1008 diabolo
835 967 895 1006 non
907 951 999 1028 ligato
1013 951 1106 1007 etiam
1128 971 1178 1028 per
1190 963 1242 1008 tres

170 1044 172 1056 ⁴
215 1041 281 1098 iilos
296 1055 388 1096 annos
402 1054 436 1093 oo
449 1035 614 1106 semissem,
637 1034 813 1112 regnabunt.
844 1032 987 1090 Remanet
1000 1035 1115 1112 igitur,
1141 1045 1171 1092 ut
1183 1055 1242 1092 eum

217 1122 366 1192 audimus,
392 1117 569 1178 Sacerdotes
582 1116 684 1176 Daiei
700 1115 816 1174 carosi
833 1115 999 1194 regnabunt
1017 1137 1083 1174 cuns
1102 1118 1155 1176 ilio
1174 1119 1243 1176 nius

217 1204 320 1277 annis,
347 1215 377 1263 et
396 1223 459 1262 casm
472 1201 561 1274 finiti
569 1201 696 1273 fuerint
713 1200 792 1258 mille
809 1203 898 1271 anni,
922 1199 1055 1258 calcetur
1074 1203 1243 1260 calcanda

218 1289 354 1348 custodio
366 1305 438 1362 sua3
461 1295 584 1343 autnon
598 1286 684 1363 regni
696 1283 783 1342 huius
797 1293 966 1342 sanctorum
980 1285 1186 1364 intelligamus
1197 1304 1242 1342 an·

217 1392 272 1432 nos
286 1375 366 1430 mille
378 1371 475 1442 finiri,
502 1367 553 1425 sed
565 1370 676 1425 vinculi
689 1367 795 1426 diaboli
808 1377 895 1445 atque
914 1367 1079 1442 custodiae3
1110 1379 1145 1426 ut
1161 1387 1242 1426 annos

216 1459 312 1528 mille,
324 1455 355 1514 id
368 1465 427 1527 cst,
441 1471 536 1511 annos
550 1471 650 1510 omnes
661 1470 729 1509 suos
740 1470 870 1528 quaeque
881 1468 948 1526 pars
961 1448 1068 1508 habeat
1081 1450 1207 1510 diversis
1216 1471 1241 1508 se

217 1542 342 1616 propriis
365 1536 583 1614 prolixitatibus
606 1535 765 1608 finiendos,
793 1537 932 1610 ampliore
954 1545 1128 1594 sanctorum
1148 1555 1242 1616 ragno,

217 1625 352 1681 breviore
365 1621 473 1678 diaboli
486 1621 622 1677 viuculo:
651 1629 703 1678 aut
723 1629 818 1692 certe,
844 1619 980 1696 quoniam
998 1621 1089 1676 trium
1109 1639 1242 1678 annorum

217 1717 246 1765 et
260 1725 313 1763 sex
325 1705 471 1762 mensium
484 1703 689 1760 brevissimum
706 1705 830 1779 spatium
848 1712 908 1775 est,
935 1705 1098 1778 computari
1123 1707 1241 1762 noluisse

218 1789 364 1861 credatur,
379 1789 442 1845 sive
456 1786 533 1863 quod
546 1787 642 1843 minus
656 1796 776 1844 satanae
788 1787 949 1857 ainardum,
962 1788 1025 1844 sive
1038 1788 1119 1863 quod
1129 1791 1241 1863 amplios

217 1874 333 1932 videtur
346 1889 470 1950 regnum
482 1869 589 1926 habere
606 1879 786 1928 sanctorum:
814 1873 889 1928 siout
907 1869 942 1926 de
957 1869 1183 1950 quadringentis
1196 1891 1241 1926 an-

217 1959 263 2016 nis
277 1959 309 2015 in
321 1967 405 2014 sexto
420 1954 530 2012 decimo
543 1951 630 2010 huius
646 1952 752 2029 Operis
765 1953 915 2012 volumino
928 1952 1089 2029 disputasi3
1116 1958 1242 2032 quonian

218 2044 282 2117 plus
302 2040 411 2118 aliquid
430 2048 531 2110 erant,
556 2047 586 2094 ot
604 2047 702 2095 tamon
716 2037 923 2118 quadringenti
936 2049 1006 2095 sunt
1019 2042 1196 2116 nuncupati:
1219 2051 1243 2094 es

218 2128 288 2183 talia
302 2145 387 2200 saepe
400 2124 589 2200 reperiuntur
602 2123 634 2180 in
647 2123 742 2180 literis
758 2124 867 2194 sacris,
881 2125 906 2178 si
922 2123 987 2198 quis
1001 2121 1146 2180 advertat

611 2288 716 2348 CAP.
758 2286 864 2347 xlv.

216 2389 259 2440 De
270 2389 440 2443 damnatione
451 2387 550 2442 diaboli
563 2403 623 2441 cuna
636 2387 705 2452 suis,
725 2395 752 2439 et
763 2403 815 2454 per
825 2387 1080 2456 recapitulationem
1090 2389 1124 2442 de
1134 2405 1242 2442 rasam

259 2459 347 2514 atione
359 2476 487 2536 corporeo
498 2459 613 2514 omnium
623 2466 800 2579 moptqoraqn,
817 2465 844 2509 et
854 2456 885 2509 de
894 2457 994 2511 iudicio
1003 2457 1117 2512 manase
1127 2461 1208 2514 retri-

682 2544 699 2579 o
713 2543 791 2580 sonsa.

277 2634 349 2692 Post
361 2634 435 2692 hano
449 2645 544 2692 autem
558 2635 864 2692 commemorationem
876 2634 1052 2691 novissimae
1066 2637 1241 2708 persecutio·

216 2721 280 2792 nis,
301 2719 432 2777 breviter
445 2720 649 2794 complectitur
661 2727 771 2790 totum,
791 2716 868 2794 quod
880 2718 982 2774 ultimo
994 2719 1051 2773 iam
1065 2717 1177 2775 iudicio
1191 2719 1240 2774 dia

215 2804 315 2876 bolus,
342 2814 450 2860 etcum
463 2821 517 2858 suo
531 2805 663 2878 principe
676 2800 787 2859 Civitas
803 2801 922 2858 inimica
937 2817 1058 2876 passura
1072 2811 1128 2858 est.
1170 2801 1240 2860 Dicit

215 2887 310 2942 enim:
337 2886 379 2942 Et
393 2885 525 2944 diabolas
545 2888 597 2963 qai
613 2885 770 2944 seducebat
789 2902 852 2956 eos,
879 2887 987 2942 miesco
1006 2895 1050 2943 eat
1064 2887 1095 2943 iss
1109 2895 1257 2963 stagnat

215 2971 337 3044 igniret
351 2967 518 3044 saphoris,
540 2987 595 3044 qao
608 2969 704 3026 bestia
724 2979 754 3028 et
774 2967 1050 3048 pseudoprophetc,·
1076 2979 1106 3027 et
1134 2971 1240 3026 arseio-

215 3051 323 3108 tantur
343 3051 390 3108 die
403 3069 440 3106 ac
456 3061 541 3108 nocte
554 3052 585 3108 in
598 3052 720 3110 saecula
737 3051 928 3111 saeculorum.
970 3049 1099 3110 Bestiam
1113 3052 1191 3110 bene
1202 3053 1240 3107 in·

215 3135 309 3214 telligi
326 3135 418 3209 ipsam
436 3135 554 3209 impiam
571 3132 742 3208 Civitatem,
769 3153 856 3211 supra
878 3137 936 3192 iam
958 3134 1098 3194 diximus.
1136 3134 1241 3194 Pseudo

216 3236 283 3276 vero
296 3215 436 3294 propheta
452 3219 514 3274 eius
527 3227 578 3276 aut
586 3217 784 3278 Antichristo
800 3228 861 3290 est,
879 3229 930 3276 aut
943 3220 1042 3298 imago
1056 3222 1127 3292 illa,
1151 3219 1241 3282 ideas,

146 3368 150 3382 ‚
213 3303 384 3382 figmentum
401 3301 437 3359 de
456 3321 512 3379 quo
530 3303 572 3360 ibi
589 3304 681 3359 locuti
693 3319 800 3360 snmus.
844 3301 915 3358 Post
927 3301 999 3359 haec
1011 3305 1108 3377 ipsum
1121 3301 1241 3359 monssi-

213 3407 291 3444 mom
305 3385 460 3458 iudicium,
475 3386 552 3462 quod
566 3388 623 3444 erit
636 3388 668 3442 in
681 3385 809 3442 secunda
821 3387 1039 3443 resurrectione
1050 3396 1239 3449 mortuorum,

213 3489 286 3548 quae
300 3489 455 3546 corporum
469 3481 530 3540 est,
542 3469 762 3545 recapitulando
776 3487 916 3541 narrans,
930 3469 1073 3545 quomodo
1087 3467 1181 3526 fuerit
1192 3465 1240 3522 sibi

119 3586 122 3600 ι
215 3557 386 3612 revelatum:
412 3553 454 3612 Et
466 3555 544 3624 vidi,
557 3555 668 3629 inquit,
688 3549 824 3610 tironum
837 3571 974 3630 magnam
987 3563 1017 3610 et
1030 3553 1204 3620 candidan,
1215 3558 1238 3604 es

215 3635 360 3696 sedentem
380 3655 475 3714 ¹caespes·
495 3656 576 3708 eam,
601 3639 684 3694 cuias
703 3655 723 3693 a
734 3637 826 3710 socie
844 3635 937 3712 fagit
961 3635 1070 3694 coeissn
1090 3646 1123 3694 et
1151 3646 1238 3694 serra

215 3727 244 3772 et
257 3717 336 3778 locos
350 3721 596 3778 comminuentur
614 3737 671 3776 non
684 3728 738 3779 est.
780 3717 848 3776 Non
867 3721 925 3791 ait,
951 3716 1019 3774 Vidi
1032 3717 1174 3776 thronw
1185 3733 1238 3772 nsa-

215 3815 307 3873 gnum
321 3809 350 3854 et
362 3800 527 3873 candidum,
542 3813 572 3858 et
586 3801 737 3860 sedentem
750 3821 838 3876 super
851 3821 928 3874 eum,
941 3811 972 3858 et
983 3801 1018 3858 ab
1032 3802 1095 3858 eius
1108 3801 1188 3858 facie
1200 3797 1238 3854 n·

213 3881 256 3956 git
270 3881 380 3936 coelum
391 3891 420 3937 et
433 3892 525 3956 terra3
552 3886 690 3961 quoniam
703 3903 763 3943 non
776 3896 846 3944 tunc
859 3885 966 3944 factum
980 3894 1041 3957 est,
1054 3883 1085 3968 id
1099 3895 1162 3956 est,
1176 3893 1238 3939 anta
1252 3909 1253 4003 p
