2602 4416
201 226 220 278 8
420 213 519 271 DlVl
540 208 729 270 AVRELll
752 200 1010 268 AVGVSTINI

199 371 361 438 tacuisset,
389 365 514 420 deorum
538 361 656 418 sedibus
676 363 773 417 solere
791 359 891 416 hostes
911 378 1032 434 parcere
1050 357 1247 434 putaremus.

200 453 240 510 Et
251 451 325 507 haec
344 468 405 506 non
428 449 463 504 ab
484 446 659 522 alienigenis
677 442 827 514 hostibus,
855 442 906 498 sed
919 461 936 498 a
951 441 1077 500 Catilina
1092 453 1122 500 et
1143 446 1247 500 sociis

205 538 268 592 eius
292 531 484 590 nobilissimis
514 528 701 584 senatoribus
728 535 758 582 et
782 525 923 583 Romanis
961 527 1073 598 civibus
1098 525 1248 584 Romana

201 619 312 691 templa
329 614 508 672 metuebant.
552 608 612 666 Sed
637 607 668 666 hi
692 609 831 666 videlicet
856 608 964 683 perditi
984 617 1014 665 et
1030 611 1145 684 patriae
1169 627 1248 682 par-

201 701 321 758 rieidae.

600 775 622 834 C
644 777 669 834 A
690 775 722 832 P.
773 773 833 832 Vl.

205 862 283 927 Quod
290 876 337 912 aec
348 857 464 910 Rotnani
473 857 577 926 quidem
587 856 629 908 ita
640 859 709 908 sellas
719 856 840 925 ceperint
849 855 982 920 ciuitates,
997 863 1028 908 ut
1038 855 1066 909 s'a
1077 857 1189 925 templis
1200 873 1245 910 ea·

552 942 613 977 rum
629 933 776 992 parcerent
794 925 881 978 vietis.

265 1001 343 1069 Quid
357 1018 428 1077 crgo
442 1017 495 1072 per
506 1000 613 1055 multas
627 1007 743 1076 gentes,
763 1017 839 1073 quae
852 998 1050 1054 intersebella
1063 1008 1245 1076 gesserunt,
1270 1059 1272 1063 Α

202 1095 232 1142 et
254 1101 400 1158 nusquam
421 1084 509 1138 victis
528 1084 560 1137 in
586 1081 709 1138 deorum
733 1100 856 1138 suorum
883 1081 1000 1138 sedibus
1027 1090 1244 1154 pepercerunt,

202 1178 307 1224 noster
319 1184 415 1222 sermo
430 1161 599 1222 discurrati
626 1163 777 1220 Romanos
790 1167 871 1236 ipsso
885 1164 1053 1221 videamus:
1073 1166 1169 1237 ipsos,
1190 1165 1243 1218 in-

204 1269 307 1326 quam,
324 1251 489 1306 recolamus
507 1249 758 1323 respiciamusque
771 1247 938 1317 Romanos,
964 1247 999 1301 de
1011 1263 1137 1320 quorum
1151 1263 1244 1319 prae-

207 1337 294 1422 cippa
307 1333 393 1389 laude
406 1332 517 1388 dictum
531 1341 584 1388 est.
956 1377 970 1410 x

235 1417 394 1479 Parcere
407 1417 565 1484 subiectis,
589 1425 619 1470 et
634 1415 779 1470 debellare
793 1415 949 1488 superbos:
970 1411 989 1467 22

206 1509 237 1554 et
250 1497 330 1571 quod
342 1505 463 1568 accepta
481 1498 593 1552 iniuria
611 1499 784 1572 ignoscere,
809 1515 897 1569 quam
914 1497 1052 1569 persequi
1072 1495 1241 1551 malebant:

205 1579 322 1655 quando
336 1586 383 1634 tot
395 1585 552 1650 tantasque
567 1577 674 1647 urbes,
697 1586 732 1632 ut
744 1579 804 1631 late
817 1577 1053 1645 dominarentur,
1081 1593 1242 1651 expugna-

205 1676 251 1720 tas
277 1670 435 1735 captasque
459 1667 650 1730 everterunt,
685 1661 803 1735 legatur
829 1659 915 1713 nobis
947 1675 1022 1732 quae
1047 1660 1157 1730 templa
1185 1676 1241 1713 ex-

206 1748 305 1818 cipere
333 1743 489 1814 colebant,
516 1750 550 1798 ut
566 1739 604 1796 ad
621 1759 656 1796 ea
675 1743 809 1816 quisquis
830 1741 1016 1816 confugisset
1040 1739 1241 1796 liberaretur?

205 1829 251 1884 An
264 1829 309 1882 illi
321 1826 487 1896 faciebant,
508 1833 539 1880 et
551 1825 711 1898 scriptores
726 1823 886 1880 earundem
898 1841 999 1878 rerum
1012 1831 1166 1901 gestarum
1179 1826 1240 1879 ista

204 1905 389 1966 reticebanti
415 1906 499 1964 ltauc
515 1925 604 1979 vero,
632 1909 683 1981 qui
706 1925 742 1965 ca
767 1925 842 1982 quae
866 1905 1022 1962 laudarent
1045 1908 1174 1962 maxime
1188 1925 1239 1962 rc-

205 1993 372 2067 quirebant,
398 1992 455 2045 ista
469 1992 704 2063 praeclarissima
719 1990 883 2046 secundum
896 1990 976 2062 ipsos
990 1991 1109 2062 pietatis
1124 1989 1238 2045 indicia

205 2069 421 2148 praeterirent?
452 2071 603 2150 Egregius
625 2072 753 2130 Romani
775 2075 904 2130 nominis
924 2071 1042 2128 Marcus
1066 2072 1237 2142 Marcellus,

207 2159 259 2230 qui
273 2156 438 2231 Syracusas
452 2156 555 2212 urbem
567 2158 787 2213 ornatissimam
809 2157 903 2228 cepit,
927 2156 1058 2212 refertur
1077 2173 1141 2212 eam
1153 2157 1236 2228 prius

205 2237 326 2294 flevisse
342 2239 504 2307 ruituram,
531 2247 648 2296 etanta
666 2241 730 2295 eius
749 2239 925 2316 sanguinem
945 2257 1013 2294 suas
1031 2241 1075 2295 illi
1092 2240 1236 2312 lacrymas

208 2317 355 2376 effudisse.
400 2318 501 2376 Gessit
513 2329 544 2374 et
557 2341 658 2378 curam
670 2321 845 2394 pudicitiae,
873 2323 962 2376 ctiam
971 2323 1002 2376 in
1015 2320 1101 2378 hoste
1114 2338 1236 2377 servan-

207 2403 271 2458 dae.
314 2401 391 2458 Nam
403 2403 577 2476 prinsquam
595 2403 735 2476 oppidum
752 2406 851 2460 victor
869 2405 1009 2460 iussisset
1021 2405 1137 2474 invadi,
1164 2422 1234 2459 con-

208 2486 307 2542 stituit
320 2485 434 2556 edicto,
460 2487 582 2559 nequis
603 2505 709 2559 corpus
735 2488 861 2543 liberum
883 2489 1018 2544 violaret.
1061 2487 1236 2554 Eversaest

208 2577 310 2626 tamen
324 2570 430 2626 civitas
449 2586 532 2624 more
545 2569 705 2640 bellorum,
732 2565 794 2628 nec*
802 2572 918 2643 uspiam
931 2573 1041 2646 legitur
1061 2570 1096 2623 ab
1110 2570 1233 2638 impera-

207 2661 275 2706 tore
288 2661 350 2708 tam
362 2662 443 2708 casto
458 2660 547 2726 atque
561 2655 699 2709 clementi
712 2653 805 2710 fuisse
826 2661 1030 2726 praeceptum,
1056 2659 1091 2706 ut
1103 2650 1232 2724 quisquis

208 2734 245 2789 ad
264 2735 338 2788 illud
355 2738 404 2790 vel
429 2733 502 2787 illud
527 2735 667 2804 templum
687 2734 831 2810 fugisset,
862 2735 958 2787 abiret
976 2736 1106 2789 illaesus.
1149 2733 1233 2798 Quod

207 2816 312 2885 utique
326 2815 407 2868 nullo
421 2811 507 2868 modo
521 2815 745 2882 praeteriretur,
774 2812 890 2884 quando
905 2831 960 2866 nec
974 2816 1038 2867 eius
1052 2813 1153 2882 fletus,
1170 2831 1232 2869 -nec

209 2893 288 2967 quod
315 2893 451 2948 edixerat
469 2910 522 2964 pro
549 2893 693 2964 pudicitia
718 2895 841 2947 minime
858 2886 997 2947 violanda
1016 2897 1114 2964 potuit
1133 2899 1229 2950 taceri.

207 2975 316 3032 Fabius
336 2973 517 3030 Tarentinae
536 2975 618 3030 urbis
639 2991 770 3044 eversor,
797 2991 814 3028 a
830 2975 1059 3031 simulacrorum
1077 2976 1229 3050 depraeda-

207 3058 291 3111 tione
310 3073 341 3110 se
361 3053 541 3111 abstinuisse
554 3055 701 3112 laudatur.
745 3055 820 3112 Nam
835 3075 902 3111 cum
916 3058 945 3110 ei
958 3059 1055 3114 scriba
1068 3063 1228 3137 suggessis-

208 3147 254 3194 set
272 3137 343 3210 quid
361 3137 397 3192 de
419 3139 514 3214 signis
540 3137 678 3210 deorum,
703 3157 778 3212 quae
797 3140 889 3194 multa
907 3149 992 3212 capta
1011 3141 1144 3214 fuerant,
1168 3143 1228 3198 fieri

207 3220 338 3290 iuberet,
366 3221 579 3276 continentiam
598 3239 682 3277 suam
701 3223 790 3278 etiam
808 3221 932 3278 iocando
955 3223 1096 3281 condivit.
1139 3227 1227 3291 Quae-

208 3301 375 3372 sivitenim,
389 3302 555 3359 cuiusmodi
568 3313 684 3361 essent:
698 3312 729 3359 ct
742 3323 809 3360 cum
822 3307 851 3360 ei
862 3323 923 3360 non
937 3308 1033 3362 solum
1042 3310 1133 3364 multa
1145 3326 1226 3384 gran-

208 3383 267 3454 dia,
293 3402 397 3440 verum
417 3385 505 3440 etiam
523 3388 774 3444 renunciarentur
788 3397 915 3459 armata3
941 3387 1160 3463 Relinquamus,
1184 3392 1226 3444 in-

209 3469 288 3540 quit,
315 3466 488 3524 Tarentinis
507 3467 578 3524 deos
600 3470 703 3526 iratos.
748 3469 821 3526 Cum
839 3472 933 3547 igitur
951 3489 1007 3527 nee
1027 3473 1107 3528 illius
1125 3470 1225 3541 flamm,

207 3567 262 3603 nee
279 3549 368 3606 huius
383 3551 493 3620 risum,
519 3569 575 3606 nec
588 3553 668 3608 illius
684 3562 795 3608 castam
807 3553 1057 3623 misericordiam,
1081 3573 1136 3609 nee
1148 3552 1224 3610 huius

207 3630 335 3687 facetam
349 3633 584 3703 continentiam,
610 3633 812 3692 Romanarum
828 3644 1094 3711 rerumgestarum
1112 3637 1223 3708 scripto-

205 3729 253 3767 res
267 3721 367 3768 tacere
386 3716 559 3786 potuerint,
583 3717 700 3790 quando
714 3719 1017 3790 praetermitteretur,
1045 3719 1071 3773 si
1092 3713 1223 3792 aliquibus

206 3792 372 3852 bominibus
392 3797 423 3852 in
443 3795 587 3856 honorem
608 3801 773 3874 cuiuspiam
792 3799 915 3856 deorum
934 3817 1057 3857 suorum
1074 3803 1117 3856 sic
1135 3817 1222 3873 peper-
