2586 4396
250 207 313 268 DE
337 197 558 262 ClVlThTE
583 195 662 255 DEI
693 195 774 252 ala.
797 193 850 250 vl.
1020 193 1079 250 lat

45 386 100 445 tor,
126 366 183 426 sed
203 372 239 422 ut
252 379 321 418 oum
334 351 562 428 illarespuenda
584 349 817 426 intelligeretur3
843 359 930 426 atque
952 353 994 408 ita
1016 352 1081 408 aine

44 455 173 535 periculo
186 465 290 508 eornm
303 444 356 518 qui
367 440 482 498 civilem
491 435 670 513 theologiam
678 429 894 506 reprehendere
902 435 1081 506 metuebant,

44 552 168 614 utraque
182 536 351 605 contemta,
378 541 413 580 ea
425 539 512 598 quam
522 520 686 576 naturalem
698 525 822 586 uocant,
848 509 931 592 apud.
945 519 1082 575 meliores

43 629 156 684 aomos
177 615 333 676 inveniret
346 611 453 668 locum.
491 604 572 662 illam
585 611 615 658 et
627 601 723 659 civilis
736 608 767 655 et
779 599 912 658 sabulosa
924 601 1025 658 amhae
1038 602 1082 658 ia-

42 713 163 768 bulosae
176 709 250 760 sunt
268 695 430 769 ambaeque
455 690 570 747 civiles:
596 687 694 744 amhae
710 686 843 740 inveniet
855 685 1020 756 fabulosas,
1033 683 1085 760 qul

42 793 191 851 vanitates
207 794 239 841 et
256 779 472 839 obscoenitates
485 773 634 830 ambarum
646 769 807 844 prudenter
819 770 997 845 inspexerit3
1023 787 1084 825 am-

42 880 89 936 has
104 874 213 930 civiles
229 867 281 943 qni
301 862 388 920 ludos
402 859 534 916 scenicos
547 857 729 930 pertinentes
742 852 778 910 ad
792 853 954 911 fabulosam
966 855 998 910 in
1014 853 1085 908 deo-

43 981 105 1018 rom
129 955 270 1014 civilium
283 943 493 1006 festivitatibus
508 951 538 997 et
550 942 583 996 in
595 940 712 996 urbium
725 936 833 994 divinis
846 939 935 998 rebus
949 928 1085 995 adverte·

43 1047 90 1101 rit.
136 1035 295 1108 Quomodo
320 1033 414 1109 igitur
437 1027 516 1084 vitoe
529 1033 667 1081 aeternae
680 1019 793 1078 dandae
806 1031 935 1096 potestas
950 1023 1087 1096 cuiqnam

45 1129 167 1185 deorum
180 1125 310 1178 istorum
323 1113 479 1182 tribuitur,
498 1127 571 1186 quoa
583 1125 637 1164 sun
649 1108 805 1164 simulacra
818 1115 853 1162 et¹
863 1123 948 1162 saera
962 1106 1086 1162 convin-

47 1220 132 1282 eunt,
160 1207 220 1262 diis
234 1201 379 1259 fabulosis
393 1195 576 1270 apertissime
588 1191 752 1265 reprobatis
766 1205 832 1244 esse
848 1177 1012 1244 simillimos
1026 1189 1088 1244 lor·

47 1298 116 1367 mis,
142 1289 310 1356 aetatibus,
325 1299 418 1352 sexu,
430 1279 546 1348 habitu,
561 1276 725 1352 coniugiis,
739 1273 998 1350 generationibus,
1022 1272 1088 1326 riti-

46 1382 117 1449 aas,
141 1379 176 1432 in
190 1372 302 1449 quihus
315 1366 449 1425 omnibns
463 1371 514 1420 aut
536 1360 670 1416 homines
691 1357 786 1413 fuisse
809 1357 1034 1433 intelliguntur,
1061 1361 1090 1408 et

49 1481 103 1538 pro
116 1457 355 1528 uniuscuiusque
367 1449 429 1508 vita
440 1449 490 1506 rel
502 1453 597 1502 morte
610 1459 694 1499 saera
708 1442 752 1496 eis
767 1450 797 1496 et
820 1441 955 1496 solennia
978 1438 1089 1494 eonsti-

48 1554 129 1616 tuta,
154 1543 236 1599 hunc
250 1553 385 1596 errorem
395 1530 616 1591 insinuantibus
630 1525 874 1599 firmantibusque
889 1522 1090 1592 daemonibus,

49 1639 99 1686 ant
111 1637 191 1686 certe
205 1641 246 1682 ex
260 1615 391 1700 qualibet
414 1617 570 1676 occasione
583 1610 809 1670 immundissimi
822 1609 943 1684 spiritua
955 1605 1091 1664 fallendis

50 1715 184 1771 humanis
197 1707 350 1768 mentibus
363 1695 537 1777 irrepsisset

463 1851 485 1910 C
507 1853 531 1908 A
553 1850 584 1906 P.
628 1845 696 1905 lx.

334 1951 380 2004 De
396 1949 494 2019 offitiis
510 1947 680 2017 singulorum
692 1945 809 1996 deorum.

119 2053 199 2120 Quid
222 2051 287 2124 ipsa
309 2043 463 2100 nununum
478 2037 647 2094 olheiatam
660 2036 761 2093 viliter
783 2032 1009 2104 nrinntatimque
1024 2045 1095 2084 con-

52 2144 124 2209 cisa,
152 2141 278 2212 proptera
298 2126 376 2203 quod
400 2123 443 2179 eis
467 2122 570 2178 dicunt
587 2139 641 2196 pro
654 2118 885 2192 uniuscuiusque
898 2113 1016 2189 proprio
1030 2129 1095 2167 mu-

51 2243 118 2280 nere
141 2215 307 2294 supplicari
322 2217 473 2284 oportere,
500 2203 579 2261 unde
593 2222 655 2260 non
669 2202 786 2278 quidem
799 2201 913 2268 omnia,
940 2195 993 2254 sed
1004 2197 1098 2252 multa

53 2311 106 2364 iam
119 2305 281 2370 diximus,
299 2310 399 2352 nonne
413 2289 587 2347 scurrilitati
600 2289 751 2358 munione,
776 2303 863 2360 quam
885 2285 1003 2340 divinae
1027 2299 1097 2336 con-

54 2399 158 2448 sonant
176 2375 339 2464 dignitati?
379 2375 414 2433 Si
439 2374 511 2430 duas
537 2375 693 2448 quisquam
719 2371 859 2426 nutrices·
876 2365 1028 2426 adhiberet
1050 2365 1097 2419 in-

54 2478 141 2546 fanti,
156 2487 286 2548 quarum
298 2479 360 2520 una
373 2459 448 2518 nihil
460 2460 519 2515 nisi
533 2475 646 2526 escam,
666 2457 760 2510 altera
773 2453 848 2510 nihil
861 2454 921 2508 nisi
933 2459 1034 2523 potum
1047 2447 1099 2501 da·

56 2571 113 2630 rot,
140 2559 221 2613 sicut
235 2551 288 2607 isti
301 2545 407 2604 adhoc
421 2543 493 2600 duas
507 2539 704 2597 adhibuerunt
716 2537 802 2606 deas,
829 2535 962 2592 Edueam
976 2540 1006 2585 et
1018 2529 1099 2584 Poti-

58 2661 135 2698 nam:
161 2655 269 2712 nempe
284 2633 432 2706 desipere,
460 2635 491 2681 ct
517 2619 629 2696 aliquid
653 2621 742 2676 mimo
770 2619 865 2672 simile
891 2619 924 2672 in
948 2631 1002 2670 sua
1015 2611 1099 2667 domo

60 2723 334 2804 agereaideretur.·
363 2711 503 2770 Liberum
525 2725 542 2762 a
565 2705 758 2762 liberamento
786 2701 963 2776 appellatum
985 2695 1100 2765 volunt,

62 2808 138 2885 quod
150 2824 242 2863 mares
256 2805 291 2858 in
304 2797 435 2857 coeundo
448 2809 501 2870 per
515 2792 578 2848 eins
598 2787 776 2846 beneficium
801 2785 916 2841 emissis
942 2778 1102 2838 seminibus

62 2895 236 2949 liberentur:
263 2886 322 2942 hoe
344 2882 422 2940 idem
443 2881 476 2935 ia
489 2875 608 2933 feminis
622 2891 713 2952 agere
725 2870 876 2941 hiberam,
904 2883 991 2944 qnam
1014 2864 1103 2924 etiam

61 2978 203 3034 l'cnerem
215 2978 343 3049 putant,
362 2965 439 3042 qnod
452 2971 482 3019 et
494 2964 573 3036 ipsas
586 2957 761 3036 perhibeant
774 2957 887 3012 semina
898 2953 1048 3021 emittere3
1074 2955 1104 3002 et

60 3064 90 3118 oh
104 3061 162 3118 hoo
174 3059 287 3116 Libero
313 3051 436 3109 eandem
453 3048 570 3106 virilem
582 3044 714 3119 corporis
728 3050 843 3117 partem
855 3041 887 3095 in
901 3037 1008 3110 templo
1021 3032 1103 3106 poni,

60 3149 217 3202 femineam
229 3139 365 3198 hiberae.
398 3133 443 3190 Ad
455 3131 527 3187 haee
540 3129 651 3186 addunt
663 3128 802 3184 mulieres
816 3122 971 3182 attributas
985 3117 1103 3185 Libero,

61 3241 86 3286 et
110 3231 219 3286 vinum
245 3231 367 3298 propter
392 3215 545 3274 libidinem
571 3211 785 3269 concitandam.
830 3206 881 3264 sie
909 3199 1104 3262 Bacchanalia

61 3331 168 3371 summa
182 3309 374 3367 celebrantur
386 3301 512 3358 insania.
554 3295 610 3352 Vbi
623 3295 717 3351 Varro
730 3297 795 3369 ipse
810 3290 984 3356 confltetur,
998 3303 1016 3340 a
1029 3281 1104 3339 Bae-

61 3397 216 3455 ehentihns
229 3393 303 3449 talia
317 3389 383 3445 lieri
395 3403 455 3442 non
466 3383 614 3458 potuisse,
641 3381 702 3435 nisi
714 3385 812 3434 niente
826 3381 978 3430 commota.
1022 3363 1105 3420 Haec

60 3493 155 3539 tamen
168 3485 276 3556 postea
289 3474 508 3548 displicuerunt
519 3466 635 3521 senatui
649 3462 778 3530 saniori,
790 3469 824 3515 'et
838 3475 873 3513 ea
886 3455 974 3511 iussit
984 3447 1103 3505 auferri.

60 3564 170 3622 Saltem
192 3562 244 3618 hie
267 3558 390 3616 tandem
412 3552 538 3610 forsitan
564 3555 722 3604 senserunt
733 3542 802 3618 quid
816 3537 960 3596 immundi
972 3529 1105 3606 spiritu,

60 3649 127 3706 dnm
139 3667 194 3724 pro
207 3646 266 3701 diis
279 3641 443 3710 hahentur,
470 3638 503 3690 in
515 3632 666 3690 hominum
687 3627 803 3703 possint
825 3619 981 3679 mentibus.
994 3631 995 3638 ¹
1024 3610 1105 3667 Haeo

62 3744 139 3790 certe
152 3749 218 3788 non
230 3729 343 3784 fierent
356 3725 388 3778 in
400 3719 535 3777 theatris.
578 3715 698 3772 Ludunt
710 3712 816 3783 quippe
829 3705 887 3772 ibi,
914 3689 1105 3755 nonfurunt:

60 3817 192 3892 quamvis
220 3812 293 3868 deos
317 3807 441 3876 hahere,
468 3801 517 3876 qui
531 3795 708 3854 etiamludis
722 3789 829 3847 talibus
844 3785 1038 3853 delectentur,
1065 3781 1105 3834 si-

64 3903 127 3958 mile
138 3903 177 3957 sit
191 3897 316 3956 ferroris.
