2530 4392
188 205 250 260 284
409 193 519 252 'DlVl
537 189 731 252 ,AVRELll
752 186 1006 246 AVGVSTlNl

189 351 240 410 sed
262 355 466 408 successerunt
490 346 533 400 eis
557 345 608 400 alii
631 341 791 411 nascendo,
819 349 904 415 atque
928 338 1109 411 succedunt,
1138 341 1225 399 donee

189 436 308 504 finiatur
320 431 374 488 boc
389 431 548 498 saeculum,
562 427 612 501 qui
626 425 742 482 oderint
755 423 952 493 Chrirtianoa,
973 424 1006 478 in
1020 441 1148 499 quorum
1162 445 1224 501 qno-

191 519 279 588 tidie,
299 518 381 574 velut
394 515 425 570 in
440 513 561 588 abysso,
584 509 678 566 coecis
693 517 723 584 et
735 505 886 582 profundis
900 505 1036 563 cordibus
1051 509 1218 566 includatur

192 601 294 658 Vtrum
312 607 410 656 autem
431 597 519 652 etiarn
540 594 598 648 illis
617 593 728 648 ultimis
746 591 839 646 tribus
858 592 943 647 annis
958 599 988 652 et
1000 593 1157 648 mensibus
1170 611 1223 660 rer,

192 683 307 762 quando
323 683 437 738 solutus
450 679 520 735 totis
534 675 646 734 viribus
666 677 832 732 saeviturus
847 683 906 745 cst,
930 675 1037 748 aliquis
1053 676 1085 730 in
1100 693 1162 750 qus
1174 695 1224 732 noa

191 769 298 838 lucrat,
313 767 352 822 sit
365 779 536 820 accessurus
550 758 587 816 ad
600 757 697 830 fidem,
711 759 854 815 nonnulla
867 758 999 832 quaestio
1014 767 1069 813 est.
1102 759 1224 824 Quone·

193 852 229 908 do
242 852 321 908 enim
334 848 423 904 stabit
437 843 514 921 quod
527 844 710 913 dictumest,
740 840 814 910 Qua
833 843 931 898 intrat
944 842 976 897 in
989 842 1108 899 domam
1122 843 1225 914 sortia,

192 945 226 992 at
238 951 313 991 coac
328 934 390 988 eiua
404 930 527 1006 eripiat,
541 927 698 1003 niaiprt'aa
712 924 1023 1000 alligaveritfortcm‚
1037 926 1066 980 si
1083 927 1173 982 etiam
1184 945 1225 982 so·

194 1021 257 1074 luto
273 1009 455 1089 eripiuntur?
484 1011 526 1067 Ac
538 1028 590 1084 per
603 1007 658 1064 hoc
672 1006 776 1064 adhoc
791 1026 897 1086 cogere
912 1006 1026 1064 videtur
1039 1009 1101 1065 ista
1114 1019 1226 1066 senten·

195 1103 252 1172 tia,
274 1109 308 1155 ut
320 1095 471 1154 credamus
484 1095 552 1164 illo,
573 1094 644 1148 lieet
658 1093 777 1170 exiguo,
791 1101 922 1166 tempure
935 1092 1086 1147 neminem
1099 1111 1226 1148 ιιιιιιιι-

193 1201 256 1240 rnm
270 1200 334 1238 esse
348 1181 452 1255 populo
467 1177 650 1247 Christiano,
675 1175 726 1232 sed
740 1193 805 1231 cum
818 1177 860 1232 eia
874 1177 924 1250 qui
936 1176 995 1230 iam
1008 1173 1176 1232 Christiani
1187 1195 1227 1232 re-

192 1264 408 1343 pertitnenat,
429 1262 574 1319 diabolum
587 1267 801 1338 pugnaturum:
826 1276 864 1314 ex
878 1257 980 1334 quibus
994 1260 1130 1316 etiamsi
1146 1261 1229 1334 aliqui

194 1351 266 1407 victi
291 1349 382 1406 secuti
405 1344 616 1415 consuerint,
644 1362 703 1400 non
723 1359 773 1398 eos
791 1341 827 1398 ad
843 1341 1094 1418 praedestinatum
1106 1342 1229 1400 filiorum

195 1433 253 1490 Dei
276 1449 429 1490 numerum
451 1429 609 1504 pertinere.
645 1425 748 1501 Neque
773 1427 853 1484 enim
873 1426 984 1482 frustra
1005 1425 1085 1483 idem
1109 1425 1228 1483 loannes

175 1517 177 1526 '
194 1518 361 1592 Apostolus,
376 1515 427 1588 qui
441 1522 472 1568 et
484 1511 560 1568 hanc
573 1510 772 1586 Apocalypsin
786 1511 919 1584 scripsit,
946 1511 979 1565 in
992 1510 1121 1584 epistole
1134 1529 1188 1566 sua
1201 1509 1229 1564 de

195 1597 365 1676 quibusdam
379 1596 466 1666 dicit,
493 1593 542 1652 Ec
560 1594 642 1650 nebia
661 1595 815 1663 exierant,
840 1593 893 1650 aad
908 1611 966 1649 non
985 1603 1076 1650 erant
1090 1613 1129 1651 aa
1141 1594 1229 1650 nodia·

195 1701 263 1738 nam
283 1683 311 1736 ai
328 1680 468 1751 faieaent
490 1695 527 1734 ιι
553 1676 649 1745 nobis,
668 1679 846 1736 nunciarent
863 1677 964 1752 atique
982 1675 1143 1733 nobiscum.
1179 1675 1229 1734 Sed

195 1764 264 1839 quid
279 1762 328 1818 liet
341 1761 376 1816 de
387 1755 535 1834 parvulis?
550 1758 679 1815 Nimium
694 1760 800 1834 quippe
813 1759 984 1818 incredibile
997 1768 1053 1829 est,
1067 1761 1168 1817 nullos
1180 1761 1229 1816 ian

196 1856 282 1904 natos
302 1854 331 1900 et
352 1843 480 1900 nondum
498 1841 661 1916 baptizatos
681 1844 889 1918 praeoccupari
903 1842 1143 1900 Christianorum
1162 1843 1229 1899 iilioa

195 1932 245 1986 illo
259 1939 389 2003 tempore
402 1925 546 1997 infantes,
571 1926 668 1981 nullos
689 1927 776 1982 etiam
790 1929 860 2001 ipsis
874 1928 955 1982 nasci
969 1927 1028 1982 iam
1041 1925 1164 1998 diebus3
1187 1939 1230 1982 ιιι

197 2015 223 2070 si
239 2021 335 2083 erunt,
355 2030 414 2068 non
433 2029 482 2066 eos
496 2009 695 2084 aparentibus
710 2011 772 2065 auis
786 2009 821 2066 ad
834 2012 983 2068 lavacrum
995 2012 1230 2088 regenerationis

196 2097 280 2154 modo
294 2113 468 2172 quocunque
480 2093 609 2168 perduci.
647 2093 730 2160 Quod
750 2095 776 2149 si
795 2093 860 2165 fiet,
888 2112 944 2169 quo
964 2104 1051 2168 paeto
1067 2095 1168 2150 soluto
1181 2095 1230 2150 ian

197 2181 311 2238 diabolo
324 2197 396 2236 vasa
409 2181 467 2234 ista
482 2179 661 2252 eripientur,
688 2178 720 2233 in
734 2179 816 2234 euius
830 2177 947 2234 domum
962 2196 1048 2235 nemo
1066 2178 1179 2250 intrat,
1204 2191 1230 2234 ut

196 2283 267 2322 vasa
281 2265 343 2318 eius
358 2263 480 2336 eripiat,
505 2262 564 2317 nisi
581 2262 663 2336 prius
682 2261 849 2337 alligaverit
868 2257 953 2318 euml
975 2259 1037 2317 lnro
1051 2279 1126 2318 vero
1141 2263 1173 2318 id
1184 2281 1230 2336 po·

196 2349 254 2404 tius
269 2343 521 2415 ostendendum,
544 2363 599 2400 nce
614 2345 665 2418 qui
679 2343 785 2400 cadant
798 2343 833 2400 de
845 2344 989 2416 Ecclesia,
1012 2363 1068 2400 nec
1086 2347 1141 2420 qui
1154 2364 1231 2402 aece-

198 2429 268 2486 dant
281 2427 435 2486 Ecclesiae
448 2429 499 2484 illo
517 2436 647 2502 tempore
665 2427 832 2485 defuturos:
858 2427 909 2486 sed
926 2427 1057 2504 profecto
1072 2438 1135 2485 tarn
1149 2429 1231 2487 fortes

198 2522 285 2569 erunt
299 2522 329 2568 et
340 2521 477 2587 parentes
491 2529 544 2586 pro
559 2511 743 2585 baptizandis
758 2513 887 2586 parvulis
902 2514 981 2584 suia,
1005 2521 1036 2569 et
1052 2505 1092 2568 hi'
1104 2515 1157 2588 qui
1170 2523 1232 2570 tunc

195 2597 330 2672 primitus
344 2596 486 2652 credituri
499 2605 580 2667 sunt,
595 2603 628 2652 ut
637 2596 721 2652 illum
734 2595 841 2652 fortem
849 2599 970 2654 vincant
982 2597 1072 2652 etiam
1086 2614 1149 2654 non
1163 2599 1232 2675 ligr·

197 2690 269 2752 tum,
283 2679 313 2736 id
327 2689 381 2750 ιιι,
396 2680 542 2749 omnibus,
557 2679 692 2754 qualibus
705 2688 792 2736 antea
806 2698 964 2756 nunquam,
977 2681 1026 2736 vel
1038 2679 1155 2736 artibus
1166 2682 1232 2736 insi·

197 2763 337 2834 dientem,
351 2765 399 2820 vel
413 2772 570 2840 urgentem
583 2762 707 2834 viribus,
731 2771 761 2818 et
774 2764 934 2842 vigilanter
946 2764 1132 2841 intelligant,
1148 2775 1179 2820 et
1193 2777 1232 2820 to-

197 2849 326 2904 leranter
339 2846 452 2917 ferant;
467 2864 502 2901 ac
513 2847 555 2900 sic
569 2847 612 2900 illi
625 2847 712 2902 etiam
727 2864 787 2902 non
801 2849 893 2924 ligato
907 2849 1080 2920 eripiantur.
1095 2845 1161 2904 Nec
1176 2847 1233 2903 ideo

197 2930 272 2985 falsa
286 2931 343 2984 erit
358 2927 539 3004 Euangeliou
553 2930 603 2983 illa
619 2931 780 2986 sententia:
797 2929 872 2999 Qua
885 2932 984 2987 intrat
997 2932 1028 2986 in
1042 2931 1159 2987 domurn
1165 2932 1232 3004 for·

197 3015 248 3080 ta,
261 3021 296 3067 ut
308 3027 384 3067 oasa
399 3013 462 3066 eiua
476 3013 600 3087 eripiat,
613 3014 770 3090 nisiprs'ua
783 3011 1104 3090 alligaveritforteml
1125 3011 1233 3071 Secun-

198 3094 265 3150 dum
279 3096 357 3149 enim
371 3094 536 3150 sententiae
550 3095 613 3150 eius
627 3097 798 3168 veritatem,
823 3096 893 3153 ordo
907 3097 963 3152 iste
976 3105 1186 3168 serratusest,
1207 3107 1234 3152 ut

198 3177 280 3252 prius
295 3178 466 3256 alligaretur
480 3177 582 3249 fortis,
606 3180 773 3255 ereptisque
788 3181 864 3238 rasis
879 3182 953 3250 eius,
972 3181 1062 3258 longe
1074 3181 1195 3256 lateque
1208 3183 1233 3235 in

199 3262 332 3320 omnibus
345 3261 485 3340 gentibus
504 3279 542 3318 ex
561 3260 653 3317 firmis
674 3273 704 3318 et
725 3263 850 3320 infirmis
865 3265 907 3320 ita
920 3264 1170 3336 multiplicaretur
1183 3261 1233 3322 Ec·

199 3348 305 3418 clesia‚
330 3357 364 3402 ut
378 3363 415 3402 ex
429 3347 492 3420 ipsa
506 3363 606 3401 rerum
619 3344 761 3402 divinitus
774 3346 989 3421 praedictarum
1001 3355 1032 3402 et
1051 3347 1234 3420 impletarum

200 3431 404 3488 robnsstisima
417 3428 485 3502 fide,
500 3431 588 3500 etiam
600 3430 697 3486 soluto
710 3448 780 3486 vasa
792 3433 886 3506 possit
898 3428 1022 3488 auferre.
1060 3427 1151 3487 Sicut
1165 3432 1235 3487 enin

128 3551 141 3565 .
200 3513 350 3572 latendum
364 3521 423 3583 ιιι,
450 3515 607 3572 multorum
621 3514 817 3592 refrigescere
837 3515 1003 3584 caritatem,
1029 3531 1098 3570 curn
1111 3513 1235 3572 abundat

199 3598 358 3672 iniquitas,
373 3605 402 3652 et
415 3597 567 3653 inusitatis
581 3599 774 3673 maximisque
786 3597 1039 3672 persecutionibus
1053 3605 1145 3672 atque
1159 3597 1234 3654 lalla-

201 3679 255 3734 ciia
268 3680 375 3735 diaboli
388 3681 447 3735 iam
460 3681 564 3750 soluti,
591 3698 641 3736 eos
662 3683 713 3756 qui
732 3683 762 3738 in
782 3681 855 3738 libro
873 3682 952 3738 vitae
964 3679 1069 3754 scripti
1082 3698 1147 3736 non
1161 3691 1236 3748 sunt,

201 3777 267 3814 esse
280 3763 387 3817 multos
402 3780 549 3820 cessuros:
563 3763 606 3818 ita
618 3763 807 3841 cogitandum
820 3758 876 3832 est,
890 3783 950 3820 non
960 3765 1054 3819 solum
1064 3781 1140 3838 quos
1150 3763 1237 3820 bonor

199 3837 302 3897 fideles
316 3843 386 3898 illud
400 3851 513 3918 tempus
527 3846 676 3917 inveniet,
700 3847 752 3904 aed
765 3849 922 3904 nonnullos
936 3848 1024 3904 etiam
1037 3848 1088 3922 qui
1102 3847 1178 3904 foris
1190 3845 1236 3902 ad·
