2586 4396
206 269 208 274 ,
256 211 319 270 DE
343 211 574 274 ClVlTATE
598 214 681 276 DEl
702 215 783 274 [ΑΒ.
805 219 859 278 Vl.
1030 223 1086 282 175

47 366 185 431 minibus,
200 366 226 420 si
240 363 277 420 de
290 367 369 421 omni
385 375 488 423 natura
503 366 621 426 deorum
635 369 785 426 scriberet.
817 371 905 436 Quasi
918 369 965 426 bic
980 372 1015 429 de
1029 376 1087 430 ali-

47 469 101 524 qua
114 448 246 519 scribat,
271 457 302 504 et
314 466 376 504 non
389 449 424 510 de
438 451 532 524 omni3
559 461 610 508 aut
622 470 691 508 vero
704 455 791 508 etiem
805 454 919 527 eliqua,
946 454 1015 511 licet
1027 474 1085 512 non

47 535 158 604 omnis,
185 530 309 602 deorum
322 541 427 588 nctrrra
441 551 499 590 non
511 535 591 608 prior
605 534 707 592 debect
720 553 800 606 esse,
820 553 906 611 quam
920 534 1085 594 bominuml

46 615 123 681 Quid
137 614 218 691 quod
231 616 263 669 in
276 615 335 670 illis
348 616 441 672 tribus
460 618 626 673 novissimis
648 617 749 689 libris,
777 617 845 674 deos
864 627 959 675 certos
987 628 1017 675 et
1042 621 1086 676 in·

46 707 142 754 certos
158 707 190 753 et
204 699 330 753 selectos
343 697 502 774 diligenter
529 696 694 774 explicam,
721 702 830 760 nullam
857 700 975 757 deorum
1002 711 1086 757 natu-

47 799 107 836 ram
119 781 360 854 praetermittere
374 777 509 836 videtur?
551 781 626 848 Quid
640 793 686 840 est
697 801 778 860 ergo,
793 781 871 860 quod
884 785 940 842 ait:
982 782 1036 855 „Si
1052 783 1088 839 de

47 865 148 933 „omni
163 871 273 920 natura
287 860 408 918 deorum
421 872 451 918 ιι
468 859 615 921 bominum
642 866 850 938 scriberemus,
876 868 959 941 prius
986 865 1087 923 divina

48 947 314 1016 „absolvissemus,
342 963 428 1019 quem
444 942 570 1003 bumana
596 945 834 1026 attigissemusl“
876 949 934 1005 Aut
959 951 1037 1005 enim
1051 949 1085 1005 de

47 1031 124 1084 omni
153 1037 262 1100 natura
281 1025 400 1084 deorum
418 1029 535 1100 scribit,
562 1039 613 1086 aut
638 1030 673 1087 de
693 1032 806 1107 aliqua,
829 1041 881 1088 aut
905 1033 1025 1090 omnino
1051 1031 1085 1087 dc

48 1114 138 1169 nulla.
184 1109 219 1168 si
234 1109 269 1166 de
283 1111 378 1182 omui3
407 1111 610 1186 praeponenda
635 1123 680 1170 est
704 1117 804 1189 utique
830 1115 916 1171 rebus
934 1113 1086 1172 humanis:

48 1198 72 1250 si
85 1195 120 1250 de
134 1195 251 1268 aliqua3
277 1210 330 1249 cur
343 1212 402 1249 non
417 1195 505 1251 etiam
519 1196 582 1269 ipsa
595 1214 643 1252 res
660 1197 816 1270 praecedat
841 1190 1000 1252 bumanasl
1042 1196 1086 1252 An

48 1277 171 1355 indigna
186 1286 233 1331 est
247 1275 389 1351 praeferri
402 1278 489 1332 etiam
515 1279 673 1335 nniversoe
697 1288 821 1335 naturae
847 1277 996 1334 bominum
1021 1295 1087 1350 pars

48 1364 145 1436 aliqua
159 1355 301 1416 deoruml
345 1359 467 1426 Quodsi
485 1361 610 1418 multum
631 1371 690 1433 ιιι,
716 1370 749 1417 ut
774 1363 871 1434 aliqua
896 1378 962 1435 pars
989 1358 1087 1416 divina

49 1451 247 1517 praeponatur
260 1443 407 1498 universis
420 1443 508 1500 rebus
520 1442 673 1517 humanis3
692 1446 795 1502 saltem
811 1443 838 1498 di
862 1462 900 1500 na
913 1451 958 1498 est
971 1443 1019 1498 vel
1030 1440 1087 1498 llo-

49 1528 151 1581 manis.
197 1522 307 1580 Rerum
334 1527 439 1600 quippe
459 1525 652 1584 humanarum
678 1527 782 1598 libros,
809 1461 1026 1601 reliquentem
1051 1524 1086 1582 ad

50 1608 147 1664 urbem
161 1617 324 1678 terrarum,
344 1609 394 1664 sed
408 1619 546 1684 quantum
561 1611 597 1667 ad
609 1611 700 1667 solam
714 1610 834 1668 Romam
847 1611 989 1684 pertinet,
1013 1610 1086 1665 scri-

51 1695 113 1766 psit.
160 1693 244 1758 Quos
261 1700 359 1746 tamen
377 1709 475 1750 rerum
501 1692 666 1750 divinarum
683 1695 766 1750 libris
790 1713 822 1749 se
839 1692 914 1750 dixit
939 1691 1086 1749 scribendi

51 1775 152 1830 ordine
167 1775 273 1829 merito
287 1774 477 1849 praetulisse;
503 1778 581 1832 sicut
593 1779 733 1852 pictorem
747 1777 860 1834 tabulae
873 1778 983 1851 pictae,
1010 1778 1087 1832 sicut

51 1857 164 1914 labrum
178 1855 326 1930 aedilici03
351 1860 534 1931 apertissime
546 1861 705 1931 confitens,
731 1858 808 1937 quod
834 1861 923 1916 etiam
947 1861 1022 1914 istae
1038 1875 1086 1912 res

51 1939 182 2010 divinae,
201 1941 281 1996 sicut
293 1941 423 2015 pictura,
437 1943 513 1998 sicut
525 1953 688 2015 structura,
706 1942 742 2000 ab
755 1942 919 2000 bominibus
932 1943 1085 1998 institutae

51 2027 113 2080 sint.
159 2023 269 2080 Restat
281 2033 315 2080 ut
329 2023 364 2080 de
378 2026 458 2081 nulla
471 2025 591 2083 deorum
606 2037 711 2084 natura
725 2023 879 2102 scripsisse
889 2024 1086 2100 intelligetur,

30 2097 32 2107 '
52 2126 141 2182 neque
154 2104 211 2163 boc
224 2115 325 2181 aperte
338 2105 435 2164 dicere
448 2110 591 2182 voluisse,
613 2109 664 2165 sed
677 2107 910 2185 intelligentibus
923 2107 1085 2181 reliquisse.

52 2190 101 2246 l'bi
113 2192 196 2246 enim
210 2188 332 2260 dieitur,
359 2209 420 2248 non
438 2194 547 2261 omnis,
572 2195 680 2250 usitate
699 2191 816 2268 quidem
833 2189 1009 2267 intelligitur
1032 2188 1087 2244 ali-

52 2292 118 2347 qua:
144 2272 199 2330 sed
210 2281 309 2348 potest
322 2275 450 2352 intelligi
464 2285 493 2331 ιι
506 2278 600 2334 nulla:
629 2278 769 2352 quoniam
783 2292 858 2350 quae
872 2273 1018 2342 nunaut,
1033 2287 1086 2325 nee

52 2359 159 2427 omnis,
186 2374 243 2412 nec
256 2356 354 2430 aliqua
368 2367 422 2420 est.
464 2357 538 2416 Nam
552 2369 585 2416 ut
596 2362 657 2434 ipse
677 2359 763 2430 dicit,
790 2360 817 2414 si
830 2358 925 2414 omnis
943 2363 1021 2410 esset
1034 2369 1086 2408 na-

53 2451 116 2497 tura
128 2438 251 2496 deorum
267 2438 303 2494 de
316 2457 373 2514 qua
386 2442 541 2513 scriberet,
564 2443 710 2500 scribendi
727 2441 830 2498 ordine
850 2439 936 2495 rebus
953 2433 1087 2492 humenis

53 2521 256 2598 praeponenda
276 2519 366 2579 esset:
393 2532 427 2579 ιιι
451 2535 550 2581 eutem
571 2536 601 2581 et
619 2527 681 2598 ipso
701 2531 817 2580 tacente
834 2521 943 2577 veritae
969 2518 1086 2583 clamet,

53 2603 258 2680 praeponenda
273 2614 349 2662 esset
373 2615 451 2662 certe
473 2607 562 2663 rebus
576 2601 733 2674 Romanis,
760 2603 873 2659 etiamsi
895 2615 955 2656 non
982 2597 1087 2663 omnis,

53 2689 103 2743 sed
116 2690 218 2746 saltem
231 2688 331 2762 aliqua
350 2699 440 2746 esset:
468 2696 548 2745 recte
575 2697 671 2746 autem
689 2685 886 2760 postponitur3
911 2697 982 2758 ergo
1009 2679 1088 2735 nulla

55 2782 111 2826 est,
153 2770 218 2827 Non
236 2772 337 2845 itaque
354 2771 440 2828 rebus
457 2771 566 2828 divinis
579 2764 732 2828 'anteferre
750 2768 845 2844 voluit
868 2781 916 2820 res
935 2760 1086 2830 humanos,

56 2852 106 2907 sed
119 2853 203 2910 rebus
215 2855 295 2910 veris
313 2855 408 2910 noluit
428 2854 575 2910 anteferre
592 2871 640 2910 res
658 2853 758 2909 falsas.
803 2848 836 2905 ln
854 2847 899 2904 bis
917 2847 995 2904 euim
1013 2861 1087 2918 quae

55 2938 170 3010 scripsit
184 2935 321 2992 derebus
334 2935 483 3009 humanis,
510 2945 625 2994 secutus
640 2946 685 2992 est
696 2934 848 2992 historiam
866 2948 962 2988 rerum
990 2937 1087 3006 gesta-

54 3036 129 3076 rum:
156 3028 344 3094 quaeautem
363 3018 471 3090 debis,
498 3037 569 3094 quas
595 3019 709 3076 divina
718 3027 820 3087 vocat,
846 3013 916 3090 quid
942 3015 1000 3070 nisi
1024 3015 1087 3086 opi-

55 3105 157 3158 niones
180 3119 277 3158 rerum
302 3099 459 3158 vanaruml
496 3101 561 3158 Hoc
574 3111 618 3158 est
631 3103 781 3172 nimirum,
795 3097 871 3175 quod
882 3097 978 3155 voluit
990 3095 1089 3151 subtili

55 3185 273 3262 significatione
284 3193 462 3256 monstrare3
490 3201 548 3241 non
566 3187 658 3242 solum
676 3185 806 3241 scribens
825 3181 861 3237 de
879 3177 926 3235 bis
944 3179 1088 3253 posterius

56 3286 139 3340 quam
164 3266 200 3322 de
226 3269 302 3337 illis,
328 3267 379 3322 scd
405 3268 493 3322 etiam
518 3268 661 3324 rationem
687 3266 810 3322 reddens
837 3281 888 3318 our
915 3261 945 3316 id
975 3260 1087 3316 fecerit.

55 3351 143 3415 Quam
159 3351 184 3403 si
200 3350 360 3418 tacuisset,
386 3350 472 3404 aliter
484 3347 539 3406 boc
552 3349 659 3406 lactum
673 3351 736 3404 eius
750 3349 785 3404 ab
798 3347 865 3401 aliis
886 3344 1011 3400 fortasse
1037 3339 1087 3395 de-

55 3431 233 3488 fenderetur.
277 3427 312 3487 ln
325 3447 441 3486 cavero
454 3432 518 3503 ipra
534 3433 649 3488 ratione
668 3449 753 3505 qnam
775 3426 917 3495 reddidit,
942 3441 997 3480 nec
1022 3423 1088 3477 aliis

54 3516 206 3588 quicquam
218 3514 338 3587 reliquit
350 3529 403 3589 pro
417 3511 538 3568 arbitrio
553 3515 710 3588 suspicari,
736 3520 765 3567 et
777 3511 848 3566 satis
861 3505 1009 3582 probarit,
1037 3501 1088 3557 bo-

53 3599 142 3652 mines
157 3615 189 3653 se
199 3597 408 3671 praeposuisse
420 3596 563 3651 institutis
578 3593 740 3662 bominum,
768 3609 829 3648 nou
849 3598 983 3646 naturam
995 3583 1088 3640 homi-

53 3698 118 3735 num
132 3689 257 3736 naturae
271 3677 401 3734 deornm.
445 3673 490 3732 lto
503 3675 640 3732 sedibros
654 3693 750 3732 rerum
765 3675 944 3741 divinarum,
970 3685 1029 3724 non
1055 3666 1089 3722 de

56 3765 173 3820 veritate
188 3780 266 3838 quoe
278 3760 409 3835 pertinet
420 3759 457 3816 ed
470 3768 618 3828 naturam,
641 3757 692 3814 sed
717 3756 752 3811 de
779 3756 906 3811 salsitate
933 3769 1006 3826 quae
1024 3768 1090 3824 per·

56 3847 127 3902 tinet
139 3847 177 3904 ml
192 3863 341 3912 errorem,
356 3843 507 3914 scripsisse
522 3841 671 3898 confessus
685 3847 739 3895 est.
783 3834 866 3901 Quod
879 3835 1007 3906 apertius
1021 3831 1090 3887 olibi
