2590 4396
239 187 296 244 raa
460 173 558 242 ιιιιι
577 177 765 244 ιιιιιιιι
786 175 1036 236 ιιιιιιιιιι

151 361 153 365 ·
236 345 332 396 autem
344 335 409 396 idco
421 333 628 413 praenuntiant
638 329 847 410 aegritudines,
865 348 924 386 non
937 329 1068 404 inspecto
1083 335 1245 405 conceptio-

236 424 282 478 nis
294 419 465 496 horoscopo,
477 418 545 494 quia
555 416 685 474 indicant
698 432 747 472 eas
759 422 905 472 momenta
915 413 1113 486 nascentium3
1131 433 1247 490 quomo-

229 504 272 562 ·do
282 504 413 563 dicerent
419 502 536 560 cuilibet
542 518 640 557 corum
646 499 828 578 geminorum
834 516 872 554 ex
877 497 1039 555 nativitatis
1046 494 1127 570 bora,
1137 499 1248 573 quando

235 597 437 668 aegrotaturus
448 593 535 654 essct,
548 601 612 640 eum
623 593 652 639 et
664 584 737 640 alter
749 583 799 658 qui
811 601 870 638 non
884 579 1007 638 babebat
1020 579 1139 638 eandem
1149 579 1249 638 boram

235 672 410 742 nativitatis,
424 685 545 726 neccsse
557 664 677 724 haberet
688 667 797 742 pariter
809 659 979 744 aegrotaret
1005 662 1119 721 Deinde
1132 683 1248 740 quaero,

234 758 260 814 si
272 764 355 814 tanta
367 752 505 828 distantia
518 760 563 806 ιιι
574 752 710 826 temporis
723 751 755 806 in
768 751 920 806 nativitate
933 749 1128 826 geminorum,
1153 757 1184 805 ut
1196 768 1250 823 per

233 837 307 896 hanc
321 844 454 912 oporteat
466 836 507 892 eis
522 835 756 892 constellationes
769 832 834 896 fieri
853 832 1000 903 diverses,
1024 840 1142 907 propter
1155 831 1249 888 diver-

234 940 297 978 sum
309 919 510 993 horoscopum,
525 927 554 974 et
567 918 601 974 cb
614 915 669 975 hoc
683 917 813 974 diversos
828 935 927 974 omnes
941 915 1089 987 cardines,
1111 916 1160 972 ubi
1171 923 1252 972 tanta

232 1005 277 1060 ris
290 1005 419 1078 punitur,
437 1001 548 1060 uthina
562 1003 648 1058 etiarn
661 1001 776 1058 diversa
788 1001 849 1056 sint
860 999 936 1072 fata3
961 999 1038 1056 unde
1049 998 1106 1056 hoc
1121 999 1251 1056 accidere

232 1088 336 1162 potuit,
351 1105 415 1143 cum
429 1105 528 1142 eorum
542 1095 698 1161 conceptus
712 1084 858 1142 diversum
870 1092 981 1158 tempus
994 1081 1101 1142 habere
1113 1102 1172 1140 non
1183 1101 1251 1158 pos-

233 1166 290 1227 siti
310 1171 369 1228 Aut
382 1172 408 1226 si
421 1169 542 1228 duorum
554 1188 613 1228 uno
625 1178 769 1226 momento
783 1168 920 1244 temporis
933 1175 1137 1241 conceptorum
1150 1175 1251 1242 potue-

232 1263 302 1310 runt
314 1273 378 1312 esse
390 1253 427 1310 ad
439 1252 616 1310 nascendum
629 1253 690 1310 fata
702 1251 844 1327 disparia,
871 1269 924 1308 cur
940 1269 999 1306 non
1018 1259 1048 1308 et
1061 1249 1181 1308 duorum
1192 1269 1251 1306 uno
1282 1268 1283 1312 ι

232 1347 378 1396 momento
404 1325 542 1412 temporis
568 1347 703 1394 natorum
727 1337 841 1412 possint
860 1353 924 1392 esse
943 1332 979 1390 ad
997 1333 1154 1392 vivendum
1166 1342 1251 1409 atquo

232 1421 415 1478 moriendum
428 1422 487 1478 fata
501 1417 645 1497 disparial
671 1419 746 1477 Nam
759 1421 786 1478 si
798 1438 888 1478 unum
899 1427 1088 1490 momentum,
1101 1435 1157 1493 quo
1170 1418 1252 1476 ambo

232 1506 365 1579 concepti
378 1513 457 1576 sunt,
471 1523 530 1562 non
543 1503 702 1578 impedivit,
715 1512 748 1559 ut
759 1507 833 1560 alter
846 1504 937 1578 prior,
959 1504 1032 1560 alter
1044 1502 1186 1576 posterior
1198 1521 1252 1558 na-

232 1596 375 1659 sceretur3
388 1606 450 1658 cur,
463 1605 522 1644 uno
535 1595 681 1644 momento
695 1588 720 1642 si
733 1585 789 1644 duo
802 1595 972 1658 nascuntur,
986 1585 1123 1660 impediat
1134 1585 1252 1660 aliquid,

232 1679 266 1727 ut
278 1672 352 1726 alter
363 1671 458 1744 prior,
477 1670 553 1726 alter
565 1671 709 1744 posterior
721 1665 879 1726 moriatur?
904 1667 938 1726 Si
951 1671 1102 1744 conceptio
1115 1671 1252 1726 momenti

232 1755 317 1810 unius
331 1754 460 1810 diversos
474 1771 559 1810 casus
572 1755 604 1808 in
615 1764 699 1810 utero
708 1755 840 1831 geminos
853 1751 958 1810 habere
968 1754 1124 1827 permittit;
1137 1771 1185 1808 cur
1198 1771 1252 1808 na-

231 1839 331 1894 tivitas
344 1838 483 1894 momenti
494 1837 580 1894 unius
594 1855 654 1894 non
669 1838 755 1894 etiarn
774 1837 917 1913 quoslibet
936 1835 1008 1892 duos
1021 1837 1053 1892 in
1066 1845 1144 1893 terra
1156 1835 1252 1892 diver-

232 1938 279 1976 sos
293 1938 376 1976 casus
389 1919 494 1976 habere
507 1921 671 1995 permittat,
697 1939 731 1978 ac
746 1921 789 1978 sic
802 1922 899 1978 omnia
915 1918 999 1976 huius
1012 1922 1084 1978 artis
1097 1922 1144 1976 rel
1155 1922 1252 1994 potius

230 2004 369 2060 vanitatis
382 2012 542 2060 commenta
554 2000 712 2086 tollantur}
739 2004 814 2071 Quid
831 2012 876 2060 est
887 2002 940 2061 boc
954 2004 1029 2078 quod
1042 2023 1100 2060 uno
1114 2011 1254 2077 tempore,

230 2107 289 2144 uno
302 2097 465 2158 momento,
492 2087 543 2143 sub
563 2106 622 2143 una
641 2087 797 2163 eademque
816 2089 889 2144 coeli
906 2089 1050 2162 positione
1063 2087 1192 2162 concepti
1207 2086 1253 2141 di-

231 2189 317 2227 versa
328 2168 436 2228 habeut
447 2171 518 2242 iata,
542 2189 615 2246 quae
628 2172 694 2249 illos
706 2171 866 2246 perducant
877 2171 914 2228 ad
927 2164 1106 2230 diversarum
1119 2169 1256 2227 horarum

232 2254 425 2326 nativitatem,
449 2263 479 2310 et
490 2272 548 2310 uno
563 2263 708 2312 memento
722 2257 858 2330 temporis
875 2254 926 2310 sub
939 2273 998 2312 una
1011 2255 1167 2330 eademque
1180 2249 1257 2311 coeli

230 2337 376 2412 positione
390 2336 425 2392 dc
439 2337 546 2394 duabus
559 2339 700 2395 matribus
715 2337 770 2395 duo
784 2340 893 2414 pariter
905 2339 980 2411 nati,
1002 2339 1115 2396 diversa
1128 2337 1188 2393 fata
1202 2335 1256 2392 ha-

230 2421 300 2478 bere
313 2438 373 2476 non
386 2429 518 2496 possunt,
541 2438 613 2496 quac
626 2423 691 2478 illos
702 2421 860 2500 perducant
872 2420 908 2478 od
921 2421 1061 2478 diversam
1075 2420 1194 2476 vivendi
1207 2423 1258 2477 vel

231 2503 374 2562 moriendi
386 2501 607 2562 necessitatem?
631 2505 677 2562 An
690 2507 825 2582 concepti
837 2505 966 2563 nondum
977 2505 1081 2562 babent
1093 2504 1164 2576 iota,
1179 2522 1258 2578 quac

231 2590 289 2646 nisi
302 2598 472 2664 nascautur,
496 2587 603 2646 habere
615 2609 676 2646 non
689 2585 863 2666 potuerunt?
890 2589 965 2657 Quid
977 2597 1020 2644 est
1033 2606 1102 2665 ergo
1117 2585 1194 2662 quod
1209 2588 1259 2643 di-

232 2681 311 2743 cunt,
325 2673 350 2728 si
363 2671 434 2730 hora
449 2673 675 2748 conceptionalis
689 2675 866 2745 inveniatur,
885 2670 1020 2730 multaab
1034 2672 1098 2728 istis
1112 2669 1170 2726 dici
1183 2688 1258 2744 pos-

231 2775 261 2812 ιι
275 2751 400 2812 divinisl
423 2754 506 2810 Vnde
520 2757 606 2810 etiam
619 2755 718 2812 illudo
732 2759 880 2814 nonnullis
893 2755 1085 2832 praedicatur,
1100 2753 1176 2830 quod
1189 2758 1258 2830 qui-

194 2828 198 2846 ’
231 2838 296 2894 dam
310 2839 425 2911 sapiens
440 2835 541 2894 boram
554 2839 658 2916 elegit,
684 2857 739 2914 qua
753 2858 817 2896 cum
829 2859 920 2898 uxore
933 2839 1151 2910 concumberet,
1176 2838 1259 2894 unde

230 2922 322 2976 filium
334 2919 495 2976 mirabilem
507 2922 652 2998 gigneret.
679 2919 760 2979 Vnde
774 2929 917 3000 postremis
932 2931 961 2977 ιι
973 2921 1027 2977 hoc
1041 2931 1101 2994 cst,
1128 2921 1204 2998 quod
1219 2923 1260 2978 de

230 3006 288 3060 illis
301 3004 411 3078 pariter
423 3004 639 3082 aegrotantibus
657 3008 781 3084 geminis
793 3005 979 3064 Possidonius
992 3024 1115 3086 magnus
1129 3009 1259 3062 astrolo-

229 3105 284 3166 gus
299 3085 430 3162 idemque
443 3085 627 3164 philosophus
646 3090 855 3165 respondebat,
881 3089 946 3146 ideo
961 3089 1042 3160 fieri,
1062 3089 1139 3166 quod
1152 3089 1260 3147 eodem

229 3180 359 3244 tempore
374 3169 498 3228 fuissent
510 3173 581 3244 nati,
595 3169 753 3250 eodemque
768 3175 909 3248 concepti,
937 3173 1012 3230 Nam
1024 3175 1123 3250 utique
1135 3184 1260 3250 propter

229 3253 285 3310 boc
298 3253 421 3311 addebat
433 3257 662 3330 conceptionem,
675 3276 713 3312 ne
726 3258 872 3313 diceretur
886 3259 914 3312 ei
927 3275 986 3314 non
1000 3256 1036 3312 ad
1049 3257 1191 3332 liquidum
1205 3277 1260 3314 eo-

230 3338 294 3394 dem
304 3346 433 3413 tempore
443 3341 571 3414 potuisse
585 3343 676 3411 nasci,
690 3357 760 3415 quos
775 3341 925 3398 constabat
935 3342 1053 3398 omnino
1067 3341 1169 3398 eodem
1180 3351 1260 3398 tem-

228 3441 298 3496 pore
311 3421 402 3478 fuisse
417 3431 589 3498 conceptos3
615 3432 648 3478 ut
659 3422 713 3478 hoc
727 3422 802 3506 quod
815 3425 948 3480 slmiliter
962 3426 1103 3500 simrdque
1116 3435 1260 3504 aegrota-

227 3505 313 3577 bant,
334 3525 394 3563 non
408 3507 491 3563 daret
504 3504 540 3560 de
551 3507 684 3579 proximo
704 3507 768 3579 pari
785 3509 914 3582 corporis
934 3516 1180 3584 temperamento,
1206 3511 1261 3564 sed

229 3589 350 3646 eandem
363 3607 476 3666 quoque
489 3583 661 3644 valetudinis
679 3590 852 3662 parilitatem
869 3589 993 3648 sidereis
1011 3591 1133 3648 nexibus
1147 3594 1260 3670 alliga-

225 3681 280 3728 ret.
295 3671 329 3729 Si
341 3673 432 3750 igitur
444 3673 476 3727 in
490 3678 629 3744 conceptu
641 3679 722 3727 tanta
734 3673 778 3729 vis
792 3682 837 3730 est
850 3673 885 3730 ad
898 3677 1101 3751 aequalitatem
1115 3676 1261 3746 fatorum,

226 3771 286 3812 non
301 3754 461 3812 debuerunt
479 3751 623 3810 nascendo
643 3754 742 3810 eadem
759 3755 819 3812 fata
836 3761 950 3816 mutari.
981 3759 1039 3816 Aut
1057 3760 1082 3814 si
1098 3769 1262 3834 propterea

227 3844 373 3894 mutantur
386 3837 445 3894 fato
458 3837 653 3916 geminorum,
673 3839 742 3913 quia
753 3841 929 3914 temporibus
942 3843 1064 3900 dirersis
1078 3853 1260 3912 nascuntur,
