2590 4396
250 201 311 262 DE
335 195 555 258 CIVITATE
578 197 657 254 DEI
686 197 768 256 LIB.
789 199 851 257 111.
1039 205 1080 262 ‘lb

44 366 121 432 licet,
149 361 226 434 quia
240 353 383 412 Romanis
396 349 488 406 multa
502 365 586 406 sacre
599 351 764 406 constituit.
808 349 854 406 llli
875 369 945 408 vero
968 349 1081 410 bomini

42 452 192 522 protento
208 441 272 497 otiu
296 433 507 514 gratulandum
529 433 602 505 fuit,
629 433 756 489 simodo
770 434 800 488 id
813 435 901 490 rebus
915 435 1079 498 salubribus

41 532 142 585 scisset
168 520 362 598 impendere,
398 526 428 572 ct
452 517 703 592 perniciosissima
728 513 903 572 curiositate
928 518 1079 594 neglecto,

40 612 131 670 Deum
148 626 257 664 verum
269 619 341 660 vcra
354 602 465 675 pictate
486 601 666 674 perquirere.
710 599 797 656 Nunc
810 609 910 656 autem
922 617 984 656 non
998 602 1026 655 ei
1040 599 1081 656 dii

40 695 235 752 contuleruut
248 685 322 742 illud
336 685 445 740 otium:
474 682 526 739 sed
539 701 605 738 eum
617 683 715 738 minus
730 683 858 739 sortasse
884 682 1081 758 decepissent,

40 782 63 834 si
82 777 219 834 otiosum
242 771 365 826 minime
378 768 569 842 reperissent.
613 766 731 832 Quanto
746 768 824 822 cuim
836 768 935 822 minus
949 785 1016 822 eum
1030 783 1081 820 oc-

41 869 177 936 cupatum
204 859 406 922 invenerunt,
433 859 516 906 tento
541 851 636 927 magis
662 851 719 924 ipsi
734 858 962 924 occupaverunt.
1005 847 1082 906 Nam

41 943 105 1019 quid
117 945 173 998 ille
194 939 318 996 molitus
333 936 389 1003 sit,
416 943 447 989 et
460 933 565 1008 quibus
579 933 691 990 artibus
705 932 775 989 deos
789 935 862 988 tales
878 933 950 1004 sibi,
976 933 1025 988 rel
1037 933 1081 986 illi

42 1028 150 1084 civitati
178 1022 358 1080 consociare
383 1019 531 1092 potnerit,
557 1015 651 1071 Varro
676 1015 788 1090 prodit:
814 1016 894 1091 quod
912 1017 939 1072 si
951 1013 1080 1072 Domino

42 1110 199 1186 placuerit,
227 1123 284 1160 suo
299 1102 475 1177 diligentius
490 1098 746 1156 disserctnrloco:
772 1099 859 1156 ruodo
886 1109 985 1156 autem
1011 1100 1081 1173 quia

43 1195 73 1250 de
85 1189 245 1249 benediciis
259 1203 365 1241 eorum
379 1184 513 1258 quaestio
527 1191 587 1254 cst,
606 1200 748 1259 magnum
760 1181 938 1238 beneficium
950 1190 996 1236 cst
1008 1194 1081 1254 pax;

43 1277 90 1332 scd
102 1275 163 1331 Dei
177 1272 246 1330 reri
258 1266 439 1326 beneficium
453 1275 513 1337 est,
532 1267 706 1339 plerumque
720 1267 808 1322 etiam
821 1265 900 1320 sicut
918 1263 979 1334 sol,
1006 1263 1084 1318 sicut

44 1361 140 1435 pluria
151 1357 297 1428 vitaeque
310 1351 370 1407 alia
384 1348 530 1420 subsidia,
551 1365 640 1420 snper
652 1349 789 1424 ingratos
804 1355 833 1401 et
845 1362 982 1420 nequam.
1025 1342 1084 1400 Sed

45 1446 71 1498 si
80 1442 137 1498 boc
147 1450 210 1496 tam
233 1453 379 1514 magnum
390 1433 501 1488 bonum
515 1430 557 1486 dii
577 1431 622 1484 illi
634 1427 746 1486 Rornae
759 1429 807 1486 vel
818 1427 962 1503 Pompilio
978 1431 1083 1484 contu-

46 1529 161 1594 lerunt,
187 1539 240 1579 cur
266 1519 393 1592 imperio
407 1513 541 1571 Romano
554 1531 607 1588 per
624 1514 689 1588 ipsa
703 1521 834 1588 tempore
847 1510 1040 1568 laudabiliora
1055 1507 1083 1568 id

47 1625 195 1682 nunquam
205 1613 312 1680 posteo
324 1593 562 1676 praestiteruntl
604 1596 650 1654 An
663 1597 785 1654 utiliora
797 1603 885 1652 crant
898 1612 998 1666 sacra,
1017 1611 1083 1654 cum

47 1693 293 1758 instituerentur,
308 1702 397 1760 quam
410 1700 479 1740 cum
491 1682 630 1738 instituta
642 1674 886 1736 celebrarentur?
907 1678 999 1753 Atqui
1011 1686 1083 1732 tunc

47 1774 176 1832 nondum
201 1778 307 1839 erent,
332 1767 386 1823 sed
411 1774 446 1821 ut
471 1773 572 1821 essent
597 1761 792 1821 addebantur:
819 1771 923 1838 postca
940 1778 1013 1818 rere
1027 1761 1084 1816 iam

47 1867 142 1928 crant,
169 1873 249 1930 quoe
275 1860 311 1908 ut
335 1849 513 1925 prodessent
539 1847 791 1904 custodiebantur.
835 1843 914 1912 Quid
935 1862 1007 1920 ergo
1029 1850 1083 1906 est,

47 1941 120 2018 quod
133 1940 181 1996 illi
191 1935 393 2012 quadraginta
404 1941 484 2003 tres,
510 1933 575 2003 vel,
598 1938 632 1986 ut
644 1930 696 1986 alii
709 1931 828 2001 volunt,
841 1929 966 2005 triginta
980 1943 1084 1982 novem

46 2027 114 2081 anni
125 2026 160 2080 in
175 2030 237 2078 tam
250 2023 342 2095 longa
354 2035 428 2092 pace
450 2015 595 2071 maneti
608 2022 679 2070 sunt
691 2021 837 2091 regnante
850 2009 963 2081 Numa,
990 2016 1020 2063 ct
1032 2025 1085 2081 po·

46 2119 106 2166 stea
118 2107 218 2162 sacris
232 2102 399 2172 institutis,
427 2099 543 2173 diisque
551 2098 646 2172 ipsis,
672 2097 724 2171 qui
738 2093 849 2151 eisdem
862 2093 954 2148 saeris
969 2090 1088 2146 fuerant

46 2191 180 2260 invitati,
207 2188 268 2242 iam
280 2183 468 2259 praesidibus
490 2189 579 2256 atque
599 2179 767 2250 tutoribus,
794 2179 848 2234 rix
859 2183 928 2250 post
940 2182 999 2230 tarn
1011 2172 1087 2228 mul·

46 2285 90 2331 tos
102 2290 201 2331 annos
215 2271 252 2326 ab
265 2268 344 2324 Vrbe
358 2265 478 2322 condito
491 2282 586 2340 usque
599 2263 637 2320 ad
645 2263 815 2341 Augustum
825 2277 904 2316 unus
914 2275 967 2332 prc
978 2272 1086 2332 magno

47 2359 189 2414 miraculo
205 2359 455 2410 commemoratur
469 2365 565 2404 annus
590 2355 659 2422 post
669 2347 798 2422 primum
809 2345 918 2402 bellum
930 2339 1087 2404 Punicum,

47 2459 102 2516 qno
114 2440 189 2498 belli
201 2445 304 2512 portas
318 2433 447 2490 Romani
461 2429 598 2488 claudere
610 2423 796 2506 potueruntl

467 2579 590 2638 CAP.
633 2576 676 2632 X.

44 2705 89 2758 Αιι
101 2672 251 2770 optandum
266 2696 377 2770 fuerit,
396 2695 468 2763 quod
477 2700 558 2745 tantu
579 2690 708 2740 bellorum
727 2685 803 2738 rabie
813 2684 997 2736 Romanorum
1012 2697 1093 2751 auge-

42 2783 129 2826 retur
140 2769 297 2836 inparium,
316 2781 377 2818 eum
387 2781 417 2818 co
427 2762 578 2830 studioque
589 2758 636 2811 sub
646 2755 734 2809 Numa
745 2764 855 2808 auctum
865 2761 915 2816 cst,
936 2760 963 2804 et
972 2749 1092 2820 quietum

388 2849 443 2886 esse
459 2831 594 2901 potuisset
614 2837 642 2880 et
661 2832 759 2878 tutum.

109 2949 160 3005 An
174 2943 372 3019 respondent,
394 2939 545 3016 quodnisi
559 2934 686 2993 assiduis
701 2931 816 3007 sibique
831 2931 973 2987 contiuuo
988 2947 1092 2984 succe-

44 3032 190 3089 dentibus
204 3029 289 3084 bcllls
299 3025 466 3086 Romanurn
476 3021 630 3096 imperium
643 3027 703 3074 tam
715 3019 804 3094 longe
817 3017 934 3089 lateque
948 3031 1009 3069 non
1022 3029 1091 3086 pos-

44 3127 91 3173 set
104 3113 235 3191 augeri,
261 3119 364 3165 ettam
378 3105 484 3185 grandi
498 3106 594 3182 gloria
611 3097 777 3158 diffamari?
813 3097 922 3155 Idonea
936 3113 1006 3154 vero
1021 3113 1091 3150 cau-

44 3219 94 3256 so:
122 3206 162 3253 ut
175 3211 318 3270 magnum
332 3197 412 3247 essm
424 3189 594 3262 imperium,
620 3203 753 3244 curasse
767 3183 887 3238 deberet
905 3171 1091 3254 inquietuml

46 3283 159 3339 Nonne
184 3280 219 3333 in
246 3275 420 3350 corporibus
441 3270 593 3327 hominum
615 3270 708 3325 satim
723 3264 926 3322 estmodicam
949 3271 1094 3318 staturam

47 3385 113 3422 curu
127 3363 263 3420 sanitate
275 3357 399 3428 habere,
428 3353 564 3430 quemad
580 3354 688 3410 molem
701 3352 829 3425 aliqunm
843 3349 1014 3426 giganteam
1026 3359 1093 3415 per-

45 3450 144 3523 petuis
161 3431 564 3514 afflictionibuspervcnirei
590 3455 645 3491 nec
672 3452 739 3490 eum
763 3432 951 3506 perveneris,
975 3423 1093 3497 requic-

46 3547 150 3605 scere3
172 3527 228 3585 sed
241 3533 355 3602 quanto
370 3519 579 3598 grandioribus
592 3518 746 3587 membris,
759 3523 843 3570 tanto
857 3508 1017 3570 maioribus
1030 3505 1094 3579 agi-

45 3618 103 3670 tari
127 3607 245 3670 malici
291 3605 371 3674 Quid
384 3613 484 3660 autem
497 3603 567 3658 muli
581 3609 675 3670 esset,
702 3616 737 3653 ac
751 3615 812 3653 non
825 3596 924 3669 potius
938 3588 1096 3663 plurimum

46 3699 135 3770 boni,
167 3698 194 3752 si
209 3712 245 3750 en
259 3701 394 3763 tempora
407 3685 618 3760 perdurarent,
637 3699 712 3757 quae
725 3677 902 3753 perstrinxit
916 3663 1096 3728 Sallustiusl

48 3782 95 3838 ubi
109 3784 170 3838 ait:
200 3777 332 3856 „Igitur
351 3771 438 3826 initio
456 3786 544 3846 reges
572 3761 653 3840 (nam
666 3765 699 3818 in
713 3763 801 3816 terris
815 3773 923 3814 nomen
937 3753 1052 3828 imperii
1067 3749 1096 3805 id

52 3868 206 3942 „primum
220 3851 319 3938 fuit),
346 3853 471 3926 diversi3
497 3868 564 3927 pars
590 3846 760 3924 ingenium,
788 3843 839 3896 alii
853 3855 958 3912 corpus
974 3853 1090 3890 exerce·
