2602 4416
208 236 248 294 ec
436 227 532 286 o1V1
554 183 743 284 ιιιιιιιιι
764 223 1017 283 ιιιιιιιιιιι

212 381 408 460 implebantur
421 379 524 437 efficia.
569 376 723 434 sciebatur
735 375 877 452 virginali
889 379 1003 434 numini
1017 378 1087 452 quid
1103 380 1247 452 placeret,

212 475 242 522 et
256 463 449 522 exhibebatur
463 462 540 538 quod
553 461 588 516 dc
601 459 708 532 templo
722 458 839 515 domum
850 468 985 517 matrona
1006 460 1119 518 doctior
1140 479 1247 536 repor-

208 557 296 606 taret.
338 546 504 605 Nonnullae
531 540 737 616 prudentiores
763 542 935 598 avertebant
955 543 1061 600 faeiem
1073 545 1107 599 ab
1120 545 1247 618 impuris

209 631 337 688 motibus
351 631 550 695 scenicorum,
570 632 600 678 et
614 631 707 678 artem
719 622 827 701 flagitii
843 624 954 681 furtiva
967 626 1134 682 intentione
1148 625 1248 682 disce-

210 717 291 771 bant.
334 709 508 768 Hominibus
522 723 649 781 namque
660 707 951 778 verecundabantur,
979 727 1017 763 nc
1031 708 1175 765 auderent
1187 710 1247 764 im-

210 797 332 872 pudicos
346 801 449 870 gestus
464 807 515 846 ore
528 790 621 846 libero
636 807 771 846 cernere:
797 791 849 846 sed
870 792 963 847 multo
987 792 1083 846 ιιιίιιιιι
1098 791 1248 847 audebant

211 878 387 944 secrecius,
415 891 501 948 quana
512 873 746 945 venerabantur,
774 881 855 930 casto
877 873 964 933 corde
988 873 1135 932 damnare.
1178 872 1248 930 Hoc

210 971 308 1016 tamen
320 959 415 1032 palam
426 955 597 1012 discendum
609 955 802 1030 praebebatur
815 957 847 1012 in
861 958 985 1030 temple,
1000 956 1036 1016 ad
1050 957 1127 1031 quod
1139 975 1249 1031 perpe-

209 1039 346 1096 trandum
356 1041 460 1096 saltem
470 1048 617 1096 secretum
626 1041 821 1113 quaerebatur
830 1041 863 1096 in
874 1040 972 1096 doure:
986 1041 1112 1098 maante
1122 1041 1250 1096 niarium

208 1125 245 1190 (si
257 1123 336 1178 ullus
350 1121 391 1178 ibi
405 1117 479 1198 erat)
492 1120 603 1197 pudore
616 1123 799 1193 mortalium,
826 1121 904 1195 quod
916 1119 1043 1180 hunmna
1056 1120 1171 1199 flagitia
1184 1141 1250 1178 non

209 1205 301 1262 libere
325 1201 459 1262 homines
486 1206 718 1276 committerent,
745 1223 818 1279 quae
832 1204 908 1278 apud
921 1203 990 1262 deos
1004 1205 1092 1262 etiam
1105 1207 1251 1282 religiose

210 1287 374 1359 discerent,
401 1289 493 1344 iratos
506 1285 650 1358 habituri,
678 1288 835 1346 uisietiam
849 1285 986 1344 exhibere
999 1296 1145 1344 curarent.
1172 1289 1255 1371 Quis

210 1373 290 1427 enim
303 1371 378 1428 alius
393 1371 515 1446 spiritus
527 1373 643 1430 occulto
657 1371 802 1426 instinctu
812 1371 1005 1443 nequissimas
1016 1371 1110 1446 agitat
1119 1379 1253 1440 mentes,

210 1464 241 1510 et
253 1455 347 1510 instat
359 1453 503 1510 faciendis
517 1454 687 1524 adulteriis,
712 1455 884 1526 etpascitur
897 1451 1001 1521 factis,
1021 1453 1079 1514 nisi
1093 1453 1143 1526 qui
1156 1453 1253 1508 ctiam

211 1537 303 1591 sacris
317 1536 424 1592 talibus
439 1537 621 1606 oblectatur,
637 1537 821 1592 constituens
836 1537 868 1592 in
879 1535 994 1609 templis
1008 1535 1164 1591 simulacra
1177 1533 1252 1590 dae·
1292 1559 1293 1566 ι

211 1635 348 1688 monum,
373 1634 475 1674 amans
489 1617 612 1674 inludis
626 1619 783 1674 simulacra
795 1619 950 1689 vitiorum3
977 1634 1136 1674 susurrans
1149 1617 1182 1672 in
1197 1635 1251 1672 oc-

211 1700 291 1756 culto
304 1699 394 1756 verba
407 1699 541 1756 iustitiae
554 1698 591 1756 ad
605 1699 790 1773 decipiendos
805 1701 891 1754 etiam
915 1717 1023 1774 paucos
1050 1698 1159 1769 bones,
1186 1699 1251 1754 fre-

210 1790 355 1858 quentans
368 1782 400 1836 iu
417 1791 518 1858 aperto
530 1783 725 1842 inritamenta
739 1781 889 1856 nequitiae
903 1781 940 1840 ad
952 1781 1143 1857 possidendos
1157 1782 1251 1838 innu-
1292 1827 1293 1834 ,

209 1863 365 1920 merebiles
384 1861 498 1924 malosi

558 2015 680 2076 CAP.
722 2015 895 2076 xxv11.

212 2114 322 2179 Quanta
334 2112 466 2166 eversione
482 2110 609 2182 publicae
625 2113 784 2182 anemonae
794 2113 911 2166 Romam‘
921 2114 972 2166 diis
982 2114 1038 2166 sais
1053 2115 1197 2183 placandis
1208 2132 1251 2168 sa·

453 2223 457 2234 .
520 2182 936 2238 creverintobaeoenoludorum.

272 2287 326 2344 Vir
341 2290 442 2366 gravis
456 2297 486 2346 et
498 2287 731 2366 philosophaster
741 2288 859 2347 Tullius
873 2290 976 2347 aedilis
989 2290 1127 2361 iuturus,
1140 2291 1251 2348 clama-
1292 2327 1293 2332 κ

210 2373 259 2428 bat
284 2372 316 2426 in
342 2372 463 2428 auribus
492 2373 640 2445 civitatis,
665 2374 745 2430 inter
758 2383 875 2430 caetera
888 2375 936 2430 sui
947 2375 1139 2452 magistratus
1153 2371 1252 2431 efficia

210 2454 267 2509 sibi
279 2453 397 2510 Floram
409 2462 533 2511 matrem
544 2454 682 2512 ludorum
704 2456 875 2512 celebritate
897 2455 1083 2532 placandam:
1109 2457 1160 2530 qui
1184 2457 1251 2512 ludi
1292 2469 1293 2478 ¹

210 2545 294 2592 tanto
308 2535 460 2610 devotius,
486 2547 597 2614 quanto
609 2539 726 2612 turpius
742 2539 884 2594 celebrari
897 2541 1002 2595 solent.
1047 2535 1129 2594 Dicit
1140 2541 1175 2594 iu
1188 2541 1250 2595 alio

210 2620 275 2676 loco
289 2620 348 2676 iam
361 2622 467 2677 consul
480 2623 512 2676 in
526 2621 666 2677 extremis
679 2622 819 2696 periculis
834 2623 978 2692 civitatis,
993 2629 1023 2677 ct
1035 2621 1119 2678 ludos
1132 2639 1184 2696 per
1196 2620 1250 2676 de-

211 2720 274 2756 cem
287 2701 349 2758 dies
363 2701 476 2775 iactos,
502 2720 674 2778 aequarem
686 2705 775 2760 ullam
787 2722 862 2778 quae
876 2703 912 2759 ad
924 2703 1080 2778 placandos
1095 2703 1164 2760 deos
1177 2721 1249 2776 per-

211 2786 322 2840 tineret
333 2787 584 2858 praetermissam:
604 2787 689 2860 quasi
701 2805 761 2842 non
775 2788 868 2842 satius
882 2796 946 2844 erat
958 2787 1032 2842 tales
1045 2785 1113 2842 deos
1127 2787 1250 2842 irritare

211 2866 423 2940 temperantia,
438 2885 525 2942 quam
536 2869 653 2942 placare
664 2870 798 2939 luxuria3
823 2878 853 2924 ct
866 2887 916 2924 eos
929 2867 1083 2924 honestate
1096 2869 1132 2924 ad
1145 2869 1248 2924 inimi-

212 2948 296 3002 citias
310 2965 486 3020 proveeare,
511 2967 598 3024 quam
611 2948 695 3006 tanta
707 2950 891 3007 deformitate
904 2953 1007 3007 lenire.
1051 2949 1152 3024 Neque
1166 2953 1250 3006 enim

211 3029 332 3107 gravius
347 3029 466 3088 fuerant
479 3032 637 3106 quamlibet
648 3033 851 3090 crudelissima
860 3035 1044 3091 immanitate
1053 3034 1183 3089 nocituri
1191 3031 1247 3089 hc-

211 3113 323 3182 mines,
349 3122 469 3186 propter
482 3132 554 3189 quos
568 3115 776 3188 placabantur,
803 3135 889 3191 quam
913 3118 1060 3174 nocebant
1080 3117 1151 3190 ipsi,
1179 3135 1249 3172 eum

210 3195 373 3250 vitiositate
386 3195 555 3254 foedissima
567 3199 763 3270 placarentur.
797 3199 1038 3274 Quandoquidem
1049 3208 1085 3254 ut
1096 3207 1247 3254 avertere-

211 3285 262 3332 tur
280 3276 358 3350 quod
370 3280 557 3336 metuebatur
571 3281 606 3336 ab
618 3280 703 3336 hoste
716 3283 746 3336 in
762 3283 948 3354 corporibus,
974 3301 1009 3338 co
1020 3281 1109 3338 modo
1120 3281 1162 3336 dii
1174 3299 1247 3336 con-

212 3359 402 3432 ciliabantur,
429 3379 487 3434 quo
500 3363 597 3418 virtus
613 3363 809 3424 debellaretur
823 3365 855 3418 in
866 3365 1031 3435 mentibus:
1058 3365 1109 3437 qui
1122 3381 1181 3419 non
1194 3382 1248 3437 op-

210 3450 392 3516 ponerentur
405 3443 575 3500 defensores
590 3447 840 3521 oppugnatoribus
854 3448 1017 3517 moenium,
1032 3447 1091 3502 nisi
1101 3448 1182 3518 prius
1193 3445 1247 3500 fie-
1292 3449 1293 3454 ’

210 3533 279 3580 rent
292 3535 510 3602 expugnatores
523 3545 637 3583 morum
660 3528 812 3584 bonorum.
854 3527 940 3585 Hauc
963 3531 1067 3586 talium
1094 3529 1250 3584 nursinum

210 3608 405 3678 placationem
415 3610 690 3682 petulantissimam,
701 3611 943 3685 impurissimam,
954 3611 1249 3686 impudentissimam,

213 3689 439 3761 nequissimam,
466 3691 742 3764 immundissimam,
771 3695 855 3750 cuius
881 3703 995 3750 actores
1021 3693 1167 3748 laudanda
1187 3691 1249 3748 Ro-

213 3786 316 3824 manae
329 3772 449 3828 virtutis
465 3771 577 3828 indoles
591 3772 702 3830 honere
725 3777 869 3848 privarit,
896 3777 975 3833 tribu
998 3777 1105 3845 movit,
1126 3776 1251 3850 agnovit

212 3859 330 3924 turpes,
345 3852 416 3909 lecit
429 3854 567 3910 infames:
593 3855 683 3926 hanc,
711 3859 844 3931 inquam,
861 3859 1024 3931 pudendam
1039 3875 1185 3932 veraeque
1199 3875 1249 3912 re-
