2530 4392
194 211 250 270 DE
276 207 496 270 clvlrnTE
520 211 597 270 DEI
623 212 704 272 LIB.
730 213 807 274 XX.
948 225 1009 282 30³

50 373 169 442 noosgrc
184 380 276 422 sorem
285 373 397 440 petrem
407 365 525 442 generis
535 360 652 422 humani
665 364 804 426 divinitus
815 371 929 446 prolete
941 391 1009 430 sen-

50 451 103 519 tic,
126 446 271 519 Termes,
295 459 325 506 et
338 451 369 505 in
383 457 497 506 terram
509 448 583 506 ibis:
610 449 761 508 fotendum
774 463 819 510 est
830 454 917 526 istos,
940 471 1009 528 qnos

50 533 122 588 idum
134 531 165 586 de
178 533 341 606 corporibus
356 549 500 610 egressos,
519 551 583 588 cum
596 535 696 590 veniet
708 532 851 609 christus,
866 538 1008 611 inveniet,

50 617 103 672 istis
115 615 202 671 verbis
215 615 358 690 Apostoli,
378 625 408 671 et
420 617 478 672 illis
491 615 526 672 de
541 615 651 674 Genesi
664 636 724 676 non
738 621 847 678 teneri:
873 622 1010 698 quonism

50 719 109 754 sum
122 699 280 758 innubilus
293 701 380 773 rupti,
394 717 454 756 non
468 700 569 775 utique
583 703 778 776 seminentur3
793 705 859 778 quie
873 723 928 761 nee
942 719 1012 764 eunt

50 793 157 854 torrem,
179 802 231 840 nec
244 782 381 854 redeunt3
405 784 467 840 sive
479 785 588 840 nouom
599 803 717 859 prorsus
732 788 921 860 experientur
932 807 1011 846 mur·

50 887 66 937 ι,
80 868 136 923 sive
147 867 288 939 paululum
299 868 332 922 in
345 871 412 924 cire
424 868 595 924 morientur.

62 948 116 1006 Sed
128 948 199 1012 eliud
212 967 311 1006 rursus
325 951 467 1021 occurrit,
491 951 569 1026 quod
582 950 660 1008 idem
672 951 743 1010 dicit
755 951 922 1028 Apostolus,
947 973 1013 1014 eum

54 1033 256 1090 resurrectione
279 1051 432 1108 corporum
456 1033 493 1090 od
511 1033 675 1092 Corinthios
696 1037 876 1111 loqueretur:
905 1033 1012 1097 Onus

50 1134 187 1193 urgemus,
210 1118 258 1173 vel
271 1118 348 1174 sicut
360 1119 411 1174 alii
426 1118 542 1178 codices
559 1117 682 1192 hebent,
711 1115 816 1178 Omnes
828 1122 1011 1180 dormiemus.

50 1218 143 1277 nergo
157 1217 208 1256 nec
220 1203 400 1258 resurrectio
419 1201 485 1258 fieri
502 1204 609 1278 possit,
636 1205 694 1259 nisi
711 1221 790 1260 mors
803 1206 1012 1279 praecesserit,

59 1284 256 1340 dormitionem
273 1286 415 1358 possims
437 1287 486 1342 illo
506 1289 570 1344 loco
591 1288 772 1364 intelligere,
797 1289 855 1344 uisi
875 1297 1012 1360 mortem;

50 1367 130 1423 ruodo
143 1385 239 1424 omnes
252 1370 301 1424 vel
310 1367 464 1440 dormient,
478 1371 524 1426 vel
538 1380 705 1448 resurgent,
719 1371 745 1426 si
760 1380 820 1428 tom
832 1371 926 1442 multi,
939 1389 1012 1446 quos

50 1469 151 1525 crpore
164 1451 335 1508 inventurus
350 1462 394 1508 est
409 1451 557 1524 Christus,
581 1473 635 1510 nec
655 1453 815 1525 dormient,
837 1473 892 1510 nec
913 1473 1012 1511 resur-

50 1530 77 1589 tl
101 1532 132 1590 Si
146 1553 213 1612 ergo
227 1544 355 1607 sanctos,
370 1537 419 1610 qui
433 1539 617 1610 reperientur
629 1535 745 1593 Christo
760 1539 897 1594 veniente
909 1539 1013 1594 viven-

55 1619 136 1691 eiquc
149 1619 179 1674 in
192 1617 306 1676 obviam
318 1621 480 1694 rapientur,
502 1620 709 1676 crediderimus
721 1623 754 1678 in
767 1620 868 1696 eodem
881 1630 965 1695 septu
979 1619 1014 1676 de

52 1702 155 1757 talibus
175 1702 343 1775 corporibus
362 1705 509 1775 exituros,
534 1713 564 1759 et
581 1704 619 1760 ed
635 1703 735 1760 eadem
753 1722 822 1760 mox
840 1705 1015 1761 immortalia

53 1795 145 1856 turos,
159 1787 253 1842 nullas
265 1787 297 1842 in
307 1786 404 1844 verbis
414 1786 546 1862 Apostoli
559 1790 702 1862 potiemur
711 1789 875 1866 angustias,
889 1789 953 1844 sive
964 1786 1015 1844 ubi

50 1878 65 1940 t,
85 1867 128 1924 Tu
141 1867 216 1946 qnod
225 1871 364 1942 seminus,
379 1891 434 1928 non
447 1871 636 1943 vivificetur,
647 1874 707 1928 nisi
718 1873 875 1942 moriatur,
890 1872 952 1928 sive
965 1871 1014 1926 ubi

50 1973 71 2022 7,
89 1948 192 2010 Omnes
205 1971 408 2029 resurgemus,
421 1965 472 2010 eut
487 1947 594 2012 Omnes
608 1957 799 2013 dormiemus:
821 1956 888 2029 quio
902 1954 1014 2010 necilli

50 2037 295 2092 immortalitotem
311 2037 555 2108 vivificabuntur,
582 2040 658 2108 nisi,
682 2038 839 2111 quamlibet
854 2037 1013 2110 paululum,

50 2139 81 2174 en
95 2121 352 2191 antemeriantu13
371 2138 406 2176 ue
419 2139 471 2194 per
484 2118 538 2176 hoc
552 2130 582 2176 et
594 2139 612 2176 a
624 2121 841 2176 resurrectione
855 2134 915 2176 non
928 2127 1016 2174 erunt
1088 2175 1092 2180 ,

50 2205 88 2274 ri,
110 2221 195 2278 quom
208 2203 344 2259 dormitio
358 2203 517 2278 praecedit,
541 2205 672 2278 quemvis
686 2203 869 2274 brevissimo,
893 2219 954 2258 non
969 2209 1014 2257 te-

61 2288 149 2342 nulle.
169 2285 229 2343 Cur
242 2297 339 2342 cutem
351 2287 435 2342 uobis
448 2287 620 2354 incredibile
632 2286 776 2358 videntum,
789 2287 870 2342 illem
882 2285 1014 2341 multitu-

50 2390 78 2425 m
92 2389 246 2444 corporum
259 2371 290 2426 in
302 2375 371 2426 nire
385 2371 509 2446 quodum
522 2371 608 2428 modo
622 2373 771 2440 seminari,
793 2377 880 2446 etque
892 2369 933 2425 ibi
945 2385 1014 2442 pro·
1036 2365 1039 2372 '

50 2474 58 2509 ι
74 2455 281 2510 immortaliter
294 2463 380 2528 etque
394 2456 654 2529 incorruptibiliter
666 2456 858 2525 reviviscere,
872 2471 938 2508 cum
949 2471 1015 2508 cre·

50 2557 89 2608 rs,
105 2537 184 2611 quod
198 2537 274 2592 idem
288 2539 351 2612 ipse
361 2538 515 2612 Apostolus
529 2540 711 2614 apertissime
722 2537 804 2608 dicit,
817 2539 848 2592 in
862 2537 922 2592 ictu
937 2536 1015 2592 oculi

50 2641 104 2677 *ani
120 2623 385 2692 resurrectionem,
410 2633 440 2678 ct
457 2624 488 2678 in
506 2622 634 2680 membru
653 2623 720 2676 sinc
733 2621 792 2678 fine
803 2621 920 2677 victure
933 2628 1015 2674 tonte

50 2708 121 2760 itate
142 2713 260 2780 temque
279 2705 486 2762 inoestimsbili
504 2707 659 2762 velocitate
670 2705 832 2763 rediturum
846 2703 1016 2778 antiquissi-

50 2809 87 2844 nn
104 2787 283 2844 cadaverum
295 2784 464 2861 pulvereml
486 2788 549 2846 Nec
562 2789 597 2846 ab
612 2791 663 2845 illo
676 2789 835 2858 sententio,
850 2804 906 2861 que
920 2785 1014 2842 homi-

50 2882 137 2928 ctum
151 2882 213 2944 est,
231 2870 328 2930 Terra
341 2889 382 2942 es,
397 2882 426 2930 ct
440 2875 469 2929 in
484 2885 597 2930 terrem
611 2872 803 2944 ibis,fi1turos
818 2873 885 2926 illos
899 2877 1015 2926 senctos

50 2975 155 3012 remur
168 2957 325 3028 immunes,
344 2958 371 3012 si
384 2975 483 3019 corum
496 2959 683 3015 morientium
696 2958 728 3014 in
741 2967 850 3013 tcrrsm
864 2972 925 3010 nou
938 2953 1015 3009 reci-

54 3058 206 3114 oorpors,
230 3039 281 3096 sed
295 3042 370 3098 sicut
383 3042 414 3098 in
428 3042 491 3116 ipso
503 3051 589 3116 roptu
605 3043 784 3111 morientur,
807 3042 849 3096 itu
867 3046 897 3094 et
915 3055 1015 3094 resur-

50 3171 51 3186 ,
68 3123 143 3178 dum
158 3124 294 3180 ferentur
306 3126 339 3180 in
353 3129 429 3180 aire
464 3122 500 3181 ln
514 3137 628 3182 terrem
644 3127 748 3200 quippe
761 3125 827 3194 idus,
843 3131 898 3192 est,
912 3120 946 3178 ln
961 3119 1015 3178 hoc

50 3209 151 3262 ,missa
162 3209 238 3278 vito,
251 3206 328 3281 quod
338 3225 402 3262 eres
414 3216 484 3262 onte
497 3224 581 3280 quem
594 3225 723 3264 smuores
736 3209 840 3263 vitam:
854 3203 884 3260 id
896 3214 950 3274 cst,
962 3201 1016 3258 hoo

50 3293 258 3360 exanimatus,
269 3289 346 3363 quod
360 3307 423 3344 eras
437 3297 603 3364 antequem
617 3307 695 3344 esses
708 3291 863 3344 animatus.
907 3283 1018 3340 Terrae

50 3371 356 3430 ceinsufflovitDeus
374 3371 529 3428 infaciem
548 3368 649 3426 fletum
664 3371 759 3440 vitoe,
785 3388 850 3424 cum
863 3368 958 3422 foetos
972 3375 1020 3422 est

50 3485 52 3506 ι
70 3459 105 3514 in
120 3458 258 3514 enimam
274 3456 386 3512 vivam:
406 3463 545 3530 tanquam
558 3453 713 3524 diceretur,
727 3452 822 3508 Terre
836 3468 867 3506 es
880 3451 1019 3520 animate,

57 3560 126 3598 non
144 3554 231 3610 eras3
258 3539 407 3594 terrueris
421 3539 581 3608 exanimis,
605 3538 682 3594 sicin
700 3553 774 3592 cras.
812 3531 896 3600 Quod
909 3541 1021 3590 suntet

52 3645 152 3702 quam
173 3631 350 3698 putrescant
368 3624 465 3678 omnio
483 3639 606 3695 corporo
624 3629 818 3680 mortuorum:
845 3616 922 3692 quod
933 3625 1021 3674 erunt

50 3729 78 3780 ι,
106 3710 137 3764 si
152 3709 332 3777 morientur,
354 3705 518 3782 ubicunque
530 3706 703 3775 morientur,
718 3721 784 3760 eum
796 3703 858 3760 vite
870 3699 1019 3758 carebunt.

50 3821 53 3848 l
72 3793 230 3850 continuo
244 3799 399 3864 recepturo
412 3800 489 3846 sunt.
537 3788 571 3848 Si
584 3807 653 3868 ergo
670 3789 754 3846 ibunt
766 3788 797 3844 in
811 3795 935 3855 terrem,
953 3785 1021 3864 quis

50 3879 108 3933 ivis
128 3875 308 3932 horninibus
328 3885 408 3932 terro
422 3884 521 3932 crunt:
548 3871 788 3950 quemadmodum
802 3874 826 3928 i't
839 3872 870 3928 in
884 3870 1021 3940 cinerem,
