2602 4416
270 173 354 240 Dn‘.
371 177 594 241 ClVlTATE
631 180 712 242 Dlll
749 183 830 248 alu.
856 186 880 248 Ι.
1058 198 1098 255 26

57 341 159 398 falsum
177 333 397 392 testimonium
421 347 487 388 curn
503 339 634 406 vetaret3
659 329 801 408 Falsum,
827 337 940 415 inquit,
967 345 1099 404 teatino-

57 425 130 479 m'ane
143 437 210 476 noa
225 417 310 475 dicos
324 413 469 470 accam
480 415 650 491 proximare
663 425 755 474 ιιιιι.
793 418 857 477 Νιι
875 421 941 480 ideo
959 433 1058 484 tamen
1072 432 1098 485 si

56 505 201 561 adversus
217 518 252 556 se
267 500 366 572 ipsum
379 497 534 571 quisquam
556 497 664 556 falsum
685 501 891 560 testimoninm
915 503 1035 581 dixerit,
1061 512 1097 568 ab

56 587 107 642 hoe
121 585 260 641 crimine
273 599 306 636 se
317 579 469 653 putaverit
481 580 618 637 alienum.
662 581 811 650 Quoniam
821 587 958 664 regulam
970 589 1096 668 diligen-

55 670 81 725 di
107 668 291 742 proximum
316 680 335 718 a
360 663 519 735 semetipso
545 662 671 721 dilector
694 667 823 742 accepit:
860 670 1098 747 quandoquidem

55 754 201 823 scriptum
231 755 299 802 est:
340 743 455 820 Diliges
476 747 646 822 proximam
672 757 753 806 tuaac
775 759 969 832 torquente
991 756 1096 832 ι’]ιιιιι.

54 835 144 890 Porro
171 832 201 886 si
216 830 291 886 falsi
303 828 469 884 testimonii
486 846 547 884 uon
564 830 664 887 minus
676 848 746 888 reus
760 841 816 907 ιιι,
843 835 895 911 qui
920 834 956 893 de
974 855 1007 894 se
1030 841 1096 914 ipso

55 918 159 972 laisum
172 913 305 982 fatetur,
334 911 460 986 quamsi
473 909 612 968 adversus
625 915 792 986 proximum
804 914 861 975 hoc
873 917 1001 993 laceret3
1029 941 1096 979 cum

54 1003 81 1055 in
94 1017 129 1054 ec
144 1003 328 1071 praecepto,
352 1010 411 1067 quo
424 992 530 1050 falsum
542 996 745 1054 testimoninm
755 998 939 1074 prohibetur,
952 1003 1094 1062 adversus

53 1083 224 1156 proximum
238 1074 446 1151 prohibeatur,
463 1079 615 1152 possitque
627 1098 689 1137 non
701 1091 785 1139 recte
797 1084 1034 1162 intelligentibus
1047 1089 1094 1145 ri-

54 1165 113 1219 deri
126 1180 192 1218 non
208 1178 280 1215 esse
292 1156 486 1233 prohibitum,
504 1169 538 1216 ut
550 1160 691 1219 adversus
705 1181 738 1220 sc
751 1167 848 1239 ipsum
864 1169 988 1243 quisque
1001 1170 1094 1226 salsus

54 1248 134 1302 testis
149 1243 302 1299 adsistat:
323 1249 435 1316 quanto
447 1244 541 1320 magis
555 1245 782 1322 intelligendum
794 1257 850 1318 ιιι,
863 1267 924 1304 nou
937 1252 1028 1306 licere
1040 1251 1094 1306 ho-

54 1330 123 1385 mini
140 1346 175 1383 se
194 1328 303 1399 ipsum
322 1323 473 1396 occidere,
497 1345 568 1384 cum
584 1329 617 1383 in
637 1346 672 1382 eo
692 1329 771 1403 quod
788 1331 930 1402 seriptum
949 1341 1007 1388 est:
1030 1330 1096 1389 Non

57 1411 179 1480 occides,
193 1407 294 1464 nihilo
311 1405 418 1462 deinde
430 1407 541 1480 addito,
562 1412 674 1482 nullus,
689 1429 746 1466 nec
758 1413 821 1486 ipse
832 1413 934 1487 utique
948 1415 996 1470 cui
1009 1433 1095 1488 prae-

59 1495 183 1565 cipitur,
205 1491 399 1568 intelligatur
413 1487 573 1565 excepturi
600 1491 683 1548 Vnde
698 1493 816 1569 quidam
831 1493 887 1551 hoc
905 1506 1096 1570 praeceptum

59 1577 145 1630 etiam
156 1577 190 1630 in
203 1575 321 1630 bestias
335 1591 371 1628 ac
384 1590 491 1645 pecora
505 1583 652 1632 conantur
665 1577 835 1650 extendere,
860 1587 894 1634 ut
907 1596 945 1634 ex
958 1577 1014 1636 hoc
1027 1581 1094 1636 nul-

57 1661 113 1714 lum
127 1659 220 1713 etiam
232 1657 360 1711 illorum
372 1655 460 1711 lic'cat
472 1656 615 1713 occidere.
659 1657 720 1715 Cur
733 1678 794 1717 non
807 1677 879 1738 ergo
894 1670 924 1717 ct
935 1661 1051 1733 herbas,
1066 1671 1096 1718 et

56 1739 197 1815 quicquid
210 1739 306 1794 humo
326 1737 469 1794 radicitus
483 1741 573 1796 alitur
585 1758 620 1797 ac
637 1738 758 1818 ligiturl
784 1742 859 1800 Nam
879 1752 909 1799 et
926 1742 982 1800 hoc
999 1762 1094 1822 genus

56 1843 163 1894 rerum,
192 1821 334 1896 quamvis
360 1837 423 1876 non
440 1823 559 1894 sentiat,
584 1822 694 1879 dicitur
719 1833 817 1882 tamen
842 1827 959 1883 vivere:
982 1845 1017 1882 ac
1042 1845 1096 1898 per

55 1905 107 1961 hoc
121 1913 228 1979 potest
242 1911 276 1959 ιι
293 1904 387 1975 ιιιοιί;
414 1904 537 1975 proinde
551 1907 641 1961 etiam
654 1925 721 1962 cum
733 1909 780 1963 vis
793 1906 965 1979 adhibetur,
989 1908 1094 1965 occidi.

55 1987 136 2045 Vnde
150 1997 183 2044 ct
195 1987 374 2059 Apostolus,
390 2003 457 2042 cum
470 1985 506 2041 de
518 1985 723 2046 huiuscemodi
738 1991 899 2046 seminibus
912 1993 1095 2065 loqueretur,

57 2070 115 2142 Ta,
141 2071 270 2144 inquit,
298 2068 375 2143 quod
396 2069 524 2126 seminas
552 2077 609 2128 aaa
635 2071 830 2142 vivificatur,
857 2073 918 2128 nisi
937 2074 1094 2128 morietur.

57 2153 93 2208 Et
103 2155 136 2210 in
150 2152 276 2208 Psalmo
297 2151 515 2224 scriptumest,
541 2149 660 2212 Occidit
671 2155 748 2210 vitea
769 2172 869 2210 cortem
887 2155 918 2210 in
937 2155 1094 2230 grandine.

59 2235 133 2292 Num
146 2237 249 2313 igitur
268 2234 305 2290 ob
324 2231 402 2303 hoc,
430 2250 496 2290 cum
513 2235 668 2306 audimus,
693 2233 759 2294 Noa
777 2236 906 2307 occidar,
931 2239 1096 2314 virgultum

59 2321 165 2374 vellere
187 2318 277 2374 nefas
301 2315 452 2386 ducimus,
478 2326 509 2372 ιι
532 2316 773 2376 Manichaeorum
790 2322 886 2376 errori
907 2321 1096 2376 insanissime

60 2395 298 2475 acquiescimus?
324 2397 381 2456 His
394 2399 489 2475 igitur
501 2399 701 2457 deliramentis
720 2404 853 2473 remotis,
872 2421 940 2460 cum
957 2404 1095 2479 legimus,
1206 2449 1210 2458 .

61 2481 122 2540 Non
139 2484 278 2540 occides:
305 2484 332 2537 si
347 2489 504 2554 propterea
523 2503 585 2540 non
604 2485 764 2556 accipimus
781 2483 838 2540 hoc
857 2485 969 2541 dictum
982 2503 1047 2538 esse
1061 2483 1097 2538 de

62 2567 215 2635 frutectis,
242 2566 314 2639 quia
328 2566 428 2620 nullus
443 2573 487 2620 est
504 2568 547 2622 cis
567 2581 688 2636 sensus3
714 2584 770 2621 nec
790 2565 826 2620 dc
843 2565 1041 2620 animantibus
1055 2565 1096 2618 ir-

63 2648 269 2718 rationalibus,
297 2647 479 2718 volatilibus,
507 2647 697 2715 natatilibus,
722 2646 956 2714 ambulatilibus,
982 2645 1097 2716 reptili-

65 2730 132 2798 bus,
159 2731 226 2802 qnia
238 2731 324 2786 nulla
337 2729 422 2784 uobis
436 2730 554 2786 ratione
571 2729 740 2799 sociantur,
768 2745 855 2802 quam
867 2745 929 2782 non
942 2727 987 2781 eis
999 2725 1098 2781 datum

68 2820 113 2865 cst
130 2811 283 2868 nobiscum
302 2811 411 2866 habere
424 2825 623 2883 communem3
641 2809 721 2866 undo
734 2811 896 2866 iustissima
910 2807 1098 2866 ordinatione

66 2892 259 2950 Creatoris·et
270 2896 335 2951 vita
349 2902 379 2948 ιι
387 2911 466 2950 mors
480 2912 583 2952 eorum
595 2894 706 2951 uostris
718 2893 821 2950 usibus
836 2892 985 2950 subditur:
1004 2897 1098 2948 restat

67 2985 97 3031 ut
109 2975 145 3032 dc
169 2975 291 3034 homine
315 2961 533 3053 intelligamus,
556 2975 637 3053 quod
661 2975 846 3046 dictumest,
871 2972 936 3032 Non
964 2975 1097 3032 occides:

66 3076 118 3114 nec
138 3061 266 3115 alterum
279 3077 365 3136 crgo,
393 3076 448 3114 nec
461 3068 499 3116 tc.
542 3059 647 3136 Neque
661 3059 740 3115 enim
757 3059 809 3134 qui
821 3075 854 3116 sc
874 3057 993 3128 occidit,
1018 3053 1097 3112 aliud

65 3159 150 3214 quam
161 3141 312 3198 hominem
328 3138 447 3196 occidit.

444 3237 564 3298 cll).
606 3235 721 3296 XXI.

97 3317 141 3372 De
151 3317 392 3391 interfectionibus
413 3315 554 3381 bominum,
575 3333 642 3385 puae
662 3316 696 3371 ab
716 3316 853 3370 meamea·
871 3317 984 3370 crimine
994 3314 1064 3368 caci-

515 3387 642 3454 piantur.

126 3475 278 3541 Quasdam
290 3493 364 3532 vero
378 3476 567 3547 exceptiones
581 3474 682 3532 eadem
692 3477 755 3550 ipsa
769 3473 870 3530 divina
882 3474 954 3530 facit
966 3470 1097 3528 auctori-

69 3565 127 3625 tas,
151 3566 187 3612 ut
204 3576 267 3614 non
282 3559 374 3613 liceat
385 3555 533 3613 hominem
552 3557 657 3614 occidi.
706 3555 766 3614 Sed
786 3555 833 3612 liis
851 3555 998 3626 exceptis,
1024 3567 1098 3624 quos

67 3636 147 3692 Deus
160 3638 260 3695 occidi
272 3641 372 3710 iubet,
399 3640 461 3695 sive
475 3638 542 3694 data
556 3641 638 3716 lege,
664 3639 729 3695 sive
741 3637 778 3694 ad
790 3651 947 3712 perronam
956 3651 1010 3708 pro
1024 3640 1098 3688 tem·

65 3737 133 3791 pore
151 3738 293 3795 expressa
309 3721 462 3778 iussione:
489 3720 572 3790 (Nou
587 3729 687 3776 autem
705 3721 769 3796 ipse
788 3714 913 3787 occidit,
939 3717 991 3791 qui
1008 3715 1097 3772 mini-

65 3803 187 3858 sterium
200 3802 288 3859 debet
301 3803 432 3874 iubenti,
457 3804 534 3860 sicut
551 3802 761 3858 adminiculum
774 3796 891 3877 gladius
905 3799 1011 3854 utenti.
1059 3795 1099 3852 Et
