2538 4392
209 184 265 240 tto
434 172 534 234 DIVI
557 171 750 232 AVRELH
770 169 1022 240 AVGVSTlNl

204 331 337 410 poribus,
350 345 436 404 quam
444 326 631 403 Assyriorum
643 323 712 397 fuit,
726 342 781 385 uec
792 333 853 382 tam
864 325 954 401 longe
965 325 1085 402 lateque
1098 321 1241 388 diffusam.

205 417 319 489 Quippe
331 411 383 470 ubi
394 409 492 469 Ninus
504 427 575 482 rex,
597 408 662 466 Beli
673 407 764 480 filius,
787 408 957 476 universam
970 408 1083 480 Asiam,
1109 427 1187 486 quae
1201 423 1241 470 to·

203 501 263 558 tius
277 496 356 554 orbis
370 495 408 552 ad
421 513 576 552 numerum
587 493 715 566 partium
724 492 813 550 tertia
824 489 945 562 dieitur,
957 490 994 548 ad
1006 493 1240 570 magnitudinem

203 599 275 640 tero
288 579 407 638 dimidia
419 578 583 654 reperitur,
606 593 698 652 usque
711 575 748 636 ad
764 573 873 650 Libyae
894 573 969 632 tinas
980 573 1143 654 subegisse
1155 579 1240 636 tradi-

203 674 262 722 tur.
297 661 377 722 Solis
396 663 503 738 quippe
518 658 599 718 lndis
612 661 645 716 in
658 660 790 734 partibus
804 656 936 715 Orientis
950 675 1010 714 aon
1023 650 1238 718 dominabatur:

202 765 276 824 quos
291 755 390 804 tsmen
403 763 438 802 eo
452 743 591 803 defuncto
605 741 776 802 Semiramis
795 741 871 800 uxor
889 742 952 798 eius
966 749 1012 798 est
1025 759 1173 820 aggressa
1185 744 1239 800 bel-

201 831 300 888 lando.
330 828 376 886 lta
388 829 498 890 factum
510 836 571 899 est,
594 835 629 886 ut
641 827 810 902 quicunque
823 827 855 884 in
868 826 927 882 illis
940 825 1027 882 terris
1040 828 1159 901 populi,
1182 830 1238 883 sisa

201 931 290 992 reges
304 921 402 984 crant,
412 911 602 987 Assyriorum
613 929 709 988 regno
720 909 887 986 ditionique
900 916 1049 984 parerent,
1063 919 1094 966 et
1107 911 1238 988 quicquid

202 999 395 1071 imperaretur
408 993 568 1052 efficerent.
601 993 745 1052 Abraham
758 995 852 1073 igitur
864 994 897 1052 in
910 1011 945 1048 eo
958 1009 1054 1070 regno
1069 993 1143 1068 apud
1156 992 1238 1050 Cbal.

203 1079 292 1136 daces
304 1078 377 1136 Nini
397 1078 576 1152 temporibus
599 1087 685 1136 notus
708 1086 763 1136 cst.
798 1075 859 1136 Sed
881 1077 1019 1154 quoniam
1040 1093 1092 1132 res
1109 1074 1239 1133 Graecae

202 1165 295 1222 multo
313 1173 383 1221 sunt
399 1161 484 1222 nobis
505 1181 593 1240 quam
611 1163 750 1239 Assyriae
768 1161 916 1232 notiores,
939 1169 969 1216 et
987 1177 1042 1235 per
1059 1158 1188 1216 Graecos
1207 1159 1241 1217 ad

202 1245 335 1320 Latinos,
349 1265 384 1304 ac
395 1245 500 1306 deinde
510 1246 547 1304 ad
556 1245 717 1318 Romanos,
731 1246 781 1322 qui
792 1246 879 1302 ctiam
892 1244 950 1318 ipsi
963 1242 1062 1300 Latini
1076 1252 1158 1315 sunt,
1170 1252 1240 1300 tem-

201 1349 307 1408 perum
319 1331 426 1388 seriem
436 1327 635 1394 deduxerunt.
642 1331 694 1407 qui
710 1338 830 1409 gentem
846 1327 946 1404 populi
958 1325 1086 1384 Romani
1103 1327 1138 1384 in
1151 1327 1240 1405 origi·

201 1416 250 1472 nis
264 1416 327 1472 eius
341 1415 517 1491 antiquitate
530 1415 628 1472 rinmti
641 1423 728 1486 sunt;
754 1413 791 1470 ob
803 1411 859 1471 boe
874 1411 1022 1482 debemus,
1035 1410 1087 1466 ubi
1100 1427 1177 1486 opus
1190 1420 1241 1482 cst,

201 1498 341 1576 Assyrios
353 1516 517 1556 memorare
529 1515 629 1577 reges:
656 1507 691 1556 ut
707 1505 846 1573 appareat
859 1491 1102 1572 quemadmodum
1116 1491 1241 1570 Babylo·

201 1583 263 1654 nia,
278 1583 363 1656 quasi
374 1582 469 1656 prima
480 1579 591 1654 Roma,
605 1599 672 1639 eum
684 1581 842 1659 peregrina
854 1581 884 1636 in
900 1576 955 1635 boc
967 1575 1076 1634 mundo
1089 1575 1153 1634 Dei
1161 1577 1241 1634 civi-

200 1673 262 1724 tate
273 1672 437 1738 procurrat.
474 1661 534 1722 Res
546 1673 646 1722 autem
658 1682 730 1740 quas
740 1673 860 1740 propter
874 1661 1123 1738 comparationem
1134 1659 1240 1718 Civita-

200 1748 240 1804 tis
253 1748 424 1822 utriusque,
447 1755 583 1807 terrenae
597 1748 711 1802 scilieet
724 1757 755 1804 et
768 1747 919 1815 eoelestis,
940 1743 1008 1800 huie
1023 1741 1116 1817 Operi
1130 1753 1241 1820 oportet

200 1831 345 1900 inserere,
371 1829 466 1907 magis
480 1842 518 1886 ex
533 1828 655 1886 Graecis
668 1838 699 1886 et
711 1829 843 1902 Latinis,
868 1828 961 1886 ubiet
972 1827 1037 1902 ipsa
1049 1824 1150 1884 Roma
1164 1831 1239 1904 quasi

201 1911 329 1972 secunda
341 1911 505 1988 Babylonia
519 1921 575 1984 est,
589 1911 727 1970 debemus
741 1930 897 1972 assumere.

266 1995 390 2063 Quando
404 2015 476 2074 ergo
489 1993 575 2054 natus
590 2003 635 2052 est
646 1993 804 2068 Abrabam,
818 1993 938 2052 secundi
950 2011 1038 2072 reges
1052 2004 1154 2067 erant,
1171 1995 1240 2068 apud

200 2080 341 2156 Assyrios
355 2077 464 2151 Ninus,
481 2078 555 2155 apud
568 2077 727 2156 Sicyonios
739 2077 872 2154 Europa:
889 2078 977 2154 primi
988 2085 1099 2149 autem,
1112 2080 1177 2135 illie
1187 2077 1239 2136 Be·

199 2163 259 2234 lus,
272 2161 321 2219 hic
334 2163 492 2241 Aegialeus
506 2161 637 2218 suerunt.
671 2160 747 2219 Cuns
759 2179 830 2219 vero
845 2178 964 2240 egresso
975 2157 1125 2218 Abrabam
1139 2161 1176 2218 dc
1187 2160 1238 2218 Bs-

198 2245 335 2321 byionia,
358 2246 494 2320 promisit
507 2246 535 2302 ei
548 2244 630 2302 Deus
644 2262 683 2300 ex
696 2245 748 2300 illo
761 2261 899 2321 magnam
911 2251 1030 2321 gentem
1042 2241 1191 2316 futuram,
1215 2255 1239 2300 et

199 2330 233 2386 in
246 2329 309 2384 eius
323 2329 436 2385 semine
450 2329 581 2387 omnium
593 2329 728 2405 gentium
742 2327 994 2399 benedictionem,
1020 2325 1140 2402 Assyrii
1160 2346 1239 2404 quar-

198 2420 264 2468 tum
275 2427 376 2490 regem
388 2409 545 2484 habebant,
558 2408 695 2488 Sicyonii
708 2411 853 2485 quintum:
873 2408 949 2484 apud
962 2411 1027 2466 illos
1041 2411 1122 2466 enim
1135 2429 1239 2490 regns·

199 2493 251 2554 bat
262 2494 341 2552 filius
350 2493 424 2552 Nini
433 2504 501 2570 post
510 2503 634 2554 matrem
640 2492 872 2566 Semiramidem,
886 2511 959 2569 quae
971 2493 1006 2552 ab
1018 2493 1070 2550 illo
1085 2495 1242 2552 interiecta

198 2577 379 2656 perhibetur,
393 2597 466 2636 ausa
478 2579 571 2638 filium
583 2587 678 2636 mater
689 2579 838 2634 incestare
852 2575 1017 2634 concubitu.
1035 2575 1127 2634 Hanc
1140 2588 1242 2654 patant

199 2664 338 2722 nonnulli
349 2661 517 2720 condidisse
527 2662 717 2737 Babylonem,
731 2679 817 2738 quam
828 2659 945 2735 quidem
957 2662 1054 2736 potuit
1064 2662 1241 2720 instaurare

199 2745 324 2814 Quando
338 2755 448 2818 autem,
466 2749 517 2804 vel
530 2745 675 2822 quomodo
689 2743 808 2802 condita
820 2743 920 2817 fuerit,
932 2744 965 2800 in
978 2753 1063 2801 sexto
1078 2744 1195 2802 decimo
1209 2747 1242 2802 ii·
1260 2805 1261 2812 χ

197 2828 252 2888 bro
265 2830 409 2886 dirimas.⁴
429 2829 537 2886 Filium
549 2847 638 2904 porro
652 2827 726 2886 Nini
736 2825 994 2898 etSemiramidis,
1008 2829 1058 2904 qui
1071 2829 1165 2886 matri
1178 2847 1242 2886 sue·

198 2912 290 2969 cessit
301 2913 334 2968 in
347 2929 484 2990 regnum,
500 2912 618 2987 quidam
629 2913 717 2968 ctiam
730 2913 826 2989 ipsum
838 2911 960 2984 Ninum,
974 2910 1093 2988 quidam
1104 2931 1178 2969 vero
1194 2911 1241 2968 de·

197 2995 295 3050 riveto
308 3012 327 3050 a
337 3003 422 3068 patre
435 2994 578 3051 vocabulo
593 2993 713 3052 Nimiam
725 3004 842 3056 vocant.
859 2994 1069 3071 Sicyoniorum
1082 3005 1183 3052 autem
1194 3013 1240 3050 re-

198 3090 290 3154 gnum
302 3086 375 3134 tune
388 3076 511 3134 tenebat
524 3075 653 3136 Telxion
668 3073 852 3160 [Telexion].
895 3079 961 3146 Quo
981 3087 1132 3157 regnante
1150 3097 1239 3154 nsque

199 3157 273 3216 sdeo
286 3159 328 3218 ibi
340 3161 425 3218 aritia
438 3169 468 3218 et
479 3163 558 3218 laeta
571 3171 704 3237 tempora
717 3162 852 3235 fuerunt,
875 3171 909 3220 ut
921 3181 989 3220 amn
1001 3161 1178 3220 defunctum
1188 3180 1238 3218 ve-

196 3243 244 3302 dut
255 3243 343 3302 deum
363 3246 495 3304 colerent
513 3247 724 3319 sacrificando,
752 3257 782 3304 et
799 3247 883 3305 ludos
903 3245 1096 3319 celebrando,
1118 3264 1196 3324 quos
1216 3247 1240 3300 ei

128 3379 135 3392 ,
196 3329 335 3404 primitus
348 3330 502 3389 institutos
516 3331 627 3390 ierunt.

201 3522 306 3609 Qnidns
320 3527 500 3597 regnantibus
515 3529 589 3610 apud
597 3447 722 3610 ΕιιιΑήῖι
735 3445 971 3610 cthsielbtcpontos
980 3525 1106 3579 Abrabae
1119 3535 1242 3580 cesten·
1260 3511 1261 3514 ¹

205 3617 207 3622 ·
266 3611 310 3648 rso
321 3596 401 3650 Isaac
411 3598 442 3648 de
449 3599 627 3665 promissione
638 3607 676 3650 est
686 3597 1177 3666 nctus‚eelcpss1saocseaeugenm'o

395 3665 473 3720 Ειιιι
482 3677 510 3722 et
519 3668 600 3724 Iacob
607 3667 713 3738 gemini
722 3669 754 3722 de
763 3665 884 3720 Rebecca
894 3665 951 3728 sint
960 3664 1037 3718 editi.

272 3749 365 3807 Cuius
379 3756 556 3830 temporibus
571 3757 661 3813 etiam
673 3754 755 3814 lsaac
769 3773 807 3812 ex
819 3758 1015 3830 promissione
1025 3753 1085 3812 Dei
1098 3764 1190 3814 astus
1203 3763 1244 3810 est

198 3835 369 3892 centenario
387 3840 464 3912 patri
477 3839 557 3900 filius
571 3837 704 3898 Abrabae
722 3839 758 3898 de
771 3837 846 3898 Sars
865 3839 1009 3920 coniuge,
1034 3855 1112 3914 quse
1133 3839 1243 3896 sterilis
