2590 4396
229 192 271 248 82
448 183 547 243 DlVl
573 179 764 242 Avnnnls
787 179 1047 242 AVGVS'l'lNl

231 352 317 398 terat.
361 337 570 395 Discesserant
582 351 653 392 sane
668 351 737 389 ecoe
750 334 809 390 iam
822 335 928 406 tertio,
951 343 985 390 ut
999 335 1042 391 eis
1056 346 1160 410 quarta
1172 336 1260 397 Rome

231 421 486 500 providentissime
513 418 690 476 crederetur.
735 415 936 491 Displicuerat
959 419 1038 476 enim
1061 428 1091 476 et
1104 420 1188 493 Alba,
1213 424 1261 480 ubi

231 508 363 566 Amulius
381 506 505 578 expulso
517 502 624 572 fratre,
652 509 682 556 et
694 497 788 558 Roma
800 502 967 576 placuerat,
993 502 1045 560 ubi
1057 500 1197 562 Romulus
1211 525 1258 562 oc·

229 593 291 648 ciso
305 590 398 648 fratre
411 593 597 665 regnaverat.
637 579 697 640 Sed
710 593 867 660 antequam
878 584 952 644 Alba
965 583 1151 659 dirueretur,
1164 598 1257 646 trans·

229 677 314 732 lusus
341 683 404 742 est,
432 670 588 744 inquiunt,
614 669 740 742 populus
754 669 818 724 eius
831 669 864 724 in
876 667 1016 742 Romam,
1042 679 1075 728 ut
1089 689 1128 729 ex
1141 681 1260 748 utraque

228 776 287 816 una
311 758 415 813 civitas
436 753 531 810 fieret.
572 749 665 822 Esto,
690 752 733 808 ita
746 751 858 810 laetum
870 755 925 812 sit:
951 754 1021 812 urbs
1035 763 1134 812 tamen
1147 757 1260 814 illasio-

229 842 307 899 oanii
320 857 445 916 regnum
460 846 490 892 et
504 835 626 892 tertium
651 833 831 894 domicilium
844 835 1044 897 Troianorum
1066 839 1200 912 deorum,
1225 840 1260 896 ab

227 924 300 980 urbe
313 922 374 978 lilia
386 931 480 978 suntor
494 937 598 977 eversa
611 927 665 976 est.
708 915 748 974 Vt
773 928 873 977 autem
885 921 955 978 belli
968 923 1110 996 reliquiae
1124 942 1140 979 c
1153 923 1261 981 duobus

225 1007 341 1082 populis
355 1024 448 1063 uuum
461 1005 595 1060 lacerent
607 1001 774 1060 miserabile
788 1006 960 1082 coagulum,
973 1007 1083 1064 multus
1097 1015 1166 1063 ante
1179 1007 1261 1064 fusus

226 1098 381 1165 utriusque
394 1089 515 1166 sanguis
528 1086 595 1144 fuit.
639 1085 717 1154 Quid
734 1087 793 1143 iam
805 1089 978 1166 singillatim
991 1087 1087 1146 dicam
1099 1091 1153 1148 sub
1167 1100 1263 1146 eaete-

226 1176 267 1230 ris
280 1173 400 1252 regibus
414 1174 503 1229 toties
518 1169 620 1228 cadem
632 1171 708 1228 bella
731 1179 891 1242 renovata,
918 1188 995 1246 quae
1020 1173 1154 1230 victoriis
1179 1172 1265 1230 linita

225 1257 418 1328 videbantur,
445 1265 476 1314 et
489 1255 580 1312 tantis
596 1253 745 1332 stragibus
759 1255 866 1310 iterum
879 1262 966 1329 atque
983 1255 1092 1311 iterum
1117 1256 1264 1328 confecta,

224 1344 333 1398 iterum
346 1343 512 1416 iterumque
524 1347 591 1415 post
615 1337 721 1396 foedus
735 1347 766 1396 et
778 1355 880 1411 paoem
903 1338 981 1394 inter
994 1355 1121 1415 generos
1136 1347 1167 1394 ct
1179 1357 1265 1396 soce-

224 1444 273 1482 ros
287 1435 318 1481 ct
331 1443 434 1480 eorum
446 1425 568 1496 stirpem
578 1431 772 1497 posterosque
785 1416 933 1497 repetitol
970 1419 1039 1478 Non
1050 1439 1173 1496 parvum
1184 1422 1265 1478 iudi-

224 1510 303 1564 cium
316 1507 491 1562 calamitatis
504 1503 593 1560 huius
606 1504 681 1575 fuit,
707 1523 781 1578 quos
799 1515 898 1578 portas
912 1505 983 1562 belli
996 1505 1093 1562 nullus
1108 1505 1214 1562 clausit
1227 1507 1265 1560 il-

223 1591 327 1645 lorum.
372 1586 477 1644 Nullus
504 1603 575 1661 ergo
602 1587 722 1646 illorum
747 1586 801 1644 sub
816 1597 861 1644 tot
882 1586 937 1644 diis
949 1587 1134 1662 praesidibus
1148 1588 1180 1646 in
1192 1607 1265 1663 paee

222 1672 368 1749 regnavit.

619 1801 742 1859 cla
786 1797 864 1880 xa

364 1901 460 1970 Qualis
470 1898 654 1976 Romanorum
663 1914 757 1969 regum
768 1897 917 1968 niteatque
927 1898 1125 1972 exitusfuers‘t.

288 2012 420 2089 lpsorum
432 2018 533 2065 autern
545 2024 651 2084 regum
663 2007 714 2082 qui
727 2007 826 2064 exitas
840 2002 986 2066 fuerumt
1018 2006 1066 2066 De
1077 2007 1204 2069 Romulo
1217 2014 1263 2072 ri-

223 2099 300 2154 derit
312 2096 441 2153 adulatio
455 2092 599 2164 fabulosa,
613 2107 671 2166 qua
683 2087 853 2165 perhibetur
867 2099 1002 2166 receptus
1013 2093 1046 2149 in
1060 2095 1183 2152 eoelum.
1211 2095 1263 2154 Vi-

224 2183 322 2238 derint
334 2179 452 2254 quidam
475 2176 634 2250 scriptores
660 2191 778 2245 eorum,
805 2175 856 2250 oui
868 2191 936 2231 eum
946 2185 1066 2251 propter
1078 2177 1265 2238 ferocitatem

223 2283 241 2320 a
267 2271 372 2319 senatu
396 2261 576 2334 discerptum
602 2275 668 2314 esse
694 2255 852 2330 dixerunt,
884 2257 1136 2336 subornatumque
1161 2265 1264 2322 nascio

223 2365 309 2422 quem
321 2343 428 2400 lulium
439 2341 615 2413 Proculum,
639 2341 692 2417 qni
704 2359 771 2398 eum
783 2341 841 2399 sibi
853 2343 1026 2417 apparuisse
1039 2343 1166 2416 diceret,
1180 2365 1263 2406 eum-

223 2448 280 2504 que
292 2447 345 2504 per
358 2445 391 2483 se
403 2427 508 2501 populo
521 2424 676 2482 nmndmse
689 2421 841 2497 Romano,
867 2433 902 2482 ut
917 2426 998 2484 inter
1010 2429 1133 2486 nurnine
1145 2431 1262 2486 colere-

222 2522 286 2586 tur3
313 2508 505 2587 eoquemode
516 2509 671 2583 populum,
697 2509 749 2585 qui
775 2516 879 2566 eontra
904 2519 1040 2568 senatum
1063 2513 1264 2570 intumescere

223 2603 375 2671 coeperat,
400 2609 569 2668 repressum
587 2600 675 2667 atquo
700 2590 841 2649 sedattnn.
883 2591 1040 2652 Acciderat
1052 2596 1131 2652 enim
1144 2604 1175 2654 et
1189 2599 1263 2653 solis

223 2679 367 2750 delectio,
393 2695 481 2753 quam
494 2683 575 2731 certa
587 2676 703 2732 ratione
717 2675 765 2732 sui
779 2692 882 2732 cursus
896 2673 1030 2734 effectam
1047 2679 1183 2754 imperita
1206 2698 1262 2738 ne-

222 2765 319 2820 sciens
332 2757 489 2818 multitude
511 2758 625 2816 meritis
638 2756 759 2814 Romuli
784 2759 940 2816 tribuebat.
984 2761 1077 2828 Quasi
1088 2780 1160 2820 vero
1173 2764 1202 2820 si
1214 2765 1262 2823 lu-

222 2854 287 2901 ctus
310 2845 361 2902 ille
386 2843 457 2898 solis
483 2841 607 2912 luisset,
633 2860 694 2898 non
708 2842 802 2918 magis
823 2840 889 2898 ideo
904 2841 987 2900 credi
999 2844 1119 2903 deberet
1131 2848 1263 2919 occisus,

221 2929 372 3002 ipsumque
385 2926 480 2980 scelus
499 2925 655 2981 aversione
668 2925 756 2981 etiam
770 2923 869 2981 diurni
881 2926 1000 2984 luminis
1015 2927 1189 2985 indicatum:
1218 2932 1263 2986 si-

222 3018 317 3065 entre
329 3026 400 3065 vera
412 3007 522 3064 loetum
537 3016 599 3079 est,
614 3025 682 3064 cum
694 3006 839 3064 Dominus
854 3008 1012 3068 crucifixus
1027 3019 1072 3070 est
1084 3009 1263 3070 crudelitate

221 3101 310 3168 atque
322 3092 471 3165 impietate
484 3088 668 3148 ludaeorum.
705 3091 799 3158 Quam
810 3093 882 3148 solis
895 3093 1131 3152 obscurationem
1144 3115 1206 3154 non
1222 3115 1263 3153 ex

222 3176 365 3232 canonico
379 3173 508 3230 siderum
531 3192 619 3230 cursu
632 3173 792 3245 accidisse,
818 3176 891 3232 satis
911 3177 1057 3248 ostendit,
1082 3178 1160 3253 quod
1186 3189 1262 3238 tunc

221 3267 286 3314 erat
297 3256 406 3333 paseha
419 3256 610 3328 ludaeorum,
637 3275 705 3314 narn
716 3258 804 3332 plena
816 3259 887 3315 luna
899 3261 1064 3319 solenniter
1075 3263 1189 3340 agitur:
1210 3282 1262 3320 re-

220 3343 333 3419 gularis
347 3351 444 3399 autem
457 3342 527 3397 solis
540 3340 668 3396 defectio
681 3358 741 3398 non
752 3341 811 3397 nisi
823 3341 911 3400 lunae
925 3342 984 3400 line
995 3347 1152 3422 contingit.
1175 3344 1262 3406 Satis

220 3434 250 3481 et
263 3423 366 3481 Cicero
380 3426 460 3482 illam
473 3426 552 3480 inter
565 3423 635 3479 deos
649 3421 767 3481 Romuli
787 3427 986 3499 receptionem
1007 3435 1138 3502 putatam
1159 3433 1261 3507 magis

184 3511 192 3527 '
219 3508 369 3586 signifieat
382 3526 463 3578 esse,
490 3524 576 3582 qnam
589 3506 712 3578 lacmm,
738 3507 854 3582 quando
870 3519 900 3566 et
912 3509 1034 3570 laudans
1048 3529 1115 3568 eum
1127 3512 1159 3570 in
1172 3513 1261 3570 libris

219 3591 255 3644 de
268 3591 418 3665 republica
430 3587 638 3664 Scipionisque
650 3607 803 3647 sermone:
818 3629 840 3662 „
847 3589 977 3652 Tantum
990 3602 1046 3664 est,
1060 3595 1170 3668 inquit,
1186 3616 1261 3655 con-

218 3682 378 3745 „secutus,
392 3682 425 3728 ut
438 3690 504 3728 cum
517 3672 614 3728 subito
628 3673 690 3729 sole
704 3673 860 3732 obscurato
871 3691 932 3732 non
946 3678 1170 3751 comparuisset,
1185 3678 1261 3736 deo-

218 3773 312 3826 „rum
325 3758 357 3811 in
370 3772 493 3812 nurnero
506 3754 666 3812 ”collocatus
679 3764 847 3830 putaretur:
874 3751 960 3831 qua'm
986 3760 1153 3834 opinionem
1167 3780 1261 3820 nemo

220 3855 371 3916 „unquam
396 3838 529 3894 mortalis
551 3838 667 3916 assequi
679 3839 775 3912 potuit
788 3839 854 3896 sine
866 3841 976 3898 cannia
989 3843 1108 3900 virtutis
1122 3845 1261 3922 gloria.“
