2586 4396
238 199 299 258 nu
328 201 540 261 crvrrlrs:
568 205 646 263 aar
670 207 749 264 ιιι.
771 207 841 265 xv.
949 191 953 198 ’
1008 214 1047 272 ao

90 351 227 426 Exempli
246 355 355 430 gratim
381 372 436 429 quo
454 355 485 412 id
497 355 549 413 liat
564 359 709 432 apertius,
736 360 843 434 aliquid
856 363 1047 438 interponam,

22 437 106 496 unde
118 437 217 492 nullus
232 438 359 516 ambigat
370 437 434 494 fieri
446 441 573 512 potuisse
587 441 662 515 quod
675 442 747 499 dico.
772 441 961 523 Evangelista
973 445 1048 504 Mat-

22 523 124 580 thaeus
145 522 367 598 generationem
385 519 556 578 Dominicae
577 527 672 581 carnis
695 545 747 601 per
771 529 875 584 scriem
896 538 1047 604 parentum

24 609 129 665 rolens
143 603 344 660 commendare
356 607 525 678 memoriae,
539 607 656 664 ordiens
669 627 687 664 a
698 619 781 684 patre
792 611 950 682 Abraham,
964 622 1050 688 atque

23 691 59 748 ad
72 688 171 746 David
182 688 317 762 primitus
330 697 363 744 nt
379 691 544 763 perveniret
560 692 730 762 intendens,
756 692 921 766 Abrabam,
945 697 1050 771 inquit,

21 774 130 852 genuit
150 769 253 830 Isaac:
280 790 333 829 cur
351 790 411 828 non
430 771 506 828 dixit
524 772 641 846 lsmail,
668 793 753 852 quern
776 779 908 851 primitus
931 775 1050 858 genuiti

21 855 117 915 Isaac
129 867 236 925 autem,
248 856 355 930 inquit,
368 859 470 932 genuit
483 853 588 914 Iacob:
601 877 652 914 cur
662 877 723 916 non
737 861 812 916 dixit
825 860 914 933 Esau,
928 864 977 938 qui
989 864 1051 917 eius

23 941 238 1018 primogenitus
257 936 330 996 fuiti
352 941 427 1006 Quia
445 941 556 996 scilicet
573 960 625 1016 per
644 944 709 1000 illos
728 943 764 1000 ad
784 943 881 1001 David
897 947 1051 1020 pervenire

24 1043 85 1080 non
93 1033 202 1098 posset.
214 1021 329 1080 Deinde
340 1025 482 1099 sequitur:
495 1021 582 1082 Iacob
594 1035 690 1083 eutem
699 1030 802 1102 genuit
811 1025 925 1100 ladam,
940 1028 1050 1100 etfro-

25 1120 87 1166 tres
101 1110 181 1166 eius:
195 1106 335 1182 numquid
348 1107 432 1164 Iudas
444 1109 654 1185 primogenitus
667 1106 738 1165 miti
765 1107 867 1182 Iudas,
880 1114 985 1187 inquit,
997 1132 1050 1190 ge·
1148 1172 1152 1178 ,

25 1195 90 1248 nuit
100 1188 220 1249 Pheres
228 1199 258 1248 ei
269 1187 399 1247 Zarcnm
412 1209 466 1246 nec
479 1192 600 1246 istorum
613 1194 794 1269 geminorum
807 1195 910 1269 aliquis
924 1194 978 1251 fuit
990 1197 1050 1270 pri·

25 1277 192 1354 mogonitus
206 1272 308 1344 lndae,
332 1273 463 1330 sedante
478 1276 544 1329 illos
555 1263 617 1330 iam
630 1285 688 1331 tras
702 1285 851 1354 genuerat.
879 1276 938 1335 Eos
951 1279 1051 1353 itaque

27 1361 125 1414 tenuit
137 1360 170 1413 in
183 1357 285 1414 ordine
296 1358 529 1436 generationum,
547 1375 598 1432 per
612 1375 684 1432 quos
702 1359 737 1414 ad
750 1359 861 1431 David,
884 1370 971 1438 atque
984 1360 1052 1416 inde

28 1460 85 1516 quo
99 1440 273 1511 intenderat,
285 1443 460 1516 perveniret.
473 1439 521 1497 Ex
532 1459 586 1516 quo
597 1442 723 1520 intelligi
735 1452 841 1518 potest,
854 1452 967 1500 veteres
981 1461 1051 1519 quo-

27 1543 80 1600 que
98 1524 230 1580 homines
247 1534 315 1581 ante
334 1523 474 1581 diluvium
494 1542 553 1580 uon
570 1525 799 1608 primogenitae,
826 1527 876 1582 sed
895 1545 945 1584 eos
962 1526 1052 1583 fnisse

26 1618 279 1678 commemorator,
301 1627 354 1682 per
371 1625 441 1684 quos
460 1607 675 1664 succedentium
696 1608 766 1666 ordo
783 1613 1002 1688 generationum
1016 1609 1052 1665 ad

26 1691 89 1748 Noi
102 1689 297 1767 patriarcham
310 1691 474 1762 duceretur,
487 1709 524 1747 nc
539 1709 620 1748 serae
630 1692 789 1767 pubertatis
803 1695 919 1751 illorum
932 1693 1053 1750 obscura

27 1786 57 1831 et
69 1795 128 1832 uon
142 1777 308 1832 necessaria
321 1777 451 1851 quaestio
464 1794 518 1832 nos
530 1776 644 1854 fatiget.

408 1941 475 1999 CA
497 1941 529 1998 P.
572 1941 675 2003 XVI.

25 2037 65 2092 De
79 2040 140 2091 iure
156 2038 356 2110 coniugiorum,
380 2040 450 2159 quod
468 2039 626 2091 dissimiles
643 2039 857 2121 subsequentibus
876 2038 1053 2092 matrimoniis

344 2107 378 2160 bc
397 2109 487 2160 serint
500 2108 589 2176 primo
600 2108 739 2162 cosmubsu.

87 2197 161 2254 Cum
173 2199 266 2276 igitur
278 2216 372 2277 genus
385 2197 542 2255 humanum
553 2207 621 2273 post
631 2200 753 2274 primam
771 2200 901 2274 copulam
914 2197 970 2254 viri
983 2196 1055 2252 faeti

27 2301 66 2339 ex
78 2283 212 2358 pulvere,
233 2291 264 2338 et
276 2283 409 2360 coniugis
423 2283 485 2338 eius
499 2299 536 2337 ex
549 2282 607 2338 riri
620 2284 721 2353 latere,
734 2284 856 2339 marium
868 2280 1054 2337 feminarum-

28 2385 84 2441 que
104 2367 312 2424 coniunctione
330 2384 399 2440 opus
417 2365 551 2437 haberet,
582 2375 615 2422 ut
634 2367 782 2444 gignendo
800 2367 1054 2440 multiplicaretur;

28 2470 80 2507 nec
94 2459 196 2506 essent
208 2452 261 2506 ulli
273 2447 420 2522 homiues,
443 2451 502 2506 nisi
516 2451 565 2524 qui
584 2467 621 2504 ex
641 2451 699 2504 illis
716 2449 828 2505 duobus
842 2451 903 2504 nati
916 2449 1054 2518 fuisseut3

28 2537 84 2590 viri
101 2552 220 2591 sorores
241 2551 309 2590 suas
331 2534 471 2611 coniuges
492 2541 679 2606 acceperunt:
705 2531 782 2606 quod
800 2532 931 2606 profecto
946 2538 1054 2604 quanto

30 2628 76 2673 est
89 2619 236 2693 antiquius
249 2619 438 2693 compellente
451 2616 641 2686 necessitate,
667 2623 750 2670 tanto
768 2623 869 2690 postea
889 2613 998 2668 factum
1011 2620 1056 2666 est

28 2700 220 2756 damnabilius
234 2703 378 2779 religione
391 2698 570 2774 prohibente.
597 2696 704 2754 Habita
718 2706 762 2752 est
775 2698 852 2753 enim
865 2697 939 2752 ratio
951 2695 1055 2751 rectis·

29 2786 106 2840 sima
121 2785 258 2856 cadatis,
270 2795 303 2841 ut
315 2783 446 2840 homines
461 2783 563 2858 quibus
577 2789 654 2838 esset
665 2781 746 2838 utilis
757 2789 842 2856 atque
852 2779 975 2836 honesta
985 2795 1055 2833 con-

29 2867 147 2940 cordia,
160 2867 339 2926 diversarum
359 2858 608 2924 necessitudinum
626 2866 751 2923 vinculis
772 2873 976 2934 necterentur3
1002 2878 1057 2918 nec

27 2971 104 3009 unus
121 2953 152 3008 in
165 2971 224 3008 uno
237 2955 344 3008 multas
356 2949 489 3022 haberet,
516 2949 567 3006 sed
580 2951 713 3028 singulae
732 2959 938 3026 spargerentur
950 2949 981 3002 in
995 2947 1056 3001 sin-

26 3039 131 3115 gulos3
156 3054 191 3091 ac
208 3037 250 3092 sic
264 3035 301 3091 ad
318 3036 454 3092 socialem
467 3035 556 3104 vitam
574 3033 745 3111 diligentius
759 3031 951 3112 colligandam
964 3029 1056 3104 pluri·

25 3139 92 3177 mae
109 3121 253 3196 plurimos
273 3119 449 3176 obtinerent.
485 3115 573 3172 Pater
590 3119 692 3193 quippe
710 3125 739 3173 et
757 3135 840 3174 socer
853 3118 975 3173 duarum
989 3121 1058 3170 sunt

26 3203 279 3261 necessitudinum
291 3203 419 3258 nomina.
451 3200 490 3256 Vt
502 3218 573 3278 argo
586 3201 674 3256 alium
686 3201 807 3275 quisquc
820 3198 923 3255 habeat
935 3206 1057 3273 patrem,

25 3290 116 3344 alium
130 3305 279 3358 socerum,
305 3286 487 3342 nurnerosius
502 3301 533 3338 sc
547 3284 652 3338 caritas
664 3283 796 3358 porrigit.
828 3279 989 3355 Vtrumque
1004 3296 1056 3334 au·

25 3382 92 3426 tem
103 3389 181 3428 unua
195 3370 287 3426 Adam
301 3387 364 3425 esse
378 3367 536 3446 cogebatur
550 3374 579 3420 et
591 3365 659 3421 filiis
671 3373 701 3420 et
713 3363 824 3420 filiabus
839 3366 916 3434 suis,
942 3359 1057 3436 quando

23 3456 136 3512 fratres
151 3471 325 3528 sororesque
339 3451 483 3509 connubio
496 3450 703 3526 iungebantur.
726 3445 776 3503 Sic
789 3456 818 3503 et
829 3445 894 3503 Eva
906 3461 982 3499 uxor
995 3445 1057 3497 eius

25 3539 150 3614 utrique
163 3539 249 3595 sexui
262 3536 386 3593 filiorum
401 3534 458 3590 tuit
471 3541 499 3588 et
512 3550 614 3588 socrus
628 3541 658 3588 et
671 3539 775 3586 mater:
802 3547 874 3605 quae
889 3528 915 3582 si
928 3527 1001 3581 duae
1014 3522 1057 3576 fc-

20 3624 127 3680 minae
139 3623 278 3694 inissent,
292 3629 385 3676 mater
397 3619 500 3687 altera,
522 3624 551 3670 et
564 3633 665 3672 socrus
678 3616 784 3684 altera,
806 3610 950 3686 copiosius
964 3625 996 3662 se
1009 3623 1058 3662 so-

20 3709 110 3763 cialis
129 3706 250 3764 dilectio
270 3705 433 3781 colligaret.
465 3698 531 3774 Ipsa
549 3698 674 3774 denique
687 3699 745 3752 iam
759 3713 859 3765 soror,
882 3691 1057 3776 quodetiam

19 3809 104 3848 uxor
117 3791 218 3860 fiebat,
230 3787 303 3844 duas
316 3786 434 3844 tenebat
445 3801 504 3840 una
517 3780 765 3840 necessitudines:
779 3779 879 3856 quibus
892 3795 943 3852 per
957 3777 1057 3854 singu-

15 3877 70 3932 las
88 3874 264 3942 distributis,
277 3881 311 3928 ut
321 3872 414 3927 altera
427 3873 505 3924 essct
518 3883 618 3936 soror,
640 3867 731 3920 altera
745 3883 829 3936 uxor,
842 3862 990 3918 bominum
1002 3877 1059 3916 nu-
