2592 4396
217 225 277 282 400
445 160 542 267 nivr
564 203 753 264 svnnnn
774 199 1030 260 lvovsrrnr

218 374 287 432 dum
301 366 437 444 spiritum
449 360 658 430 vivificantem,
681 357 818 414 animalia
831 355 969 412 dicuntur
983 371 1118 430 corporo,
1143 375 1196 415 aec
1210 369 1250 417 ta·

219 473 286 512 men
299 451 414 508 animae
428 455 512 517 sunt,
535 444 586 502 sed
599 458 736 517 corpora:
759 443 801 496 ita
812 442 863 496 illa
876 441 1020 515 spiritalis
1034 450 1176 498 vocantur
1189 461 1251 502 cor-

218 551 306 614 pora3
333 533 409 591 absit
422 541 519 588 tamen
533 537 567 586 ut
579 529 700 603 spiritus
716 545 751 582 ea
764 525 915 581 credamus
929 525 1043 596 lutum,
1069 524 1121 581 scd
1135 543 1252 602 corpora

219 620 317 678 carnis
336 616 470 673 habitura
489 613 697 682 substantiam,
723 609 774 666 sed
786 610 897 665 nullam
910 607 1078 667 tarditatem
1092 613 1251 686 corruptio-

218 721 342 778 nemque
363 700 510 756 carnalem
528 697 634 770 spiritu
657 693 826 752 vivificante
848 705 979 769 passuro.
1013 691 1099 750 Tunc
1121 696 1177 749 iam
1194 713 1252 751 uon

218 799 365 858 terrenus,
380 783 432 840 sed
445 781 578 837 coelestis
589 778 679 836 <bomo
693 780 763 850 erlt3
778 793 838 836 non
849 779 917 854 quia
927 793 1033 853 corpus
1046 775 1122 853 quod
1131 777 1166 834 de
1176 787 1252 834 terra

218 871 331 928 fectum
343 876 401 939 est,
415 883 476 922 non
489 865 584 939 ipsum
597 865 667 935 erit3
681 862 733 919 sed
744 863 812 937 quia
823 861 901 917 donc
912 863 1033 918 coelesti
1046 862 1104 917 iam
1116 863 1174 917 tale
1187 863 1250 934 erit,

218 963 252 1011 ut
266 953 356 1008 etiam
369 952 449 1007 coelo
463 947 618 1005 incolendo
631 965 692 1004 non
705 947 814 1002 amissa
832 953 954 1018 natura,
976 945 1027 1000 scd
1039 953 1149 1001 mutata
1162 948 1250 1020 qnali-

218 1046 281 1094 tate
295 1035 460 1093 conveniet.
493 1031 608 1088 Primus
622 1039 722 1088 autem
734 1028 819 1086 homo
833 1029 868 1086 de
882 1039 962 1086 terra
975 1037 1127 1100 terrenus,
1146 1031 1177 1085 in
1190 1031 1250 1084 ani·

219 1134 297 1178 mam
309 1120 458 1177 viventem
471 1115 567 1172 sectus
580 1124 636 1188 est,
650 1133 710 1172 non
723 1115 756 1170 in
769 1114 905 1188 spiritum
917 1109 1125 1184 vivificantem,
1140 1113 1214 1188 quod
1227 1114 1253 1167 ei

219 1221 272 1280 per
284 1202 468 1260 obedientiae
478 1201 615 1256 meritum
625 1197 805 1256 servabatur.
819 1195 888 1254 ldeo
899 1213 1006 1270 corpus
1018 1197 1092 1268 eius,
1105 1193 1179 1271 qnod
1190 1196 1253 1252 cibo

219 1307 254 1345 ac
267 1295 338 1362 potu
351 1285 467 1364 egebat,
480 1303 519 1340 ne
532 1283 609 1339 ieme
622 1282 786 1338 afficeretur
799 1299 833 1335 ac
846 1281 907 1351 siti,
923 1289 953 1336 et
965 1297 1026 1336 non
1039 1281 1254 1335 immortalitate

219 1373 271 1428 illa
284 1369 417 1426 absoluta
429 1377 516 1442 atque
530 1365 742 1436 indissolubili,
757 1363 808 1420 sed
821 1365 904 1442 liguo
918 1365 997 1421 vitae
1011 1379 1028 1420 a
1040 1364 1140 1420 mortis
1154 1381 1253 1419 neces·

220 1457 306 1511 sitate
326 1451 547 1527 prohibebatur,
571 1458 658 1534 atque
676 1451 707 1506 in
726 1449 888 1505 iuventutis
905 1445 978 1504 flore
1000 1447 1171 1518 tenebatur,
1196 1465 1253 1504 non

219 1537 362 1612 spiritale,
377 1534 428 1590 sed
439 1535 565 1589 animale
574 1529 678 1604 fuisse,
693 1551 753 1588 non
764 1531 883 1588 dubium
894 1540 953 1588 est:
968 1549 1151 1608 nequaquam
1160 1540 1254 1587 tamen

220 1621 404 1687 moriturum,
418 1609 476 1671 nisi
490 1615 521 1672 in
533 1610 591 1674 Dei
604 1613 800 1690 praedicentis
811 1615 1010 1692 minantisque
1021 1615 1198 1672 sententiam
1207 1615 1253 1670 de-

219 1699 381 1777 linquendo
396 1701 564 1756 corruisset.
598 1695 639 1754 Et
651 1701 799 1755 alimentis
814 1699 929 1774 quidem
944 1701 1033 1756 etiam
1047 1707 1132 1755 extra
1144 1699 1252 1774 paradi·

221 1802 285 1840 sum
298 1803 359 1840 non
374 1784 505 1860 negatis,
521 1783 633 1861 aligno
647 1792 745 1840 tamen
759 1783 836 1840 vitae
848 1781 1024 1858 prohibitus,
1043 1781 1169 1840 traditus
1185 1792 1254 1838 esset

221 1867 347 1942 tempori
360 1863 560 1944 vetustatique
581 1866 706 1944 [tardius
721 1875 799 1923 essct
812 1876 943 1942 tempore
956 1862 1173 1942 vetustateque]
1192 1866 1254 1921 fini-

221 1951 323 2022 endus,
337 1949 369 2007 in
384 1969 419 2006 ea
432 1949 576 2006 duntaxat
588 1951 661 2022 vita,
676 1969 763 2026 quam
771 1951 803 2007 in
814 1969 937 2026 corpore
944 1953 1013 2008 licet
1023 1951 1154 2019 animali,
1169 1951 1256 2006 donec

221 2035 354 2110 spiritale
368 2026 553 2090 obedientiae
569 2031 674 2090 merito
689 2031 784 2106 fieret,
797 2045 898 2109 posset
916 2035 948 2092 in
967 2033 1102 2110 paradiso
1121 2035 1181 2090 nisi
1193 2053 1256 2108 pec-

222 2127 334 2191 casset,
355 2107 463 2174 babere
483 2126 664 2192 perpetuam.
697 2117 882 2192 Quapropter
902 2119 1016 2176 etiamsi
1037 2131 1163 2176 mortem
1176 2120 1259 2174 istam

220 2201 423 2271 manifestam,
445 2217 502 2276 qua
515 2199 549 2256 fit
562 2198 677 2256 animae
696 2219 714 2256 a
732 2219 854 2275 corpore
875 2205 1035 2278 separatio,
1061 2203 1258 2279 intelligamus

221 2285 309 2341 simul
322 2283 520 2361 significatam
533 2284 565 2338 in
585 2301 620 2337 eo
634 2282 714 2356 quod
726 2279 806 2340 Deus
826 2281 957 2356 dixerat,
987 2283 1054 2356 Qua
1072 2287 1119 2343 die
1139 2287 1259 2344 ederitis

221 2387 258 2424 cs
273 2365 334 2436 illo,
348 2375 442 2423 morte
454 2365 636 2422 moriemini:
651 2385 711 2422 non
725 2365 792 2422 ideo
807 2363 894 2426 debet
906 2361 1063 2426 absurdum
1077 2369 1184 2440 videri,
1199 2371 1260 2444 quin

220 2469 283 2507 non
293 2469 327 2507 eo
339 2467 460 2525 prorsus
471 2447 518 2504 die
532 2467 549 2504 a
563 2467 685 2524 corpore
699 2462 769 2508 sunt
782 2451 884 2524 soluti,
899 2471 956 2528 quc
969 2453 1061 2510 cibum
1072 2452 1262 2524 interdictum

220 2531 462 2609 mortiferumque
475 2541 650 2590 sumserunt.
666 2529 711 2590 Eo
726 2535 831 2610 quippe
845 2535 892 2592 die
905 2545 1017 2594 mutata
1030 2539 1061 2593 in
1075 2535 1205 2592 deterius
1218 2538 1261 2592 vi·

221 2620 352 2694 tiataque
366 2625 482 2688 natura,
496 2627 583 2692 atque
593 2636 611 2673 a
621 2619 704 2696 ligno
715 2620 794 2675 vitae
805 2619 990 2692 separatione
999 2623 1172 2691 iustissima,
1186 2640 1262 2677 mor·

220 2703 259 2759 tis
274 2701 306 2759 in
320 2699 363 2758 eis
377 2699 466 2756 etiarn
480 2698 642 2774 corporalis
656 2703 821 2757 necessitas
832 2698 911 2759 facta
922 2713 976 2775 est,
991 2723 1057 2761 cum
1071 2723 1128 2779 qua
1141 2723 1197 2760 nos
1212 2724 1262 2760 ne-

220 2785 358 2842 cessitate
370 2785 434 2840 nati
445 2799 552 2838 sumus.
567 2775 691 2857 Propter
701 2783 778 2858 quod
786 2785 939 2860 Apostolus
947 2789 1065 2859 nonait,
1077 2785 1191 2864 Corpus
1200 2791 1264 2865 qui-

221 2867 287 2924 dem
301 2867 479 2922 moriturum
493 2873 537 2920 est
550 2874 670 2940 propter
683 2881 851 2942 peccatum:
879 2867 929 2924 scd
943 2873 1000 2942 ait,
1018 2869 1133 2950 Corpus
1149 2875 1264 2950 quidem

220 2960 366 3006 mortuum
378 2957 424 3005 cat
429 2957 560 3026 propter
571 2959 737 3046 peccatum,
748 2951 876 3030 spiritua
888 2965 986 3026 eutem
996 2957 1062 3012 vito
1075 2966 1122 3012 eet
1132 2966 1265 3034 propter

221 3033 379 3088 iustitiam.
394 3029 511 3086 Deinde
523 3031 687 3110 subrungit:
701 3031 983 3114 SiaotemSpiritus
997 3041 1060 3096 cius
1071 3040 1123 3116 qui
1134 3040 1265 3096 eaecita-

220 3116 265 3172 m‘t
276 3113 427 3170 christum
442 3133 462 3170 a
474 3116 611 3185 mortuis,
623 3113 886 3188 substentaculis,
899 3119 1065 3194 oivsflcodit
1080 3132 1109 3180 et
1122 3122 1264 3179 mortalia

221 3215 350 3276 corpora
360 3206 474 3269 cestro,
483 3197 769 3275 perinbabitontcm
780 3197 928 3279 Spiritum
948 3207 1011 3261 eius
1023 3207 1053 3262 in
1066 3205 1157 3264 cobis.
1179 3204 1265 3262 Tunc

221 3291 293 3359 ergo
308 3282 365 3336 erit
379 3297 486 3356 corpus
500 3281 532 3338 in
547 3281 682 3358 spiritum
694 3283 904 3357 vivificantem,
919 3287 1087 3362 quodnunc
1099 3290 1191 3348 estin
1203 3291 1265 3344 ani-

220 3383 296 3420 mam
314 3363 478 3440 vivcntem3
506 3374 652 3423 ettamen
669 3377 820 3424 mortuum
838 3367 909 3426 dicit
921 3371 1095 3448 Apostolus,
1121 3375 1193 3450 quia
1213 3374 1266 3428 iam

220 3447 366 3504 moriendi
381 3447 560 3506 necessitate
574 3452 766 3507 constrictum
787 3461 840 3508 est.
870 3448 957 3512 Tunc
975 3467 1073 3512 autem
1092 3458 1136 3514 ita
1154 3466 1221 3513 erat
1239 3457 1267 3510 in

220 3534 347 3588 animam
356 3533 518 3604 viventem,
533 3535 667 3608 quamvis
681 3552 743 3590 non
756 3537 788 3592 in
800 3537 935 3612 spiritum
948 3539 1161 3612 vivificantem,
1177 3551 1212 3596 ut
1225 3551 1267 3594 ta-

128 3653 131 3659 ,
219 3634 287 3670 men
301 3625 449 3672 mortuum
459 3617 518 3672 dici
529 3624 610 3672 reete
620 3633 681 3672 non
692 3628 806 3693 posset3
821 3622 888 3694 quia
898 3623 957 3678 nisi
965 3625 1192 3699 perpetratione
1201 3641 1268 3698 pec-

220 3699 280 3752 cati
295 3699 500 3754 necessitatem
514 3698 660 3756 moriendi
672 3698 780 3758 babere
793 3721 852 3760 non
864 3716 973 3780 posset.
1010 3703 1083 3762 Cum
1096 3725 1173 3763 vero
1189 3701 1270 3762 Dens

221 3788 251 3833 et
264 3779 404 3850 dicendo,
425 3780 520 3839 Adam
534 3782 585 3838 utu·
597 3781 650 3839 es?
672 3795 795 3842 mortem
809 3788 1021 3866 significaverit
1033 3791 1169 3862 animae,
1198 3809 1272 3866 quac

222 3859 298 3918 iacta
312 3873 357 3918 est
370 3865 420 3920 illo
434 3864 603 3936 deserente3
619 3877 649 3923 et
662 3867 796 3942 dicendo,
815 3871 912 3931 Terre
924 3893 965 3944 es,
980 3884 1010 3932 et
1023 3876 1052 3930 in
1068 3883 1190 3932 terrem
1206 3873 1272 3940 ibis,
