2538 4392
214 197 271 256 rao
439 157 538 248 orvi
557 183 748 245 ivouuu
771 179 1026 241 Avcvsrrur

214 347 342 424 aperiam
355 341 426 420 quid
438 343 470 398 io
483 339 607 397 Psalmis
617 337 714 394 David
727 336 762 392 de
772 333 899 393 Domino
912 332 978 392 lecu
991 332 1113 394 Christo
1126 339 1179 395 vel
1192 341 1241 396 eiu

214 429 350 488 Eccleria
361 423 588 502 prophetaverit.
607 421 672 498 Ego
686 429 784 478 autem
797 429 830 476 ut
841 417 899 474 hoc
913 435 974 477 nau
986 420 1029 474 ita
1042 418 1165 492 faciam,
1179 423 1243 480 aicot

152 577 154 582 ,
214 512 331 571 videtur
347 511 412 584 ipra
430 507 611 582 exspectatio
629 505 793 580 pertertare,
820 497 965 578 (quamvis
982 503 1088 560 iamin
1102 521 1166 561 uno
1179 504 1243 562 fece

213 589 293 671 riou)
317 594 415 668 eopia,
428 609 517 666 quam
530 589 630 663 inopie
642 589 738 665 magio
751 584 904 660 impedior.
928 583 1036 644 Omnia
1049 587 1132 644 enim
1144 607 1243 662 ponere

213 675 352 736 vitandae
364 673 544 749 prolixitatis
558 689 645 730 causa
655 669 823 744 prohibeor:
836 685 942 724 vereor
955 678 1052 726 autem
1066 687 1107 725 ue
1121 673 1244 728 cumali-

214 779 272 838 qua
285 761 421 836 elegero,
439 756 557 826 multia,
578 757 627 829 qui
641 773 675 810 ea
689 763 848 824 noverunt,
861 751 962 808 videar
973 753 1070 829 magio
1085 757 1245 812 neceaaarie

213 843 401 920 praeteriere.
437 837 553 896 Deinde
567 839 636 912 quic
648 837 851 894 testimonium
864 833 943 910 quod
953 833 1119 910 profertur,
1133 837 1171 892 de
1186 856 1244 894 cor-

214 928 348 984 textioue
367 923 459 979 totius
471 920 581 978 Psalmi
598 920 683 978 debet
702 917 810 976 habere
828 915 1014 995 suffragium,
1041 927 1075 974 ut
1090 929 1168 977 certe
1181 919 1246 976 nihil

216 1011 256 1066 eit
269 1005 348 1082 quod¹
360 1007 388 1062 ei
400 1005 577 1084 refragetur,
591 1006 618 1060 ai
630 1021 691 1060 non
703 1004 801 1062 omnia
809 999 1025 1080 suffragantum
1040 1021 1080 1058 ne
1091 1021 1168 1060 more
1180 1021 1247 1058 cen·

216 1102 319 1150 tonum
332 1089 370 1146 od
387 1107 549 1166 remquam
561 1090 713 1158 volumus,
738 1096 879 1160 tauquam
899 1086 1073 1157 veraieuioa,
1098 1085 1249 1159 decerpere

216 1174 380 1244 videamur,
404 1173 487 1229 velut
500 1171 535 1228 de
549 1169 656 1252 grandi
670 1163 869 1248 [retrogrado]
883 1169 1028 1239 carmine,
1054 1169 1133 1244 quod
1144 1169 1248 1226 nonde

216 1277 251 1314 re
269 1259 334 1328 illa,
358 1255 410 1312 sed
427 1254 463 1310 de
477 1256 535 1311 alia
552 1255 699 1332 longeque
719 1252 834 1310 diversa
854 1253 1018 1328 reperiatur
1038 1269 1105 1308 care
1125 1254 1249 1310 conscri-

217 1351 308 1418 ptum.
344 1337 408 1396 Hoc
425 1348 523 1395 autem
536 1347 569 1394 ut
582 1340 614 1394 in
628 1354 801 1413 quocunque
814 1333 930 1392 Psalmo
942 1337 1037 1410 pcoait
1049 1335 1183 1404 ostendi,
1205 1354 1249 1392 ex-

218 1421 373 1501 ponendus
387 1431 432 1478 est
444 1429 537 1479 totua:
552 1420 630 1496 quod
642 1421 744 1496 quanti
756 1420 852 1494 operis
862 1421 912 1492 eit,
926 1427 956 1474 et
965 1419 1101 1491 aliorum,
1116 1428 1147 1476 et
1158 1429 1249 1476 nosce

218 1507 379 1578 volumina,
392 1506 424 1560 in
437 1505 542 1580 quibua
556 1503 612 1560 hoc
624 1503 757 1574 fecimus,
770 1503 841 1560 retia
854 1502 996 1562 iudicant.
1024 1500 1122 1580 Legat
1135 1521 1209 1581 ergo
1221 1503 1248 1558 ii-

218 1593 259 1660 la,
274 1589 324 1662 qui
337 1589 476 1659 voluerit,
490 1596 521 1644 et
533 1587 677 1661 potuerit:
697 1587 831 1642 inveniet
843 1595 914 1662 quot
928 1594 957 1641 et
970 1593 1080 1660 quante
1092 1602 1150 1642 rex
1163 1585 1248 1644 David

219 1671 355 1744 idemque
368 1667 509 1743 propheta
523 1668 558 1724 de
571 1667 687 1726 Christo
701 1679 731 1725 et
744 1671 807 1725 eius
820 1667 952 1738 Ecclesia
965 1666 1203 1743 prophetaverit,
1220 1668 1247 1724 de

219 1751 303 1832 Rege
316 1751 430 1808 scilicet
442 1761 471 1808 ct
484 1751 610 1810 Civitate
624 1769 710 1827 quam
724 1751 863 1810 condidit.

603 1903 725 1964 CAP.
767 1901 873 1964 XVI.

217 2002 262 2058 De
277 2003 318 2058 tte
332 2021 401 2074 quae
415 2005 445 2056 io
459 1971 665 2072 quadrageeima
684 2012 782 2072 quarto
797 2003 907 2060 Psalmo
922 2003 960 2056 ad
973 2001 1113 2055 Cirietam
1128 2010 1159 2055 et
1169 2002 1248 2056 Eeed·

267 2119 271 2126 .
361 2074 428 2126 eiam
436 2071 617 2142 pertinentia,
628 2083 678 2126 aat
689 2081 783 2142 aperte
793 2073 990 2148 dicanturpaat
1000 2072 1113 2140 tropice.

283 2163 448 2250 durnuoet
465 2182 544 2238 enim
561 2180 597 2236 de
609 2199 783 2258 quacunque
795 2199 828 2238 re
835 2181 975 2256 ,propriae
987 2181 1049 2238 aiut
1062 2189 1155 2255 atque
1167 2181 1248 2238 maui-

218 2267 312 2324 ieetae
324 2263 513 2339 propheticae
525 2266 706 2338 locutiones,
727 2281 849 2322 neecaae
862 2273 908 2320 eet
921 2265 1009 2322 uteie
1022 2264 1115 2320 etiam
1126 2265 1248 2337 tropieee

218 2350 413 2405 reticeantur:
439 2363 513 2422 qaae
525 2349 653 2406 maxime
665 2357 783 2424 propter
796 2346 941 2405 tardiores
956 2349 1100 2425 ingerunt
1118 2346 1249 2404 doctiori-

218 2431 272 2488 bur
286 2430 463 2489 laboriosum
475 2429 644 2505 disputandi
661 2431 884 2507 exponendique
903 2431 1063 2509 negotium.
1108 2429 1250 2498 Quaedam

217 2523 317 2572 tamen
330 2512 480 2572 Christum
492 2522 522 2570 et
531 2513 695 2572 Ecclesiam
708 2516 771 2590 iper
781 2517 875 2590 prima
884 2513 969 2585 secie,
983 2529 1052 2568 mox
1060 2522 1095 2568 ut
1105 2512 1250 2582 dicuumr,

219 2597 394 2670 oetenduut3
415 2599 471 2654 etsi
484 2615 522 2652 cx
536 2600 596 2654 otio
609 2606 723 2654 restant
739 2592 930 2672 exponenda,
952 2613 1026 2670 quae
1043 2597 1076 2652 io
1097 2597 1141 2652 eia
1158 2597 1250 2654 micae

218 2683 438 2760 intelliguntur:
465 2682 552 2756 quale
564 2681 638 2739 illud
651 2692 696 2740 eet
707 2683 739 2740 in
752 2681 854 2738 eodem
866 2677 1050 2736 Piolmorurc
1060 2679 1156 2751 libro,
1179 2679 1251 2738 Fau-

219 2767 314 2822 ctaoit
328 2783 380 2822 cce·
391 2781 485 2822 meam
497 2764 615 2822 aeriam
629 2765 742 2836 donam,
758 2766 823 2822 dico
836 2783 890 2842 ego
902 2780 994 2842 opera
1006 2781 1073 2820 acea
1085 2764 1166 2840 regi.
1185 2762 1251 2822 Lia-

216 2865 280 2923 gea
292 2865 358 2904 mea
371 2845 503 2902 calamae
515 2847 643 2918 acridae,
655 2847 797 2906 velociter
809 2846 977 2915 eorideoetie.
1017 2842 1177 2922 Speciem
1183 2847 1251 2919 for·

217 2947 266 2984 ma
273 2945 355 3005 prae
360 2927 443 2998 fiiiia
456 2927 619 2986 domiuum:
640 2930 754 3006 difflata
768 2939 815 2988 eat
826 2930 934 3006 gratia
946 2930 977 2986 ia
990 2927 1079 2986 iadiia
1096 2929 1169 3001 taio,
1179 2947 1251 3008 pro·

213 3017 323 3087 pterea
348 3009 499 3068 benedicit
524 3021 553 3068 te
571 3009 654 3068 Deae
676 3013 709 3070 io
733 3022 895 3072 aeternam.
928 3009 1097 3088 Accingere
1120 3011 1250 3089 glodiano

215 3101 299 3148 taam
316 3091 511 3163 cireafemar
525 3090 633 3170 [taam]
640 3097 857 3174 potentieaime.
892 3091 997 3174 Specie
1010 3103 1066 3152 taa
1077 3104 1110 3151 et
1116 3093 1250 3174 puleio-i·

216 3174 320 3234 tudine
332 3184 397 3244 tua,
410 3175 539 3248 intende,
547 3195 691 3257 prcepcre
696 3179 838 3257 procede,
852 3189 882 3236 et
894 3197 998 3255 regna.
1032 3173 1166 3256 Propter
1176 3177 1250 3236 oea-i·

216 3267 309 3316 tatem
322 3268 352 3316 et
365 3261 616 3320 mametudiaeaa
629 3271 659 3318 et
672 3263 820 3320 iustitiam
824 3280 835 3336 ,·
848 3272 879 3318 et
892 3261 1015 3320 deducet
1028 3270 1060 3318 te
1071 3260 1251 3320 mirabiliter

215 3340 341 3399 dextera
354 3349 416 3400 toa.
430 3339 573 3418 Sagittae
582 3354 653 3402 tuae
659 3355 766 3402 acutae
769 3345 996 3424 potentissimae
1009 3335 1251 3425 [potentium]-

216 3420 321 3503 Populi
336 3423 388 3482 aab
408 3435 438 3481 te
456 3427 580 3484 cadent:
606 3429 637 3483 ie
655 3428 743 3485 corde
760 3428 945 3484 inimicorum
963 3429 1054 3503 regie.
1088 3424 1186 3485 Sedet
1203 3435 1251 3482 tu

215 3504 298 3564 Deae
312 3508 343 3563 in
356 3507 478 3565 caecula
490 3509 686 3580 aaeeaioram,
703 3512 794 3586 virga
807 3511 980 3567 directionis
991 3511 1081 3584 virga
1095 3511 1191 3586 regni
1203 3508 1251 3565 tei·

216 3586 366 3646 Dileeiati
382 3592 546 3661 iaetitiam,
572 3601 603 3649 et
621 3593 686 3650 odic
706 3591 840 3650 deicieti
857 3594 1063 3670 iniquitatem:
1083 3602 1251 3669 propterea

215 3672 303 3725 aazia
316 3679 346 3728 te
372 3670 464 3742 Deae,
478 3671 562 3731 Deae
576 3683 645 3731 tuae
661 3674 724 3734 oleo
738 3675 948 3734 exaultatioeie
958 3692 1039 3755 prae
1044 3672 1251 3752 participibus

214 3751 283 3804 taio.
306 3750 441 3826 Myrrha,
456 3755 603 3832 στρατια,
619 3768 650 3815 et
666 3759 761 3830 coeio,
775 3775 796 3815 a
807 3759 989 3816 oeatimeatie
1004 3758 1074 3825 taio,
1088 3775 1109 3812 a
1124 3755 1252 3814 &aaa

213 3829 365 3889 aiaraein
380 3853 416 3890 ee
426 3838 529 3914 qaiiae
539 3839 761 3900 delectaverunt
773 3849 804 3900 te
809 3839 900 3914 filiae
912 3857 1016 3918 regam
1029 3841 1061 3896 ier
1070 3836 1247 3896 honoratae
