2590 4396
256 205 318 262 DE
347 203 574 264 CIVITATE
597 206 676 268 DEI
698 211 776 270 LlB.
799 215 861 275 lll.
1043 225 1083 280 77

454 355 476 413 C
498 358 522 413 A
544 357 575 413 P.
619 357 687 416 Xl.

51 439 84 492 lle
101 439 250 492 &maluero
272 433 388 488 Cornum?
409 435 556 503 Apollinis,
585 440 662 490 cuius
674 439 762 510 fietus
783 444 902 498 creditus
922 457 961 500 ast
981 452 1081 506 cloden

161 509 348 569 Graecorum,
368 505 464 574 quidus
473 505 606 572 opitulari
615 527 667 562 noo
682 521 810 579 poterat,
828 514 957 569 iudicare.

101 615 208 690 Neque
237 615 317 669 enim
341 612 461 668 aliunde
474 615 577 689 Apollo
591 618 641 673 ille
656 616 822 692 Cumanus,
850 641 916 678 eum
940 623 1080 681 adversus

45 698 170 755 Achaeos
203 714 367 774 regemque
396 696 599 755 Aristonicum
629 701 804 774 bellaretur,
844 705 1004 778 quatriduo¹
1027 705 1079 763 fle·

46 785 116 838 uisse
130 781 294 837 nunciatus
310 787 369 835 est:
397 797 455 854 quo
479 781 613 859 prodigio
640 781 809 858 haruspices
836 789 944 860 territi,
972 807 1038 847 cum
1051 789 1082 844 id

45 867 230 921 simulacrum
244 865 276 918 iu
289 881 371 918 mare
394 865 581 937 putavissent
605 885 670 922 csse
696 869 928 942 proiiciendum,
955 870 1081 929 Cumani

45 966 122 1004 senes
149 949 407 1016 intercesserunt,
435 954 522 1022 utque
544 951 712 1006 retulerunt
725 953 782 1007 tale
795 953 963 1032 prodigium
976 963 1006 1011 et
1017 955 1078 1012 An-

44 1031 129 1087 tiochi
154 1040 185 1085 et
203 1029 305 1085 Persis
319 1030 397 1085 bello
411 1029 443 1084 in
458 1029 559 1086 eodem
585 1035 755 1107 apparuisse
782 1035 939 1114 figmento:
966 1040 1079 1112 etquis

45 1114 178 1170 Romanis
193 1114 326 1169 feliciter
338 1113 541 1186 provenisset,
558 1134 595 1171 ex
609 1121 868 1174 senatusconsulto
883 1120 976 1176 eidem
989 1122 1078 1193 Apol·

44 1200 92 1253 lini
106 1215 161 1254 suo
177 1195 257 1252 dona
272 1214 338 1250 esse
351 1197 442 1250 missa
455 1199 555 1252 testati
580 1208 658 1254 suut.
703 1198 790 1256 Tunc
815 1205 898 1257 velut
923 1206 1078 1276 peritiores

45 1282 126 1336 acciti
138 1279 314 1354 haruspices
329 1277 564 1352 responderunt,
579 1283 731 1337 simulacri
741 1283 886 1356 Apollinis
897 1282 999 1340 fletum
1012 1285 1079 1340 ideo

44 1382 210 1438 prosperum
238 1381 305 1418 esse
334 1361 491 1433 Romanis,
519 1366 661 1437 quonium
678 1363 810 1420 Cumano
836 1367 953 1422 colonia
966 1366 1081 1423 Graeca

45 1456 134 1517 esset,
157 1447 285 1520 suisque
298 1446 389 1501 terris
404 1444 481 1500 unde
495 1449 609 1503 accitus
624 1455 720 1518 esset,
745 1447 775 1502 id
789 1457 852 1520 cst,
866 1451 922 1523 ipsi
937 1449 1080 1505 Graeciae

45 1532 156 1584 luctum
169 1539 196 1584 et
214 1529 328 1585 cladem
343 1528 510 1600 Apollinem
536 1529 723 1609 significasse
748 1533 920 1606 plorantem.
964 1532 1079 1589 Deinde

44 1629 112 1668 mox
124 1631 221 1689 regem
232 1613 439 1668 Aristonicum
451 1613 563 1669 victum
577 1623 607 1669 ct
617 1615 735 1686 coptum
749 1633 825 1686 esse,
839 1616 1007 1672 nuntiatum
1022 1626 1078 1686 est,

44 1715 124 1769 quem
136 1698 217 1752 vinci
232 1697 339 1771 utique
352 1696 457 1769 Apollo
471 1697 590 1753 nolebat
604 1706 634 1752 et
646 1695 777 1769 dolebat,
801 1707 832 1753 et
842 1697 899 1754 hoc
914 1701 961 1754 sui
973 1698 1078 1774 lapidis

43 1781 124 1834 etiam
138 1781 280 1854 lacrymis
294 1777 454 1834 indicabat.
497 1777 581 1835 Vnde
594 1798 656 1836 non
669 1798 881 1856 usquequaque
900 1783 1079 1859 incongrue,

42 1864 169 1936 quamvis
183 1862 346 1932 fabulosis,
360 1871 459 1916 tamen
473 1863 607 1919 veritatis
622 1864 778 1936 similibus,
793 1882 890 1919 mores
904 1864 1080 1921 daemonum

41 1945 246 2001 describuntur
260 1943 443 2000 carminibus
455 1954 618 2020 poetarum.
662 1945 738 2002 Nam
750 1946 900 2003 Camillam
914 1947 1014 2003 Diana
1026 1947 1078 2001 do-

41 2031 90 2084 luit
103 2028 183 2102 apud
196 2027 370 2106 Virgilium,
398 2035 428 2082 et
439 2025 601 2085 Pallantem
623 2032 801 2086 moriturum
814 2029 960 2085 Hercules
986 2028 1079 2085 flavit.

40 2111 113 2168 Hinc
125 2113 266 2167 fortassis
281 2120 311 2166 ct
323 2111 422 2167 Numa
435 2109 597 2185 Pompilius
610 2131 683 2186 pace
697 2113 866 2182 abundans,
893 2112 944 2167 sed
957 2130 1015 2187 quo
1027 2111 1079 2166 do·

40 2205 125 2251 naute
139 2197 300 2266 nesciens,
314 2213 370 2250 nec
385 2196 555 2268 requirens3
577 2197 803 2274 cum‘oogitaret
814 2195 943 2267 otiosus,
957 2196 1078 2271 quibus-

39 2298 101 2334 nam
115 2279 175 2334 diis
188 2277 332 2334 tuendam
345 2275 509 2334 Romanam
523 2280 648 2334 salutem
660 2297 845 2356 regnumque
870 2281 1078 2347 commueret,

39 2381 89 2418 nec
102 2381 212 2420 verum
235 2371 326 2435 atque
340 2361 572 2434 omnipotentem
586 2379 731 2418 summum
744 2361 842 2418 Deum
856 2381 962 2418 curare
976 2364 1078 2436 opina-

38 2456 117 2502 retur
130 2448 192 2500 ista
204 2453 343 2515 terrena,
371 2451 460 2517 atque
485 2447 631 2500 recoleret
645 2444 792 2501 Troianos
817 2445 905 2515 deos,
933 2463 1007 2519 quos
1021 2445 1079 2500 Ac·
1178 2475 1191 2500 ι

36 2548 104 2584 neus
133 2527 316 2598 advexerat,
344 2544 440 2600 neque
454 2521 634 2598 Troianum,
659 2545 755 2600 neque
768 2527 946 2582 Lauiniense
967 2527 1080 2597 abipso

35 2609 305 2668 Aenea'eouditum
320 2627 445 2687 regnum
459 2609 509 2666 diu
524 2603 702 2665 conservare
716 2601 868 2678 potuisse,
893 2608 966 2660 alios
980 2607 1081 2678 provi-

33 2695 152 2751 dendos
167 2694 364 2764 existimavit,
390 2710 463 2767 quos
478 2694 537 2746 illis
550 2690 699 2765 prioribus
714 2682 794 2768 (sive
808 2688 859 2762 qui
875 2705 942 2742 eum
955 2687 1080 2743 Romulo

31 2781 96 2832 iam
108 2775 235 2832 Romam
247 2777 445 2846 transierant,
472 2777 537 2831 sive
550 2771 728 2848 quandoque
741 2772 814 2828 Alba
833 2789 937 2827 eversa
962 2770 1082 2826 fueraut

30 2857 229 2938 transituri),
252 2861 302 2915 vel
316 2868 457 2932 tanquam
469 2858 606 2936 fugitivis
622 2854 758 2912 custodes
773 2853 939 2926 adhiberet,
953 2855 1000 2911 vel
1013 2863 1079 2910 tau·

30 2963 122 3018 quarn
137 2941 279 3000 invalidis
293 2940 453 2998 adiutores.

430 3091 494 3162 CA
516 3092 548 3148 P.
592 3089 687 3148 Xll.

30 3192 162 3254 Quantos
172 3191 227 3244 sibi
245 3187 306 3243 debs
315 3189 434 3241 Rousooi
450 3199 562 3256 praeter
573 3188 792 3241 constitutionem
804 3184 906 3238 Numae
925 3184 1081 3246 adiecerint,

285 3275 399 3328 quornm
410 3274 452 3310 eos
462 3259 639 3310 nurnerositos
650 3257 718 3310 nibil
727 3256 837 3310 iuverit.

90 3351 122 3407 N
125 3370 165 3406 ec
178 3349 227 3404 bis
242 3350 335 3404 sacris
350 3357 449 3425 tamen
455 3346 549 3403 Roma
562 3347 683 3424 dignata
697 3355 821 3401 estesse
835 3353 989 3414 contenta,
1007 3358 1082 3414 quae

29 3446 89 3490 tam
103 3435 209 3492 multa
222 3433 284 3486 illio
298 3431 460 3505 Pompilius
487 3432 695 3485 constituerat:
726 3447 794 3484 uam
818 3429 911 3501 ipsius
937 3440 1083 3480 summum

28 3521 180 3594 templum
207 3513 342 3570 nondum
367 3511 492 3568 babebat
516 3512 604 3569 lovis.
647 3509 713 3567 Rex
727 3512 833 3584 quippe
847 3506 1028 3580 Tarquinius
1043 3503 1085 3558 ibi

28 3600 223 3677 Capitolium
236 3597 406 3654 fabricarit.
448 3595 639 3668 Aesculapius
654 3602 754 3649 autem
766 3593 800 3648 ab
814 3590 964 3664 Epidauro
993 3585 1085 3641 abivit

30 3684 181 3755 Roaiam,
211 3690 246 3737 ut
272 3679 472 3755 peritissimus
500 3677 631 3734 medicus
657 3677 689 3730 in
713 3676 785 3730 urbe
798 3669 980 3730 nobilissima
993 3677 1085 3724 artem

28 3769 204 3844 gloriosius
220 3770 387 3820 exerceret.
431 3759 525 3818 Mater
539 3761 628 3816 etiam
642 3756 727 3812 dedus
746 3757 850 3812 nescio
865 3750 943 3807 unde
957 3770 974 3806 a
986 3750 1084 3806 Pessi-

30 3863 140 3908 nunte.
189 3847 355 3925 indignum
370 3845 454 3899 cuim
473 3852 550 3914 erut,
579 3850 613 3896 ut
627 3859 693 3896 eum
707 3841 770 3894 eius
785 3837 862 3892 lilius
876 3835 934 3888 ism
949 3835 1017 3890 colli
1031 3833 1085 3889 Ca-
