2510 4404
190 229 254 288 DE
277 229 495 290 ClVl'l'ATE
518 231 596 291 DEl
623 232 703 289 LlB.
725 231 842 290 XXll.
968 237 1028 295 425

11 367 29 402 '³
73 383 139 458 lpse
153 387 239 442 etiam
251 405 389 443 numerus
403 394 547 454 aetatum,
569 386 661 442 veluti
679 385 807 457 dierum,
831 388 1026 446 sisenandum

11 463 44 522 'a
67 470 207 525 articulos
225 472 363 544 temporis
382 478 582 543 computetur,
606 471 699 544 quiin
717 467 877 544 scripturis
891 468 1026 529 ridentur

12 557 13 562 ’
30 553 139 628 pressi,
154 554 209 608 iste
223 553 413 610 sabbatismus
427 553 591 610 evidentius
605 553 764 628 apparebit,
783 555 919 628 quoniam
935 557 1024 628 septi-

11 645 12 652 ’
27 655 56 692 rs
71 638 235 694 invenitur:
251 647 284 694 ut
297 639 390 713 prima
402 647 482 694 aetas
496 645 635 712 tanquam
645 637 705 692 dies
715 639 825 710 primus
835 639 875 693 sit
887 637 922 693 ab
933 637 1024 694 Adam

26 738 85 794 que
101 718 136 775 ad
149 719 304 792 diluvium,
331 721 459 782 secunda
471 720 540 776 inde
553 739 645 796 usque
665 719 702 776 ad
715 718 874 792 Abraham,
899 741 960 778 non
973 741 1021 778 ae·

15 799 133 859 [alitate
147 813 323 879 temporum,
344 805 394 861 sed
412 824 531 862 numero
551 805 788 883 generationum:
813 805 901 861 denas
918 807 1020 881 quippe

11 888 98 943 :bere
111 890 305 962 reperiuntur.
327 888 405 946 Hine
418 891 487 958 iam,
502 889 577 945 sient
589 886 752 945 Matthaeus
764 887 957 966 Evangelista
970 888 1020 946 de·

11 973 137 1042 rnrinat,
152 976 211 1028 tres
225 981 335 1028 aetates
348 991 439 1048 usque
452 972 488 1028 ad
504 971 613 1028 Christi
625 972 841 1046 subsequuntur
853 971 1019 1046 adventum,

17 1075 62 1112 rae
83 1057 217 1133 singulae
235 1055 318 1112 denis
337 1066 367 1112 et
387 1057 536 1133 quaternis
560 1056 797 1134 generationibus
820 1058 1019 1130 explicantur:

16 1171 17 1184 ι
33 1138 182 1197 Abraham
194 1159 286 1215 usque
300 1140 336 1197 ad
348 1139 445 1197 David
458 1158 527 1211 una,
541 1141 633 1196 altera
645 1138 713 1194 inde
726 1157 817 1214 usque
831 1138 867 1195 ad
880 1143 1018 1198 transmi-

14 1226 153 1280 ·ationem
170 1225 202 1280 in
216 1223 421 1300 Babyloniam,
445 1225 533 1279 tertia
554 1222 623 1279 inde
637 1240 728 1297 usque
742 1223 778 1278 ad
791 1221 899 1280 Christi
913 1243 1016 1281 earna-

11 1329 38 1364 m
53 1309 247 1364 nativitatem.
269 1307 360 1364 Fiunt
373 1309 470 1382 itaque
484 1325 584 1363 omnes
599 1306 736 1381 quinque.
755 1304 847 1364 Sexta
861 1325 939 1364 nunc
953 1311 1017 1387 agi-

14 1412 40 1463 r,
56 1393 140 1448 nullo
154 1393 379 1469 generationum
393 1409 516 1448 numero
529 1387 691 1460 metienda,
712 1400 829 1465 propter
842 1389 872 1446 id
885 1391 960 1468 quod
974 1392 1017 1448 di-

11 1497 61 1532 um
76 1484 132 1546 est,
155 1471 218 1532 Noa
232 1487 277 1534 eat
290 1485 420 1532 oestrum
433 1477 511 1532 aeire
525 1485 667 1552 tempora,
681 1491 756 1550 qaue
768 1471 861 1532 Pater
867 1477 973 1552 poenit
986 1478 1016 1532 in

11 1581 34 1617 :a
48 1569 216 1638 potestate.
251 1558 323 1616 Post
339 1557 414 1615 hane
432 1569 571 1633 tanquam
589 1559 620 1613 in
639 1556 686 1612 die
709 1558 831 1632 septimo
853 1561 1017 1634 requiescet

11 1663 77 1714 eus,
94 1657 163 1698 eum
172 1643 294 1699 eundem
308 1643 462 1718 septimum
471 1641 558 1714 diem,
570 1641 646 1718 quod
658 1659 711 1697 nos
725 1643 843 1712 erimus,
859 1644 890 1699 in
905 1645 1014 1716 seipso

11 1748 47 1785 eo
65 1725 173 1804 [Deus]
192 1725 281 1784 saciet
293 1729 487 1803 requiescere.
505 1725 552 1782 De
569 1727 636 1783 istis
646 1743 739 1800 ¹porro
753 1726 897 1782 aetatibus
912 1729 1014 1804 singu-

11 1832 14 1868 ι
31 1830 114 1868 nune
125 1811 281 1889 diligenter
294 1813 416 1889 longum
430 1819 476 1868 est
488 1810 646 1886 disputare.
684 1807 765 1866 Haee
779 1820 877 1867 tamen
892 1813 1015 1885 septima

12 1899 37 1953 it
51 1893 202 1951 sabbatum
214 1897 458 1966 nostrrrm„euius
471 1893 538 1950 finis
554 1913 616 1951 non
630 1889 687 1949 erit
699 1913 832 1976 vespera,
847 1894 898 1949 sed
912 1893 1013 1951 Domi·

11 1998 68 2036 eus
83 1978 144 2034 dies
158 1981 239 2036 velut
252 1988 371 2035 octavus
384 1986 534 2048 aeternus,
553 1979 604 2052 qui
618 1974 727 2033 Christi
741 1979 956 2032 resurreetione
968 1995 1014 2032 sn-

12 2073 82 2120 atus
96 2072 149 2135 est,
164 2073 315 2120 aeternam
327 2079 388 2118 non
403 2062 497 2116 solum
510 2061 641 2135 spiritus,
667 2077 771 2114 rerum
784 2060 872 2113 etiam
885 2061 1013 2134 eorporis

13 2148 112 2224 quiem
126 2146 337 2224 praefigurans.
360 2142 405 2200 lbi
417 2143 597 2212 vacabimus,
611 2150 641 2198 et
652 2140 828 2197 videbimus:
841 2140 1013 2212 videbimus,

21 2231 198 2288 amabimus:
213 2229 382 2299 amabimus,
396 2235 426 2282 et
438 2225 628 2282 laudabimus.
658 2222 736 2281 Eeoe
750 2223 826 2300 quod
841 2225 897 2280 erit
909 2225 941 2280 in
955 2224 1013 2281 fine

11 2336 43 2372 re
57 2315 127 2370 fine.
149 2313 225 2371 Nam
238 2315 303 2388 quis
319 2312 393 2369 alius
408 2320 508 2368 noster
522 2318 568 2366 est
580 2309 664 2381 finis,
680 2309 737 2364 nisi
749 2309 904 2382 pervenire
916 2308 953 2364 ad
966 2327 1012 2364 re-

11 2420 82 2470 mm,
98 2400 181 2454 cuius
195 2399 292 2454 nullus
308 2405 352 2451 est
364 2389 452 2450 finisl

41 2482 153 2539 Videor
164 2479 236 2538 mihi
249 2481 378 2536 debiturn
391 2477 522 2554 ingentis
535 2474 619 2532 huius
633 2475 753 2550 Operis,
780 2473 936 2532 adiurante
951 2474 997 2531 Do
1010 2509 1013 2519 =

11 2572 71 2639 ino,
85 2564 256 2622 reddidisse.
294 2561 404 2630 Quibus
417 2579 536 2634 parurn,
553 2561 602 2615 vel
615 2560 720 2635 quibus
733 2559 855 2616 nimium
870 2567 929 2630 est,
945 2557 1013 2614 mihi

11 2657 147 2708 noscant.
173 2646 285 2714 Quibus
299 2655 397 2702 autem
410 2644 481 2700 satis
496 2652 557 2714 est,
576 2662 634 2700 non
649 2641 735 2715 mihi,
760 2641 809 2698 sed
824 2641 887 2698 Deo
901 2660 1011 2698 meeum

11 2737 94 2792 atlas
108 2731 344 2808 congratulantes
358 2737 455 2806 agant.
491 2727 590 2785 Amen.
