2530 4392
193 171 254 228 DE
282 169 501 229 ClVlTA'l'E
525 171 605 230 DEl
626 174 709 232 LlB.
731 175 831 236 XXl.
981 181 1042 238 327

54 336 65 382 t
79 335 146 382 tuno
159 324 246 380 etiem
258 324 289 380 in
303 323 475 398 corporibus
489 323 703 398 damnatorum,
717 327 797 404 quod
811 349 890 388 nunc
905 351 970 389 csse
983 335 1042 390 sci-

52 429 71 468 is
85 411 115 466 in
129 408 231 464 animis
242 407 381 464 omnium.
403 405 437 464 Si
447 416 547 464 entem
560 409 779 469 consideremus
793 413 975 491 diligentius,
990 414 1042 472 do·

64 494 113 569 qui
125 491 227 548 dicitur
241 493 388 565 corporis,
414 493 509 570 magis
529 491 565 547 od
586 494 714 550 oninium
736 497 873 570 pertinet.
918 497 1042 554 Animos

51 579 86 634 im
100 585 143 632 est
155 573 269 645 dolere,
295 593 356 632 uon
375 576 522 648 corporis,
547 576 636 632 etism
650 579 765 652 quondo
780 580 808 636 ei
822 579 941 638 dolendi
955 599 1042 638 couso

51 661 151 718 sistito
163 676 303 732 corpore,
329 677 396 716 cum
408 659 441 716 in
454 677 489 714 eo
507 659 573 722 loco
591 657 688 732 dolet,
714 663 765 720 ubi
782 663 908 720 laeditur
926 683 1041 740 corpus.

51 754 90 800 :ut
103 761 169 820 ergo
182 741 305 798 dicimus
318 760 444 817 corporo
456 743 627 815 sentientia,
642 753 672 800 et
684 763 806 821 corporo
819 748 962 820 viventio,
977 766 1043 804 oum

62 828 156 884 enims
171 827 210 882 sit
229 826 343 901 corpori
361 823 532 904 [corporis]
553 843 657 884 sensus
672 837 702 884 eo
722 831 797 904 vito,
823 832 865 888 ito
878 841 907 888 ct
920 849 1044 906 corpore

51 914 129 966 :imus
152 909 297 980 dolentis,
324 929 390 966 cum
413 909 497 970 dolor
518 913 635 986 corpori
655 913 714 968 nisi
732 913 768 969 ab
783 916 881 971 enims
897 934 962 972 esse
982 933 1043 972 non

51 997 106 1052 rsit.
130 992 218 1050 Dolet
231 994 331 1068 itaque
344 995 443 1053 enimc
456 1013 521 1053 cum
535 1013 658 1070 corpore
667 997 701 1052 in
715 1016 749 1055 eo
761 997 826 1056 loeo
838 1000 912 1070 eius,
926 999 977 1054 ubi
987 999 1045 1054 oli-

50 1079 74 1135 id
88 1077 234 1156 contingit
245 1086 278 1138 ut
291 1075 396 1138 doleet.
422 1077 512 1136 Dolet
526 1088 557 1136 ct
569 1080 650 1150 sole,
664 1082 796 1154 quumvis
811 1083 850 1138 sit
863 1083 896 1139 in
909 1099 1044 1156 corpore,

50 1184 71 1218 n
85 1164 180 1237 ulique
195 1179 284 1218 couso
303 1162 393 1221 etiem
412 1162 557 1223 invisibili
574 1163 668 1220 tristis
685 1174 734 1220 est
745 1167 810 1239 ipso
821 1183 947 1239 corpore
960 1166 1045 1222 inco-

50 1249 87 1304 ui.
132 1244 222 1302 Dolet
234 1246 323 1302 etium
336 1264 397 1302 non
410 1247 442 1302 iu
453 1263 580 1322 corpore
593 1249 769 1306 constituto:
795 1267 864 1305 nom
878 1250 979 1324 utique
993 1247 1045 1306 do·

52 1339 83 1386 at
96 1328 176 1386 dives
191 1330 241 1386 ille
253 1329 332 1404 epod
344 1328 473 1399 inferos,
501 1329 617 1405 quondo
631 1329 763 1403 dicebat,
789 1329 917 1390 crucior
936 1333 969 1388 ιἰι
987 1330 1046 1390 bac

50 1431 132 1470 mmo.
164 1411 275 1488 Corpus
289 1422 387 1470 sutem
401 1429 456 1470 noc
466 1414 604 1474 exanime
616 1413 711 1486 delet,
736 1433 792 1472 nec
804 1416 968 1474 snimoturn
982 1416 1046 1474 sine

50 1501 101 1554 'urio
119 1496 204 1554 dolet.
239 1493 273 1554 st
286 1513 358 1574 ergo
373 1515 391 1554 o
403 1495 504 1557 dolore
516 1507 725 1575 argumentum
737 1509 818 1556 reete
832 1506 996 1556 sumeretur
1009 1496 1046 1555 od

49 1591 142 1651 rtem,
167 1589 200 1638 ut
213 1578 279 1636 ideo
292 1598 372 1636 mors
392 1582 487 1657 possit
504 1579 656 1653 cocidere,
683 1584 751 1658 quio
764 1584 859 1658 potuit
871 1581 1003 1638 occidere
1017 1591 1047 1638 et

49 1683 102 1736 or,
128 1664 221 1744 mugio
233 1662 272 1720 od
285 1664 413 1722 onlnem
423 1665 589 1739 pertineret
601 1667 692 1736 mori,
718 1666 756 1722 od
766 1683 855 1741 quern
869 1667 965 1744 mugio
978 1683 1046 1740 per-

49 1758 80 1804 et
98 1758 129 1804 ct
147 1745 254 1804 dolere.
297 1744 371 1806 Cum
386 1766 455 1806 uero
468 1749 610 1824 illoquoo
622 1750 717 1828 magis
730 1748 831 1808 dolere
843 1759 958 1826 potest,
985 1767 1046 1808 non

49 1834 98 1889 isit
110 1833 202 1902 mori,
216 1829 285 1906 quid
297 1833 441 1892 momenti
453 1829 539 1890 offert
549 1852 605 1893 cur
618 1834 669 1890 illo
683 1852 822 1908 corpore,
846 1835 987 1910 quonism
998 1832 1046 1892 lu·

49 1935 69 1972 o
89 1924 163 1974 sunt
181 1916 213 1973 in
229 1914 396 1988 doloribus,
422 1915 489 1974 ideo
511 1919 601 1974 etiem
622 1919 765 1976 moriture
786 1935 852 1976 esse
874 1913 1046 1974 credemusl

49 2007 153 2056 rerunt
162 1997 279 2074 quidem
290 1996 453 2071 Pletoniei,
474 2017 512 2056 cx
525 2001 650 2056 terrenis
665 1999 834 2074 corporibus
849 2000 1045 2058 moribundis-

48 2103 59 2138 ι
73 2082 211 2142 membris
226 2099 291 2138 esse
303 2082 419 2140 enimse
431 2090 465 2138 et
475 2091 626 2154 metuere,
647 2091 677 2138 et
690 2100 812 2155 cupere,
827 2091 860 2138 et
873 2081 987 2151 dolere,
1001 2089 1045 2136 et-

48 2188 58 2224 e
72 2165 211 2244 gaudere.
255 2163 340 2226 Vnde
352 2163 517 2244 Virgilius,
528 2162 625 2234 Hinc,
639 2166 756 2240 inquit,
770 2160 810 2232 (id
827 2173 889 2235 est,
904 2182 942 2220 ex
954 2165 1046 2220 mori-

48 2252 107 2308 rdis
121 2251 237 2308 terreni
250 2249 381 2325 eorporis
394 2240 555 2330 memkis)
575 2257 711 2306 metuunt
722 2250 919 2324 cupiuntque,
946 2247 1047 2306 dolent

48 2337 200 2412 identquc.
231 2332 292 2394 Sed
302 2333 488 2392 convicimus
507 2349 557 2390 cos
571 2333 603 2388 in
617 2341 722 2408 quorto
736 2331 851 2390 decimo
864 2329 952 2389 huius
967 2331 1046 2407 Ope·

55 2419 152 2490 libro,
178 2417 285 2476 habere
294 2418 412 2474 cunnos
425 2416 586 2474 secundum
599 2418 680 2491 ipsos
693 2415 729 2472 ab
742 2417 824 2474 omui
837 2417 927 2473 etiem
941 2435 1046 2491 corpo·

54 2503 122 2559 labe
136 2511 297 2581 purgatos,
320 2500 415 2560 dirum
429 2497 639 2575 cupidorum,
666 2517 725 2575 qus
737 2518 842 2558 rursus
855 2500 1002 2574 incipiunt
1014 2500 1046 2556 iu

48 2605 125 2664 pore
137 2587 215 2642 velle
228 2585 348 2644 reverti.
370 2583 428 2640 Vbi
440 2591 537 2644 eutem
549 2591 645 2659 potest
657 2599 723 2642 esse
736 2581 901 2657 cupiditas,
914 2581 1046 2657 prolecto

48 2691 87 2730 un
106 2669 193 2728 dolor
205 2677 314 2744 potest.
348 2667 372 2726 F
372 2675 503 2726 immoto
514 2668 621 2743 quippe
633 2665 777 2742 cupiditas
791 2667 855 2724 sive
867 2683 928 2722 non
940 2683 1046 2740 perve-

48 2755 108 2812 ndo
123 2771 182 2829 quo
198 2751 356 2824 tendebst,
382 2752 445 2810 sive
456 2749 618 2808 omittendo
630 2767 688 2826 quo
700 2759 893 2826 pervenerat,
918 2750 1046 2806 uertitur

48 2839 185 2897 lolorem.
210 2836 393 2912 Quapropter
406 2835 432 2892 si
445 2835 554 2908 animo,
569 2853 644 2911 quoe
655 2836 703 2894 vel
716 2835 781 2892 solo
793 2835 841 2892 vol
850 2833 979 2890 maxime
993 2832 1045 2888 do-

48 2969 50 2988 ,
79 2921 171 2978 habet
183 2929 282 2978 tomen
296 2918 442 2996 quondum
453 2937 508 2994 pro
522 2927 576 2978 suo
589 2917 675 2978 inodo
687 2918 937 2976 immortulitotem
951 2933 1045 2989 suom,

48 3027 56 3064 ι
73 3004 143 3062 idco
155 3005 231 3060 mori
242 3013 382 3080 poterunt
393 3005 445 3062 ills
458 3021 599 3079 corporo,
616 3005 689 3080 quie
701 3002 852 3063 dolebunt
891 2999 1045 3060 Postremo

48 3107 166 3164 orpora
179 3088 309 3160 iaciunt,
322 3097 355 3146 ut
368 3090 484 3146 snunse
497 3086 628 3158 doleant,
643 3106 695 3144 eur
707 3088 752 3146 eis
763 3086 896 3144 dolorem
908 3093 1045 3160 possunt,

48 3184 122 3232 rtem
136 3189 209 3230 vero
223 3173 334 3230 inferre
348 3191 407 3228 non
420 3179 555 3246 possunt,
570 3172 628 3228 nisi
641 3171 710 3244 quio
719 3187 904 3244 consequens
914 3187 974 3224 non
988 3175 1044 3237 est,

48 3267 172 3314 nortem
186 3256 292 3326 societ,
304 3255 383 3330 quod
397 3253 528 3310 dolorem
541 3252 621 3310 lecit.
644 3251 703 3310 Cur
716 3270 789 3332 ergo
802 3249 975 3306 incredibile
989 3257 1045 3319 cst,

48 3345 140 3420 ignes
159 3341 218 3396 illis
234 3337 404 3413 corporibus
419 3335 550 3402 dolorem
572 3353 658 3409 posse
675 3335 805 3403 inferre,
832 3350 893 3389 non
910 3339 1046 3400 mortem,

48 3435 73 3484 rt
88 3427 155 3502 ipso
171 3440 296 3498 corpore
308 3419 409 3476 dolere
421 3420 535 3479 animm
547 3416 679 3487 fuciunt,
704 3433 778 3491 qnos
793 3424 892 3472 tomen
906 3432 967 3470 non
980 3411 1046 3470 ideo

48 3513 68 3567 ri
88 3502 224 3587 cogunti
253 3505 320 3564 Non
339 3512 384 3560 est
403 3519 475 3581 ergo
494 3501 693 3560 necessarium
707 3500 825 3558 futuroe
838 3498 942 3554 mortis
956 3515 1045 3576 orpu-

48 3605 128 3653 rtum
142 3591 236 3650 dolor.
