2538 4392
227 207 287 268 DE
309 207 535 268 clvlmu
555 207 637 270 Dur
661 209 742 272 um.
764 209 896 274 XVIII.
1023 219 1080 279 171

5 337 18 398 ᾗ
53 374 85 422 et
97 379 166 420 anun
179 361 237 416 iem
251 377 330 436 rpem
342 361 434 436 proiit
447 361 590 418 omiserat.
605 357 690 419 Tunc
703 371 734 420 et
742 363 872 442 Arryriir
885 368 1006 442 quintus
1020 377 1084 426 oret

7 447 16 482 '³
51 463 108 506 rex
118 445 245 504 Aroliut.
278 441 420 518 lpeivero
433 442 723 524 hocceexcgenorio
738 449 800 505 noti
814 449 948 506 runtiilii
961 455 1083 529 gemini,

4 531 16 568 ³⁰
47 529 131 590 Eser
142 537 172 584 ct
183 526 286 599 lecoh,
306 545 378 604 quon
390 529 420 585 ei
431 526 566 586 Rebecca
578 545 656 586 uxor
666 532 793 605 peperit,
811 549 866 588 evo
879 549 979 590 eorum
991 535 1083 592 Abro-

4 617 12 652 i
45 612 116 671 hem
128 610 220 668 adhuc
232 611 368 684 vivente,
391 619 421 668 et
434 621 553 670 cernuo
565 614 721 691 sexaginta
733 616 838 671 eetetir
851 633 946 673 onnon
959 627 1082 696 egente:

4 700 13 737 Ξ
46 698 102 775 qui
114 695 237 770 expletio
250 702 370 752 centum
379 697 565 774 neptuegintc
578 698 706 772 quinque
716 696 871 754 damnetur
881 698 1083 778 ertt‘regnen-
1174 751 1178 756 .

4 783 13 818 i
44 781 126 839 tibur
143 777 221 852 opud
237 777 374 854 Aoryrioe
387 777 493 836 Xerxe
511 781 563 836 ilio
583 781 765 859 antiquiore,
788 783 839 856 qui
858 783 946 838 etiem
959 779 1082 839 Beleeue

3 869 11 906 ¹
44 862 216 930 vocehotur,
230 870 260 918 et
272 862 348 938 opud
361 860 517 940 Sicyonios
528 861 687 934 Thurinco‚
701 879 786 940 quem
799 863 917 942 quidem
926 863 1083 922 Thurime-

46 946 134 1006 chum
154 945 304 1016 scribunt,
327 948 456 1020 teptimin
474 946 603 1025 regihur.
633 944 771 1025 Regnum
789 955 888 1004 eutem
904 948 1083 1027 Argivorum

3 1043 4 1076 i
44 1030 214 1088 chnulcum
224 1026 357 1086 Abrahae
375 1029 529 1105 nepotibus
547 1037 645 1088 ortum
665 1039 724 1101 est,
743 1029 793 1086 uhi
814 1033 924 1106 primur
945 1033 1083 1110 regnavit

44 1109 181 1172 hunchuc.
202 1109 282 1168 Sene
294 1110 374 1188 quod
385 1113 629 1188 proetereundom
642 1129 703 1170 non
715 1113 782 1186 fuit,
796 1116 884 1171 etiarn
897 1115 973 1189 epod
985 1117 1082 1191 nepul-

3 1231 5 1242 ι
43 1215 129 1254 crum
154 1195 271 1270 septimi
293 1196 342 1252 rui
362 1195 599 1275 regie'l'hnrinei
621 1195 789 1254 sacrificare
803 1194 960 1274 Sicyonio·
978 1200 1083 1271 colere,

1 1292 6 1327 t
43 1279 141 1336 Verre
158 1276 259 1334 refert.
295 1275 500 1358 Regnentihut
521 1297 611 1355 porro
634 1280 747 1338 octavio
768 1279 889 1358 regibus
908 1280 1083 1338 Armnmitre

2 1377 6 1412 ἱ
44 1362 248 1439 Assyriorum,
270 1359 418 1438 Leucippo
432 1361 656 1440 Sicyoniorum,
679 1371 710 1419 et
720 1363 816 1438 primo
829 1364 1005 1442 Argivorum
1018 1363 1084 1420 lnc-

2 1461 9 1496 ’ν
45 1445 119 1514 cho,
142 1441 224 1509 Deun¹
238 1446 353 1502 locutor
367 1455 414 1502 ert
425 1443 463 1502 ed
475 1445 568 1518 hooc,
587 1455 678 1522 etque
690 1446 749 1522 ipri
766 1463 882 1523 qnoque
895 1445 996 1503 eedem
1008 1463 1084 1522 queo

2 1526 6 1579 ³.
42 1530 125 1608 petri
139 1529 202 1584 eine
216 1526 274 1584 tino
287 1529 339 1584 iiio
351 1531 502 1604 promisit,
527 1530 634 1588 remini
655 1531 770 1586 seilicet
792 1530 855 1585 einr
879 1538 989 1587 terrem
1008 1527 1083 1588 Che-

2 1629 6 1661 2
42 1631 137 1683 neon,
161 1611 245 1668 etin
269 1613 332 1668 eino
355 1613 466 1668 nemine
490 1611 727 1670 benedictionem
748 1613 919 1669 euncmrum
942 1614 1082 1690 gentium

42 1695 131 1756 Heec
143 1694 207 1770 ipro
220 1695 365 1770 premiere
377 1704 449 1752 eunt
460 1696 550 1752 etiem
562 1695 625 1753 filio
637 1697 722 1768 einr,
743 1695 845 1770 nepoti
862 1693 1008 1767 Abrahae,
1035 1698 1085 1772 qui

4 1795 7 1802 ’
42 1789 94 1838 cot
112 1779 274 1854 appelletur
285 1780 380 1852 primo
392 1776 494 1852 leeoh,
519 1788 588 1854 pont
604 1777 712 1851 lornei,
735 1795 801 1836 cum
818 1780 877 1834 iem
889 1777 1014 1836 Belocur
1032 1795 1086 1835 rex

1 1886 3 1916 ;
39 1878 147 1924 nonus
158 1860 304 1937 Astyriit,
330 1869 361 1918 et
372 1859 546 1920 Phoroneus
561 1860 663 1920 Inachi
683 1861 763 1920 filiun
785 1862 932 1919 sccundus
946 1871 1087 1942 regnaret

39 1943 180 2026 Argivir,
193 1942 343 2020 Leucippo
355 1943 450 2002 adhuc
466 1945 541 2022 epod
555 1943 714 2024 Sicyonios
726 1953 926 2021 permanente.
942 1943 997 2002 Hie
1011 1956 1086 2002 tom-

38 2029 167 2109 porihuo
180 2025 306 2084 Graecia
320 2027 373 2084 ouh
386 2027 540 2086 Phoroneo
552 2028 694 2107 Argolico
711 2046 784 2106 rege
800 2028 898 2105 legum
916 2037 946 2084 et
964 2027 1086 2083 iudicio-

38 2133 111 2174 rum
125 2109 301 2188 quihurdem
313 2112 423 2168 clarior
435 2112 515 2168 fecte
528 2119 574 2167 ert
587 2112 742 2168 institutio.
764 2107 900 2188 Phegour
914 2119 1012 2166 temen
1025 2109 1086 2164 iro-

38 2209 94 2256 ter
105 2194 194 2252 hoino
206 2191 356 2252 Phoronei
368 2195 483 2266 iunior,
508 2211 575 2251 cnm
592 2201 674 2253 erret
689 2201 838 2264 mortuno,
861 2189 975 2248 adeius
990 2193 1086 2265 repui-

39 2297 131 2338 crum
144 2278 283 2350 templum
296 2286 343 2334 ent
356 2278 564 2348 constitutum,
588 2277 620 2332 in
634 2293 691 2352 quo
705 2277 853 2332 coleretur
864 2283 898 2330 ut
910 2272 1003 2346 Deun,
1018 2274 1088 2328 etei

38 2367 139 2422 hoves
159 2361 392 2416 immolorcntur.
437 2357 531 2417 Credo
550 2357 663 2416 honoro
681 2366 765 2414 tento
785 2355 853 2413 ideo
867 2354 989 2437 dignum
1002 2365 1087 2431 puto-

36 2455 128 2516 runt,
143 2444 212 2520 quio
224 2444 257 2502 in
270 2444 358 2522 regni
370 2442 418 2498 nni
429 2451 514 2516 porte
527 2435 626 2522 (peter
638 2442 745 2516 qnippe
756 2441 823 2496 loce
835 2439 974 2496 embohur
988 2438 1087 2496 diotri-

36 2533 162 2599 hueret,
174 2528 207 2582 in
221 2525 325 2602 quihus
340 2543 374 2582 eo
387 2527 508 2582 vivente
521 2531 685 2603 regnarent
691 2519 713 2600 ,)
733 2524 791 2578 inte
804 2523 911 2578 sorello
925 2522 1088 2578 constitue-

35 2609 146 2674 ret-eti
159 2608 297 2667 colendos
311 2607 392 2681 deor,
405 2616 436 2664 et
447 2606 588 2666 docuerat
600 2605 751 2663 ohnerveri
764 2613 895 2678 tempore
907 2619 1088 2680 permenso·

36 2707 136 2773 etque
153 2711 266 2764 ennon,
289 2691 359 2769 qnid
377 2709 479 2749 eorum
493 2698 638 2766 quotenne
656 2689 832 2744 metirentur
849 2695 938 2762 etque
953 2703 1090 2744 numere·

36 2788 126 2842 rent.
170 2775 253 2834 Hoec
265 2777 298 2834 in
312 2793 348 2832 eo
361 2793 440 2832 nove
451 2775 593 2830 miranter
605 2769 695 2828 roden
712 2769 807 2828 cdhuc
821 2767 970 2841 hominm,
995 2777 1089 2826 morte

36 2864 128 2924 obite
140 2862 228 2918 deum
239 2878 304 2918 ecre
313 2858 437 2931 iactum,
450 2859 514 2916 eive
527 2856 640 2934 opinoti
653 2864 734 2929 runt,
748 2856 812 2912 rive
824 2855 991 2912 voluerunt.
1014 2849 1090 2910 Nem

34 2957 71 3006 et
84 2945 121 3004 Io
135 2941 313 3005 filiclnnchi
325 2941 416 3000 iniere
427 2939 614 3020 perhibetur,
640 2956 715 3016 quoe
736 2945 839 3016 portet
859 2935 914 2994 loir
935 2937 1090 3015 appellato,

32 3041 75 3090 ut
90 3046 206 3108 magno
219 3026 274 3084 deo
286 3028 363 3084 culte
376 3036 422 3084 ert
438 3029 470 3084 in
482 3026 633 3106 Aegypto:
659 3024 793 3100 quemvir
807 3022 858 3080 ciii
871 3021 1012 3092 rorihent,
1027 3035 1091 3076 cern

34 3133 81 3173 ex
95 3111 259 3188 Aethiopia
271 3111 303 3168 in
315 3110 481 3189 Aegyptum
491 3111 611 3168 renim
622 3108 775 3188 reginem
794 3115 825 3162 et
836 3103 914 3181 quoti
926 3105 985 3161 lete
998 3105 1091 3160 iuste·

34 3217 102 3275 que
116 3194 327 3272 impernverit,
348 3196 451 3268 cinque
469 3193 561 3250 multe
578 3189 730 3246 commotio
748 3199 779 3245 et
795 3190 897 3246 litero·
915 3187 1091 3255 instituerit,

31 3282 125 3340 hunc
140 3279 284 3338 honorem
302 3277 347 3333 illi
366 3275 498 3332 hobitum
511 3291 575 3330 erre
587 3273 719 3330 divinum
735 3279 839 3346 porten
858 3285 944 3345 quem
956 3268 999 3322 ibi
1010 3281 1091 3322 rnor-

30 3377 94 3424 tue
108 3371 172 3437 eet,
192 3369 223 3420 et
234 3371 349 3419 tontum
360 3359 519 3430 honorem,
542 3365 577 3414 ut
592 3355 709 3432 capitoli
722 3353 846 3410 erimine
858 3367 927 3406 reue
940 3349 1040 3419 fieret,
1066 3349 1092 3403 oi

31 3451 113 3528 quie
130 3465 199 3505 eom
211 3445 302 3504 fuitne
314 3442 463 3502 hominem
477 3441 596 3497 diceret.

271 3689 316 3745 De
326 3590 490 3758 temporihrfi
500 3588 586 3742 ihcrhh
595 3586 691 3754 'eththi
704 3683 762 3737 einr
770 3679 875 3751 [oreph.

107 3780 323 3864 Regnentihur
336 3777 525 3856 Assyriorum
545 3774 658 3833 decimo
673 3791 744 3853 rege
760 3771 870 3844 Beieo,
894 3779 925 3828 et
937 3768 1096 3849 Sicyonio-

23 3889 111 3930 rum
135 3885 219 3926 nono
232 3864 387 3942 Mereppo,
412 3863 464 3940 qui
483 3859 571 3918 otium
584 3856 725 3936 Cephinor
738 3875 755 3916 n
769 3855 939 3935 quihurdom
959 3855 1096 3927 traditur,
