<?xml version="1.0" encoding="UTF-8"?>
<!DOCTYPE html PUBLIC "-//W3C//DTD XHTML 1.0 Transitional//EN"
    "http://www.w3.org/TR/xhtml1/DTD/xhtml1-transitional.dtd">
<html xmlns="http://www.w3.org/1999/xhtml" xml:lang="en" lang="en">
 <head>
  <title>
</title>
<meta http-equiv="Content-Type" content="text/html;charset=utf-8" />
  <meta name='ocr-system' content='tesseract 3.04.00' />
  <meta name='ocr-capabilities' content='ocr_page ocr_carea ocr_par ocr_line ocrx_word'/>
</head>
<body>
  <div class='ocr_page' id='page_1' title='image "./saureliiaugusti02augugoog_0171.png"; bbox 0 0 2586 4396; ppageno 0'>
   <div class='ocr_carea' id='block_1_1' title="bbox 209 203 1034 286">
    <p class='ocr_par' dir='ltr' id='par_1_1' title="bbox 209 203 1034 286">
     <span class='ocr_line' id='line_1_1' title="bbox 209 203 1034 286; baseline -0.019 -9"><span class='ocrx_word' id='word_1_1' title='bbox 209 221 267 277; x_wconf 87' lang='grc'><strong>166</strong></span> <span class='ocrx_word' id='word_1_2' title='bbox 318 267 327 286; x_wconf 83' lang='grc'>,</span> <span class='ocrx_word' id='word_1_3' title='bbox 435 213 532 274; x_wconf 91' lang='lat' dir='ltr'><strong>DlVl</strong></span> <span class='ocrx_word' id='word_1_4' title='bbox 565 206 749 270; x_wconf 84' lang='lat' dir='ltr'><strong>AVRELll</strong></span> <span class='ocrx_word' id='word_1_5' title='bbox 780 203 1034 264; x_wconf 80' lang='lat' dir='ltr'><strong>AVGVSTlNl</strong></span> 
     </span>
    </p>
   </div>
   <div class='ocr_carea' id='block_1_2' title="bbox 207 357 1242 695">
    <p class='ocr_par' dir='ltr' id='par_1_2' title="bbox 207 357 1242 695">
     <span class='ocr_line' id='line_1_2' title="bbox 207 357 1242 445; baseline -0.014 -16"><span class='ocrx_word' id='word_1_6' title='bbox 207 373 233 431; x_wconf 88' lang='lat' dir='ltr'><strong>si</strong></span> <span class='ocrx_word' id='word_1_7' title='bbox 245 387 298 445; x_wconf 89' lang='lat' dir='ltr'><strong>pro</strong></span> <span class='ocrx_word' id='word_1_8' title='bbox 313 370 374 424; x_wconf 89' lang='lat' dir='ltr'><strong>suis</strong></span> <span class='ocrx_word' id='word_1_9' title='bbox 386 367 526 442; x_wconf 82' lang='lat' dir='ltr'><strong>peccatis,</strong></span> <span class='ocrx_word' id='word_1_10' title='bbox 548 359 719 419; x_wconf 88' lang='lat' dir='ltr'><strong>humilitatis</strong></span> <span class='ocrx_word' id='word_1_11' title='bbox 734 366 764 414; x_wconf 89' lang='lat' dir='ltr'><strong>et</strong></span> <span class='ocrx_word' id='word_1_12' title='bbox 780 359 979 413; x_wconf 73' lang='lat' dir='ltr'><strong>miserationis</strong></span> <span class='ocrx_word' id='word_1_13' title='bbox 994 364 1024 412; x_wconf 93' lang='lat' dir='ltr'><strong>et</strong></span> <span class='ocrx_word' id='word_1_14' title='bbox 1037 357 1178 414; x_wconf 74' lang='lat' dir='ltr'><strong>oratIonis</strong></span> <span class='ocrx_word' id='word_1_15' title='bbox 1192 375 1242 415; x_wconf 86' lang='lat' dir='ltr'><strong>ss·</strong></span> 
     </span>
     <span class='ocr_line' id='line_1_3' title="bbox 208 437 1241 518; baseline -0.015 -8"><span class='ocrx_word' id='word_1_16' title='bbox 208 453 350 511; x_wconf 86' lang='lat' dir='ltr'><strong>orificium</strong></span> <span class='ocrx_word' id='word_1_17' title='bbox 363 450 428 507; x_wconf 88' lang='lat' dir='ltr'><strong>Deo</strong></span> <span class='ocrx_word' id='word_1_18' title='bbox 442 467 493 505; x_wconf 91' lang='lat' dir='ltr'><strong>suo</strong></span> <span class='ocrx_word' id='word_1_19' title='bbox 506 465 577 505; x_wconf 84' lang='lat' dir='ltr'><strong>vero</strong></span> <span class='ocrx_word' id='word_1_20' title='bbox 597 443 748 501; x_wconf 87' lang='lat' dir='ltr'><strong>immolare</strong></span> <span class='ocrx_word' id='word_1_21' title='bbox 766 459 827 496; x_wconf 92' lang='lat' dir='ltr'><strong>non</strong></span> <span class='ocrx_word' id='word_1_22' title='bbox 846 442 1012 518; x_wconf 81' lang='lat' dir='ltr'><strong>negligunt.</strong></span> <span class='ocrx_word' id='word_1_23' title='bbox 1053 437 1141 496; x_wconf 87' lang='lat' dir='ltr'><strong>Tales</strong></span> <span class='ocrx_word' id='word_1_24' title='bbox 1155 437 1241 496; x_wconf 84' lang='lat' dir='ltr'><strong>Chri-</strong></span> 
     </span>
     <span class='ocr_line' id='line_1_4' title="bbox 207 524 1241 608; baseline -0.015 -15"><span class='ocrx_word' id='word_1_25' title='bbox 207 537 318 593; x_wconf 88' lang='lat' dir='ltr'><strong>stianos</strong></span> <span class='ocrx_word' id='word_1_26' title='bbox 333 537 523 608; x_wconf 86' lang='lat' dir='ltr'><strong>imperatores</strong></span> <span class='ocrx_word' id='word_1_27' title='bbox 537 530 659 586; x_wconf 77' lang='lat' dir='ltr'><strong>dicimus</strong></span> <span class='ocrx_word' id='word_1_28' title='bbox 674 543 739 581; x_wconf 88' lang='lat' dir='ltr'><strong>esse</strong></span> <span class='ocrx_word' id='word_1_29' title='bbox 752 524 853 580; x_wconf 88' lang='lat' dir='ltr'><strong>felices</strong></span> <span class='ocrx_word' id='word_1_30' title='bbox 866 525 986 580; x_wconf 80' lang='lat' dir='ltr'><strong>interim</strong></span> <span class='ocrx_word' id='word_1_31' title='bbox 1000 541 1067 598; x_wconf 89' lang='lat' dir='ltr'><strong>spe,</strong></span> <span class='ocrx_word' id='word_1_32' title='bbox 1090 532 1189 598; x_wconf 86' lang='lat' dir='ltr'><strong>postca</strong></span> <span class='ocrx_word' id='word_1_33' title='bbox 1206 542 1241 579; x_wconf 86' lang='lat' dir='ltr'><strong>re</strong></span> 
     </span>
     <span class='ocr_line' id='line_1_5' title="bbox 207 606 999 695; baseline -0.018 -19"><span class='ocrx_word' id='word_1_34' title='bbox 207 623 270 695; x_wconf 90' lang='lat' dir='ltr'><strong>ipsa</strong></span> <span class='ocrx_word' id='word_1_35' title='bbox 283 619 408 688; x_wconf 80' lang='lat' dir='ltr'><strong>futuros,</strong></span> <span class='ocrx_word' id='word_1_36' title='bbox 423 634 490 674; x_wconf 90' lang='lat' dir='ltr'><strong>cum</strong></span> <span class='ocrx_word' id='word_1_37' title='bbox 502 614 532 670; x_wconf 90' lang='lat' dir='ltr'><strong>id</strong></span> <span class='ocrx_word' id='word_1_38' title='bbox 545 609 623 688; x_wconf 87' lang='lat' dir='ltr'><strong>quod</strong></span> <span class='ocrx_word' id='word_1_39' title='bbox 637 617 823 683; x_wconf 74' lang='lat' dir='ltr'><strong>expectamus</strong></span> <span class='ocrx_word' id='word_1_40' title='bbox 837 606 999 664; x_wconf 76' lang='lat' dir='ltr'><strong>advenerit.</strong></span> 
     </span>
    </p>
   </div>
   <div class='ocr_carea' id='block_1_3' title="bbox 542 703 868 767">
    <p class='ocr_par' dir='ltr' id='par_1_3' title="bbox 542 703 868 767">
     <span class='ocr_line' id='line_1_6' title="bbox 542 703 868 767; baseline -0.021 1"><span class='ocrx_word' id='word_1_41' title='bbox 542 707 700 767; x_wconf 41' lang='lat' dir='ltr'><strong>*CAR</strong></span> <span class='ocrx_word' id='word_1_42' title='bbox 743 703 868 762; x_wconf 87' lang='lat' dir='ltr'>XXV.</span> 
     </span>
    </p>
   </div>
   <div class='ocr_carea' id='block_1_4' title="bbox 191 780 1243 910">
    <p class='ocr_par' dir='ltr' id='par_1_4' title="bbox 191 780 1243 910">
     <span class='ocr_line' id='line_1_7' title="bbox 191 780 1243 908; baseline -0.009 -61"><span class='ocrx_word' id='word_1_43' title='bbox 191 795 249 848; x_wconf 40' lang='lat' dir='ltr'><strong>‘De</strong></span> <span class='ocrx_word' id='word_1_44' title='bbox 267 791 503 863; x_wconf 73' lang='lat' dir='ltr'><strong>prosperitatibus,</strong></span> <span class='ocrx_word' id='word_1_45' title='bbox 523 805 590 858; x_wconf 77' lang='lat' dir='ltr'><strong>pisos</strong></span> <span class='ocrx_word' id='word_1_46' title='bbox 612 787 790 908; x_wconf 67' lang='lat' dir='ltr'><strong>Constaptls&#39;nc</strong></span> <span class='ocrx_word' id='word_1_47' title='bbox 809 783 972 853; x_wconf 81' lang='lat' dir='ltr'><strong>insperators’</strong></span> <span class='ocrx_word' id='word_1_48' title='bbox 990 780 1147 838; x_wconf 73' lang='lat' dir='ltr'><strong>Christiano</strong></span> <span class='ocrx_word' id='word_1_49' title='bbox 1165 781 1243 838; x_wconf 81' lang='lat' dir='ltr'><strong>Deus</strong></span> 
     </span>
     <span class='ocr_line' id='line_1_8' title="bbox 660 865 1061 910; baseline -0.012 0"><span class='ocrx_word' id='word_1_50' title='bbox 660 874 708 910; x_wconf 87' lang='lat' dir='ltr'><strong>con</strong></span> <span class='ocrx_word' id='word_1_51' title='bbox 724 873 741 906; x_wconf 84' lang='lat' dir='ltr'><strong>u</strong></span> <span class='ocrx_word' id='word_1_52' title='bbox 753 865 783 908; x_wconf 85' lang='lat' dir='ltr'><strong>st.</strong></span> <span class='ocrx_word' id='word_1_53' title='bbox 1058 872 1061 878; x_wconf 84' lang='grc'><strong>’</strong></span> 
     </span>
    </p>
   </div>
   <div class='ocr_carea' id='block_1_5' title="bbox 206 936 1250 2762">
    <p class='ocr_par' dir='ltr' id='par_1_5' title="bbox 206 936 1250 2762">
     <span class='ocr_line' id='line_1_9' title="bbox 268 936 1243 1013; baseline -0.007 -13"><span class='ocrx_word' id='word_1_54' title='bbox 268 943 343 1000; x_wconf 90' lang='lat' dir='ltr'><strong>Nam</strong></span> <span class='ocrx_word' id='word_1_55' title='bbox 357 943 451 1000; x_wconf 87' lang='lat' dir='ltr'><strong>bonus</strong></span> <span class='ocrx_word' id='word_1_56' title='bbox 465 941 562 1012; x_wconf 88' lang='lat' dir='ltr'><strong>Deus,</strong></span> <span class='ocrx_word' id='word_1_57' title='bbox 590 960 628 997; x_wconf 92' lang='lat' dir='ltr'><strong>ne</strong></span> <span class='ocrx_word' id='word_1_58' title='bbox 648 939 781 996; x_wconf 91' lang='lat' dir='ltr'><strong>homines</strong></span> <span class='ocrx_word' id='word_1_59' title='bbox 800 938 851 1013; x_wconf 91' lang='lat' dir='ltr'><strong>qui</strong></span> <span class='ocrx_word' id='word_1_60' title='bbox 869 955 935 993; x_wconf 91' lang='lat' dir='ltr'><strong>eum</strong></span> <span class='ocrx_word' id='word_1_61' title='bbox 953 936 1108 993; x_wconf 84' lang='lat' dir='ltr'><strong>crederent</strong></span> <span class='ocrx_word' id='word_1_62' title='bbox 1124 946 1243 1012; x_wconf 90' lang='lat' dir='ltr'><strong>propter</strong></span> 
     </span>
     <span class='ocr_line' id='line_1_10' title="bbox 208 1021 1245 1096; baseline -0.004 -14"><span class='ocrx_word' id='word_1_63' title='bbox 208 1037 359 1083; x_wconf 90' lang='lat' dir='ltr'><strong>aeternam</strong></span> <span class='ocrx_word' id='word_1_64' title='bbox 382 1027 473 1082; x_wconf 85' lang='lat' dir='ltr'><strong>vitam</strong></span> <span class='ocrx_word' id='word_1_65' title='bbox 498 1025 666 1095; x_wconf 85' lang='lat' dir='ltr'><strong>colendum,</strong></span> <span class='ocrx_word' id='word_1_66' title='bbox 692 1021 744 1078; x_wconf 90' lang='lat' dir='ltr'><strong>has</strong></span> <span class='ocrx_word' id='word_1_67' title='bbox 764 1021 957 1077; x_wconf 78' lang='lat' dir='ltr'><strong>sublimitates</strong></span> <span class='ocrx_word' id='word_1_68' title='bbox 976 1027 1006 1078; x_wconf 90' lang='lat' dir='ltr'><strong>et</strong></span> <span class='ocrx_word' id='word_1_69' title='bbox 1018 1038 1111 1096; x_wconf 82' lang='lat' dir='ltr'><strong>regna</strong></span> <span class='ocrx_word' id='word_1_70' title='bbox 1125 1029 1245 1078; x_wconf 87' lang='lat' dir='ltr'><strong>terrena</strong></span> 
     </span>
     <span class='ocr_line' id='line_1_11' title="bbox 209 1101 1244 1184; baseline -0.006 -20"><span class='ocrx_word' id='word_1_71' title='bbox 209 1112 414 1167; x_wconf 84' lang='lat' dir='ltr'><strong>existimarent</strong></span> <span class='ocrx_word' id='word_1_72' title='bbox 426 1127 514 1184; x_wconf 89' lang='lat' dir='ltr'><strong>posse</strong></span> <span class='ocrx_word' id='word_1_73' title='bbox 528 1109 676 1163; x_wconf 89' lang='lat' dir='ltr'><strong>neminem</strong></span> <span class='ocrx_word' id='word_1_74' title='bbox 690 1106 841 1180; x_wconf 83' lang='lat' dir='ltr'><strong>consequi,</strong></span> <span class='ocrx_word' id='word_1_75' title='bbox 856 1104 915 1160; x_wconf 85' lang='lat' dir='ltr'><strong>nisi</strong></span> <span class='ocrx_word' id='word_1_76' title='bbox 929 1101 1117 1158; x_wconf 84' lang='lat' dir='ltr'><strong>daemonibus</strong></span> <span class='ocrx_word' id='word_1_77' title='bbox 1133 1105 1244 1178; x_wconf 90' lang='lat' dir='ltr'><strong>suppli-</strong></span> 
     </span>
     <span class='ocr_line' id='line_1_12' title="bbox 208 1184 1244 1270; baseline -0.006 -22"><span class='ocrx_word' id='word_1_78' title='bbox 208 1202 265 1264; x_wconf 88' lang='lat' dir='ltr'><strong>cet,</strong></span> <span class='ocrx_word' id='word_1_79' title='bbox 280 1193 356 1267; x_wconf 90' lang='lat' dir='ltr'><strong>quod</strong></span> <span class='ocrx_word' id='word_1_80' title='bbox 369 1191 399 1247; x_wconf 89' lang='lat' dir='ltr'><strong>hi</strong></span> <span class='ocrx_word' id='word_1_81' title='bbox 413 1193 533 1270; x_wconf 87' lang='lat' dir='ltr'><strong>spiritus</strong></span> <span class='ocrx_word' id='word_1_82' title='bbox 547 1192 578 1247; x_wconf 90' lang='lat' dir='ltr'><strong>in</strong></span> <span class='ocrx_word' id='word_1_83' title='bbox 594 1190 699 1246; x_wconf 87' lang='lat' dir='ltr'><strong>talibus</strong></span> <span class='ocrx_word' id='word_1_84' title='bbox 713 1190 835 1244; x_wconf 90' lang='lat' dir='ltr'><strong>multum</strong></span> <span class='ocrx_word' id='word_1_85' title='bbox 847 1188 996 1256; x_wconf 85' lang='lat' dir='ltr'><strong>valerent,</strong></span> <span class='ocrx_word' id='word_1_86' title='bbox 1016 1184 1244 1244; x_wconf 86' lang='lat' dir='ltr'><strong>Constantinum</strong></span> 
     </span>
     <span class='ocr_line' id='line_1_13' title="bbox 207 1268 1245 1350; baseline -0.004 -20"><span class='ocrx_word' id='word_1_87' title='bbox 207 1278 413 1350; x_wconf 85' lang='lat' dir='ltr'><strong>imperatorem</strong></span> <span class='ocrx_word' id='word_1_88' title='bbox 428 1293 489 1331; x_wconf 91' lang='lat' dir='ltr'><strong>non</strong></span> <span class='ocrx_word' id='word_1_89' title='bbox 504 1275 715 1348; x_wconf 85' lang='lat' dir='ltr'><strong>supplicantem</strong></span> <span class='ocrx_word' id='word_1_90' title='bbox 728 1269 932 1339; x_wconf 86' lang='lat' dir='ltr'><strong>daemonibus,</strong></span> <span class='ocrx_word' id='word_1_91' title='bbox 959 1268 1010 1328; x_wconf 82' lang='lat' dir='ltr'><strong>sed</strong></span> <span class='ocrx_word' id='word_1_92' title='bbox 1028 1270 1123 1343; x_wconf 91' lang='lat' dir='ltr'><strong>ipsum</strong></span> <span class='ocrx_word' id='word_1_93' title='bbox 1141 1287 1245 1326; x_wconf 87' lang='lat' dir='ltr'><strong>verum</strong></span> 
     </span>
     <span class='ocr_line' id='line_1_14' title="bbox 206 1353 1246 1429; baseline -0.006 -14"><span class='ocrx_word' id='word_1_94' title='bbox 206 1358 304 1416; x_wconf 86' lang='lat' dir='ltr'><strong>Deum</strong></span> <span class='ocrx_word' id='word_1_95' title='bbox 327 1361 483 1429; x_wconf 80' lang='lat' dir='ltr'><strong>colentem,</strong></span> <span class='ocrx_word' id='word_1_96' title='bbox 508 1358 599 1412; x_wconf 86' lang='lat' dir='ltr'><strong>tantis</strong></span> <span class='ocrx_word' id='word_1_97' title='bbox 623 1357 758 1412; x_wconf 83' lang='lat' dir='ltr'><strong>terrenis</strong></span> <span class='ocrx_word' id='word_1_98' title='bbox 773 1354 906 1428; x_wconf 80' lang='lat' dir='ltr'><strong>implevit</strong></span> <span class='ocrx_word' id='word_1_99' title='bbox 927 1353 1107 1423; x_wconf 86' lang='lat' dir='ltr'><strong>muneribus,</strong></span> <span class='ocrx_word' id='word_1_100' title='bbox 1134 1363 1246 1426; x_wconf 84' lang='lat' dir='ltr'><strong>quauta</strong></span> 
     </span>
     <span class='ocr_line' id='line_1_15' title="bbox 208 1433 1247 1516; baseline -0.004 -20"><span class='ocrx_word' id='word_1_101' title='bbox 208 1452 310 1516; x_wconf 88' lang='lat' dir='ltr'><strong>optare</strong></span> <span class='ocrx_word' id='word_1_102' title='bbox 324 1444 422 1498; x_wconf 91' lang='lat' dir='ltr'><strong>nullus</strong></span> <span class='ocrx_word' id='word_1_103' title='bbox 437 1441 571 1496; x_wconf 89' lang='lat' dir='ltr'><strong>auderet:</strong></span> <span class='ocrx_word' id='word_1_104' title='bbox 587 1441 634 1495; x_wconf 90' lang='lat' dir='ltr'><strong>cui</strong></span> <span class='ocrx_word' id='word_1_105' title='bbox 645 1441 733 1496; x_wconf 88' lang='lat' dir='ltr'><strong>etiam</strong></span> <span class='ocrx_word' id='word_1_106' title='bbox 747 1437 874 1494; x_wconf 89' lang='lat' dir='ltr'><strong>condere</strong></span> <span class='ocrx_word' id='word_1_107' title='bbox 885 1437 1033 1492; x_wconf 85' lang='lat' dir='ltr'><strong>civitatem</strong></span> <span class='ocrx_word' id='word_1_108' title='bbox 1043 1433 1174 1492; x_wconf 88' lang='lat' dir='ltr'><strong>Romano</strong></span> <span class='ocrx_word' id='word_1_109' title='bbox 1188 1437 1247 1492; x_wconf 68' lang='lat' dir='ltr'><strong>im«</strong></span> 
     </span>
     <span class='ocr_line' id='line_1_16' title="bbox 206 1518 1246 1600; baseline -0.002 -22"><span class='ocrx_word' id='word_1_110' title='bbox 206 1525 292 1600; x_wconf 90' lang='lat' dir='ltr'><strong>perio</strong></span> <span class='ocrx_word' id='word_1_111' title='bbox 307 1525 426 1594; x_wconf 87' lang='lat' dir='ltr'><strong>sociam,</strong></span> <span class='ocrx_word' id='word_1_112' title='bbox 440 1526 521 1580; x_wconf 86' lang='lat' dir='ltr'><strong>velut</strong></span> <span class='ocrx_word' id='word_1_113' title='bbox 534 1523 626 1596; x_wconf 88' lang='lat' dir='ltr'><strong>ipsius</strong></span> <span class='ocrx_word' id='word_1_114' title='bbox 638 1521 749 1578; x_wconf 82' lang='lat' dir='ltr'><strong>Romae</strong></span> <span class='ocrx_word' id='word_1_115' title='bbox 760 1521 861 1591; x_wconf 86' lang='lat' dir='ltr'><strong>filiam,</strong></span> <span class='ocrx_word' id='word_1_116' title='bbox 875 1518 928 1576; x_wconf 88' lang='lat' dir='ltr'><strong>sed</strong></span> <span class='ocrx_word' id='word_1_117' title='bbox 940 1521 1004 1576; x_wconf 88' lang='lat' dir='ltr'><strong>sine</strong></span> <span class='ocrx_word' id='word_1_118' title='bbox 1017 1520 1114 1594; x_wconf 85' lang='lat' dir='ltr'><strong>aliquo</strong></span> <span class='ocrx_word' id='word_1_119' title='bbox 1127 1518 1246 1576; x_wconf 90' lang='lat' dir='ltr'><strong>daemo-</strong></span> 
     </span>
     <span class='ocr_line' id='line_1_17' title="bbox 208 1601 1247 1679; baseline -0.001 -18"><span class='ocrx_word' id='word_1_120' title='bbox 208 1625 279 1662; x_wconf 90' lang='lat' dir='ltr'><strong>num</strong></span> <span class='ocrx_word' id='word_1_121' title='bbox 292 1608 399 1679; x_wconf 91' lang='lat' dir='ltr'><strong>templo</strong></span> <span class='ocrx_word' id='word_1_122' title='bbox 413 1607 626 1679; x_wconf 85' lang='lat' dir='ltr'><strong>simulacroque</strong></span> <span class='ocrx_word' id='word_1_123' title='bbox 639 1605 795 1661; x_wconf 88' lang='lat' dir='ltr'><strong>concessit.</strong></span> <span class='ocrx_word' id='word_1_124' title='bbox 822 1601 882 1660; x_wconf 90' lang='lat' dir='ltr'><strong>Diu</strong></span> <span class='ocrx_word' id='word_1_125' title='bbox 896 1602 1062 1676; x_wconf 87' lang='lat' dir='ltr'><strong>imperavit,</strong></span> <span class='ocrx_word' id='word_1_126' title='bbox 1075 1602 1247 1660; x_wconf 87' lang='lat' dir='ltr'><strong>universum</strong></span> 
     </span>
     <span class='ocr_line' id='line_1_18' title="bbox 209 1684 1246 1764; baseline -0.003 -21"><span class='ocrx_word' id='word_1_127' title='bbox 209 1689 310 1743; x_wconf 89' lang='lat' dir='ltr'><strong>orbem</strong></span> <span class='ocrx_word' id='word_1_128' title='bbox 323 1687 487 1744; x_wconf 83' lang='lat' dir='ltr'><strong>Romanum</strong></span> <span class='ocrx_word' id='word_1_129' title='bbox 501 1706 576 1742; x_wconf 85' lang='lat' dir='ltr'><strong>unus</strong></span> <span class='ocrx_word' id='word_1_130' title='bbox 589 1687 738 1764; x_wconf 71' lang='lat' dir='ltr'><strong>Augustus</strong></span> <span class='ocrx_word' id='word_1_131' title='bbox 752 1687 848 1742; x_wconf 90' lang='lat' dir='ltr'><strong>tenuit</strong></span> <span class='ocrx_word' id='word_1_132' title='bbox 861 1694 892 1741; x_wconf 93' lang='lat' dir='ltr'><strong>et</strong></span> <span class='ocrx_word' id='word_1_133' title='bbox 905 1684 1049 1741; x_wconf 79' lang='lat' dir='ltr'><strong>defendit:</strong></span> <span class='ocrx_word' id='word_1_134' title='bbox 1074 1685 1105 1739; x_wconf 88' lang='lat' dir='ltr'><strong>iu</strong></span> <span class='ocrx_word' id='word_1_135' title='bbox 1119 1685 1246 1740; x_wconf 91' lang='lat' dir='ltr'><strong>admini-</strong></span> 
     </span>
     <span class='ocr_line' id='line_1_19' title="bbox 209 1768 1244 1846; baseline -0.002 -22"><span class='ocrx_word' id='word_1_136' title='bbox 209 1770 383 1842; x_wconf 75' lang='lat' dir='ltr'><strong>strandiset</strong></span> <span class='ocrx_word' id='word_1_137' title='bbox 396 1768 534 1846; x_wconf 78' lang='lat' dir='ltr'><strong>gerendis</strong></span> <span class='ocrx_word' id='word_1_138' title='bbox 546 1770 629 1824; x_wconf 90' lang='lat' dir='ltr'><strong>bellis</strong></span> <span class='ocrx_word' id='word_1_139' title='bbox 641 1769 900 1826; x_wconf 82' lang='lat' dir='ltr'><strong>victoriosissimus</strong></span> <span class='ocrx_word' id='word_1_140' title='bbox 913 1769 984 1839; x_wconf 81' lang='lat' dir='ltr'><strong>fuit3</strong></span> <span class='ocrx_word' id='word_1_141' title='bbox 997 1768 1029 1824; x_wconf 92' lang='lat' dir='ltr'><strong>in</strong></span> <span class='ocrx_word' id='word_1_142' title='bbox 1042 1770 1176 1842; x_wconf 85' lang='lat' dir='ltr'><strong>tyrannis</strong></span> <span class='ocrx_word' id='word_1_143' title='bbox 1192 1787 1244 1842; x_wconf 93' lang='lat' dir='ltr'><strong>op-</strong></span> 
     </span>
     <span class='ocr_line' id='line_1_20' title="bbox 207 1850 1247 1928; baseline -0.001 -20"><span class='ocrx_word' id='word_1_144' title='bbox 207 1853 369 1928; x_wconf 89' lang='lat' dir='ltr'><strong>primendis</strong></span> <span class='ocrx_word' id='word_1_145' title='bbox 382 1871 434 1926; x_wconf 89' lang='lat' dir='ltr'><strong>per</strong></span> <span class='ocrx_word' id='word_1_146' title='bbox 447 1853 545 1909; x_wconf 88' lang='lat' dir='ltr'><strong>omnia</strong></span> <span class='ocrx_word' id='word_1_147' title='bbox 564 1861 753 1928; x_wconf 83' lang='lat' dir='ltr'><strong>prosperatus</strong></span> <span class='ocrx_word' id='word_1_148' title='bbox 768 1861 827 1923; x_wconf 83' lang='lat' dir='ltr'><strong>cst3</strong></span> <span class='ocrx_word' id='word_1_149' title='bbox 853 1850 1039 1928; x_wconf 78' lang='lat' dir='ltr'><strong>grandaevus</strong></span> <span class='ocrx_word' id='word_1_150' title='bbox 1059 1850 1247 1927; x_wconf 81' lang='lat' dir='ltr'><strong>aegritudine</strong></span> 
     </span>
     <span class='ocr_line' id='line_1_21' title="bbox 210 1932 1246 2009; baseline -0.001 -19"><span class='ocrx_word' id='word_1_151' title='bbox 210 1946 240 1992; x_wconf 92' lang='lat' dir='ltr'><strong>ct</strong></span> <span class='ocrx_word' id='word_1_152' title='bbox 253 1945 403 1992; x_wconf 89' lang='lat' dir='ltr'><strong>senectute</strong></span> <span class='ocrx_word' id='word_1_153' title='bbox 417 1935 571 1992; x_wconf 85' lang='lat' dir='ltr'><strong>defunctus</strong></span> <span class='ocrx_word' id='word_1_154' title='bbox 587 1945 642 2008; x_wconf 86' lang='lat' dir='ltr'><strong>cst,</strong></span> <span class='ocrx_word' id='word_1_155' title='bbox 666 1935 743 1994; x_wconf 87' lang='lat' dir='ltr'><strong>filios</strong></span> <span class='ocrx_word' id='word_1_156' title='bbox 757 1937 933 2008; x_wconf 88' lang='lat' dir='ltr'><strong>imperantes</strong></span> <span class='ocrx_word' id='word_1_157' title='bbox 947 1935 1075 2009; x_wconf 85' lang='lat' dir='ltr'><strong>reliquit.</strong></span> <span class='ocrx_word' id='word_1_158' title='bbox 1102 1932 1160 1992; x_wconf 83' lang='lat' dir='ltr'><strong>Sed</strong></span> <span class='ocrx_word' id='word_1_159' title='bbox 1177 1951 1246 1990; x_wconf 84' lang='lat' dir='ltr'><strong>rur-</strong></span> 
     </span>
     <span class='ocr_line' id='line_1_22' title="bbox 209 2017 1246 2095; baseline -0.001 -20"><span class='ocrx_word' id='word_1_160' title='bbox 209 2037 261 2075; x_wconf 89' lang='lat' dir='ltr'><strong>sus</strong></span> <span class='ocrx_word' id='word_1_161' title='bbox 275 2039 313 2075; x_wconf 93' lang='lat' dir='ltr'><strong>nc</strong></span> <span class='ocrx_word' id='word_1_162' title='bbox 327 2021 486 2094; x_wconf 88' lang='lat' dir='ltr'><strong>imperator</strong></span> <span class='ocrx_word' id='word_1_163' title='bbox 499 2021 652 2095; x_wconf 87' lang='lat' dir='ltr'><strong>quisquam</strong></span> <span class='ocrx_word' id='word_1_164' title='bbox 665 2019 731 2076; x_wconf 90' lang='lat' dir='ltr'><strong>ideo</strong></span> <span class='ocrx_word' id='word_1_165' title='bbox 745 2017 929 2076; x_wconf 85' lang='lat' dir='ltr'><strong>Christianus</strong></span> <span class='ocrx_word' id='word_1_166' title='bbox 948 2026 1042 2088; x_wconf 86' lang='lat' dir='ltr'><strong>esset,</strong></span> <span class='ocrx_word' id='word_1_167' title='bbox 1067 2026 1100 2080; x_wconf 86' lang='lat' dir='ltr'><strong>ut</strong></span> <span class='ocrx_word' id='word_1_168' title='bbox 1118 2017 1246 2074; x_wconf 82' lang='lat' dir='ltr'><strong>felicita-</strong></span> 
     </span>
     <span class='ocr_line' id='line_1_23' title="bbox 209 2101 1246 2176; baseline 0 -18"><span class='ocrx_word' id='word_1_169' title='bbox 209 2113 270 2158; x_wconf 90' lang='lat' dir='ltr'><strong>tem</strong></span> <span class='ocrx_word' id='word_1_170' title='bbox 283 2101 471 2160; x_wconf 86' lang='lat' dir='ltr'><strong>Constantini</strong></span> <span class='ocrx_word' id='word_1_171' title='bbox 484 2111 660 2174; x_wconf 87' lang='lat' dir='ltr'><strong>mcreretur,</strong></span> <span class='ocrx_word' id='word_1_172' title='bbox 686 2121 753 2160; x_wconf 90' lang='lat' dir='ltr'><strong>cum</strong></span> <span class='ocrx_word' id='word_1_173' title='bbox 765 2110 885 2176; x_wconf 89' lang='lat' dir='ltr'><strong>propter</strong></span> <span class='ocrx_word' id='word_1_174' title='bbox 897 2102 990 2158; x_wconf 84' lang='lat' dir='ltr'><strong>vitam</strong></span> <span class='ocrx_word' id='word_1_175' title='bbox 1002 2108 1152 2158; x_wconf 88' lang='lat' dir='ltr'><strong>aeternam</strong></span> <span class='ocrx_word' id='word_1_176' title='bbox 1165 2103 1246 2175; x_wconf 91' lang='lat' dir='ltr'><strong>quis-</strong></span> 
     </span>
     <span class='ocr_line' id='line_1_24' title="bbox 210 2183 1248 2260; baseline -0.001 -20"><span class='ocrx_word' id='word_1_177' title='bbox 210 2204 267 2260; x_wconf 92' lang='lat' dir='ltr'><strong>que</strong></span> <span class='ocrx_word' id='word_1_178' title='bbox 288 2185 392 2242; x_wconf 93' lang='lat' dir='ltr'><strong>debeat</strong></span> <span class='ocrx_word' id='word_1_179' title='bbox 414 2204 479 2242; x_wconf 87' lang='lat' dir='ltr'><strong>esse</strong></span> <span class='ocrx_word' id='word_1_180' title='bbox 500 2184 707 2255; x_wconf 61' lang='lat' dir='ltr'><strong>Christianusp</strong></span> <span class='ocrx_word' id='word_1_181' title='bbox 726 2183 879 2240; x_wconf 84' lang='lat' dir='ltr'><strong>Iovianum</strong></span> <span class='ocrx_word' id='word_1_182' title='bbox 892 2185 984 2240; x_wconf 86' lang='lat' dir='ltr'><strong>multo</strong></span> <span class='ocrx_word' id='word_1_183' title='bbox 997 2184 1084 2239; x_wconf 88' lang='lat' dir='ltr'><strong>citius</strong></span> <span class='ocrx_word' id='word_1_184' title='bbox 1098 2201 1184 2258; x_wconf 86' lang='lat' dir='ltr'><strong>quam</strong></span> <span class='ocrx_word' id='word_1_185' title='bbox 1197 2183 1248 2240; x_wconf 87' lang='grc' dir='ltr'>Ιιι-</span> 
     </span>
     <span class='ocr_line' id='line_1_25' title="bbox 209 2267 1248 2341; baseline 0.002 -19"><span class='ocrx_word' id='word_1_186' title='bbox 209 2269 320 2324; x_wconf 88' lang='lat' dir='ltr'><strong>lianum</strong></span> <span class='ocrx_word' id='word_1_187' title='bbox 333 2268 471 2338; x_wconf 89' lang='lat' dir='ltr'><strong>abstulit;</strong></span> <span class='ocrx_word' id='word_1_188' title='bbox 497 2269 672 2326; x_wconf 83' lang='lat' dir='ltr'><strong>Gratianum</strong></span> <span class='ocrx_word' id='word_1_189' title='bbox 686 2267 764 2326; x_wconf 80' lang='lat' dir='ltr'><strong>ferro</strong></span> <span class='ocrx_word' id='word_1_190' title='bbox 782 2268 938 2341; x_wconf 87' lang='lat' dir='ltr'><strong>tyrannico</strong></span> <span class='ocrx_word' id='word_1_191' title='bbox 951 2267 1086 2340; x_wconf 89' lang='lat' dir='ltr'><strong>permisit</strong></span> <span class='ocrx_word' id='word_1_192' title='bbox 1099 2269 1248 2340; x_wconf 79' lang='lat' dir='ltr'><strong>iuterimi3</strong></span> 
     </span>
     <span class='ocr_line' id='line_1_26' title="bbox 209 2348 1249 2427; baseline 0.003 -22"><span class='ocrx_word' id='word_1_193' title='bbox 209 2353 299 2427; x_wconf 83' lang='lat' dir='ltr'><strong>longe</strong></span> <span class='ocrx_word' id='word_1_194' title='bbox 313 2349 429 2424; x_wconf 88' lang='lat' dir='ltr'><strong>quidem</strong></span> <span class='ocrx_word' id='word_1_195' title='bbox 442 2351 552 2422; x_wconf 83' lang='lat' dir='ltr'><strong>mitius,</strong></span> <span class='ocrx_word' id='word_1_196' title='bbox 579 2368 666 2424; x_wconf 86' lang='lat' dir='ltr'><strong>quam</strong></span> <span class='ocrx_word' id='word_1_197' title='bbox 678 2349 818 2427; x_wconf 79' lang='lat' dir='ltr'><strong>Magnum</strong></span> <span class='ocrx_word' id='word_1_198' title='bbox 831 2348 1012 2426; x_wconf 89' lang='lat' dir='ltr'><strong>Pompeium,</strong></span> <span class='ocrx_word' id='word_1_199' title='bbox 1037 2351 1180 2406; x_wconf 87' lang='lat' dir='ltr'><strong>colentem</strong></span> <span class='ocrx_word' id='word_1_200' title='bbox 1193 2369 1249 2408; x_wconf 80' lang='lat' dir='ltr'><strong>ve-</strong></span> 
     </span>
     <span class='ocr_line' id='line_1_27' title="bbox 208 2431 1249 2507; baseline 0.004 -21"><span class='ocrx_word' id='word_1_201' title='bbox 208 2434 252 2487; x_wconf 90' lang='lat' dir='ltr'><strong>lut</strong></span> <span class='ocrx_word' id='word_1_202' title='bbox 266 2432 414 2490; x_wconf 85' lang='lat' dir='ltr'><strong>Romanos</strong></span> <span class='ocrx_word' id='word_1_203' title='bbox 435 2433 514 2490; x_wconf 89' lang='lat' dir='ltr'><strong>deos.</strong></span> <span class='ocrx_word' id='word_1_204' title='bbox 541 2432 617 2490; x_wconf 88' lang='lat' dir='ltr'><strong>Nam</strong></span> <span class='ocrx_word' id='word_1_205' title='bbox 641 2435 691 2490; x_wconf 91' lang='lat' dir='ltr'><strong>ille</strong></span> <span class='ocrx_word' id='word_1_206' title='bbox 715 2432 861 2490; x_wconf 83' lang='lat' dir='ltr'><strong>vindicari</strong></span> <span class='ocrx_word' id='word_1_207' title='bbox 880 2451 898 2490; x_wconf 81' lang='lat' dir='ltr'><strong>a</strong></span> <span class='ocrx_word' id='word_1_208' title='bbox 915 2431 1026 2492; x_wconf 82' lang='lat' dir='ltr'><strong>Catone</strong></span> <span class='ocrx_word' id='word_1_209' title='bbox 1053 2451 1113 2490; x_wconf 92' lang='lat' dir='ltr'><strong>non</strong></span> <span class='ocrx_word' id='word_1_210' title='bbox 1138 2437 1249 2507; x_wconf 85' lang='lat' dir='ltr'><strong>potuit,</strong></span> 
     </span>
     <span class='ocr_line' id='line_1_28' title="bbox 209 2515 1250 2592; baseline 0.004 -22"><span class='ocrx_word' id='word_1_211' title='bbox 209 2533 295 2590; x_wconf 88' lang='lat' dir='ltr'><strong>quem</strong></span> <span class='ocrx_word' id='word_1_212' title='bbox 308 2517 402 2573; x_wconf 87' lang='lat' dir='ltr'><strong>civilis</strong></span> <span class='ocrx_word' id='word_1_213' title='bbox 415 2517 484 2572; x_wconf 91' lang='lat' dir='ltr'><strong>belli</strong></span> <span class='ocrx_word' id='word_1_214' title='bbox 498 2516 707 2592; x_wconf 85' lang='lat' dir='ltr'><strong>quodammodo</strong></span> <span class='ocrx_word' id='word_1_215' title='bbox 720 2515 858 2572; x_wconf 89' lang='lat' dir='ltr'><strong>heredem</strong></span> <span class='ocrx_word' id='word_1_216' title='bbox 871 2517 1043 2592; x_wconf 87' lang='lat' dir='ltr'><strong>reliquerat:</strong></span> <span class='ocrx_word' id='word_1_217' title='bbox 1068 2517 1124 2572; x_wconf 90' lang='lat' dir='ltr'><strong>istc</strong></span> <span class='ocrx_word' id='word_1_218' title='bbox 1138 2525 1250 2590; x_wconf 83' lang='lat' dir='ltr'><strong>autem,</strong></span> 
     </span>
     <span class='ocr_line' id='line_1_29' title="bbox 209 2598 1250 2675; baseline 0.002 -20"><span class='ocrx_word' id='word_1_219' title='bbox 209 2601 341 2672; x_wconf 88' lang='lat' dir='ltr'><strong>quamvis</strong></span> <span class='ocrx_word' id='word_1_220' title='bbox 358 2601 424 2675; x_wconf 89' lang='lat' dir='ltr'><strong>piae</strong></span> <span class='ocrx_word' id='word_1_221' title='bbox 443 2601 558 2658; x_wconf 78' lang='lat' dir='ltr'><strong>anhaae</strong></span> <span class='ocrx_word' id='word_1_222' title='bbox 572 2601 676 2658; x_wconf 82' lang='lat' dir='ltr'><strong>solatia</strong></span> <span class='ocrx_word' id='word_1_223' title='bbox 695 2601 765 2658; x_wconf 89' lang='lat' dir='ltr'><strong>talia</strong></span> <span class='ocrx_word' id='word_1_224' title='bbox 779 2618 839 2658; x_wconf 89' lang='lat' dir='ltr'><strong>non</strong></span> <span class='ocrx_word' id='word_1_225' title='bbox 853 2601 1020 2674; x_wconf 86' lang='lat' dir='ltr'><strong>requirant,</strong></span> <span class='ocrx_word' id='word_1_226' title='bbox 1046 2618 1064 2656; x_wconf 94' lang='lat' dir='ltr'><strong>a</strong></span> <span class='ocrx_word' id='word_1_227' title='bbox 1077 2598 1250 2658; x_wconf 91' lang='lat' dir='ltr'><strong>Theodosio</strong></span> 
     </span>
     <span class='ocr_line' id='line_1_30' title="bbox 207 2681 1250 2762; baseline 0.006 -26"><span class='ocrx_word' id='word_1_228' title='bbox 207 2682 376 2740; x_wconf 82' lang='lat' dir='ltr'><strong>vindicatus</strong></span> <span class='ocrx_word' id='word_1_229' title='bbox 390 2693 451 2754; x_wconf 85' lang='lat' dir='ltr'><strong>est,</strong></span> <span class='ocrx_word' id='word_1_230' title='bbox 480 2701 568 2758; x_wconf 88' lang='lat' dir='ltr'><strong>quem</strong></span> <span class='ocrx_word' id='word_1_231' title='bbox 580 2685 667 2762; x_wconf 78' lang='lat' dir='ltr'><strong>regui</strong></span> <span class='ocrx_word' id='word_1_232' title='bbox 680 2685 852 2757; x_wconf 86' lang='lat' dir='ltr'><strong>participem</strong></span> <span class='ocrx_word' id='word_1_233' title='bbox 865 2681 993 2754; x_wconf 83' lang='lat' dir='ltr'><strong>fecerat,</strong></span> <span class='ocrx_word' id='word_1_234' title='bbox 1016 2701 1081 2740; x_wconf 91' lang='lat' dir='ltr'><strong>oum</strong></span> <span class='ocrx_word' id='word_1_235' title='bbox 1094 2685 1250 2758; x_wconf 82' lang='lat' dir='ltr'><strong>parvulum</strong></span> 
     </span>
    </p>
   </div>
   <div class='ocr_carea' id='block_1_6' title="bbox 207 2762 1249 2903">
    <p class='ocr_par' dir='ltr' id='par_1_6' title="bbox 207 2762 1249 2903">
     <span class='ocr_line' id='line_1_31' title="bbox 207 2762 1249 2842; baseline 0.004 -22"><span class='ocrx_word' id='word_1_236' title='bbox 207 2762 328 2822; x_wconf 89' lang='lat' dir='ltr'><strong>haberet</strong></span> <span class='ocrx_word' id='word_1_237' title='bbox 354 2766 491 2837; x_wconf 85' lang='lat' dir='ltr'><strong>fratrom,</strong></span> <span class='ocrx_word' id='word_1_238' title='bbox 515 2764 629 2824; x_wconf 86' lang='lat' dir='ltr'><strong>avidior</strong></span> <span class='ocrx_word' id='word_1_239' title='bbox 649 2765 725 2824; x_wconf 88' lang='lat' dir='ltr'><strong>fidae</strong></span> <span class='ocrx_word' id='word_1_240' title='bbox 749 2767 914 2838; x_wconf 84' lang='lat' dir='ltr'><strong>societatis,</strong></span> <span class='ocrx_word' id='word_1_241' title='bbox 937 2783 1023 2841; x_wconf 88' lang='lat' dir='ltr'><strong>quam</strong></span> <span class='ocrx_word' id='word_1_242' title='bbox 1041 2767 1149 2824; x_wconf 75' lang='lat' dir='ltr'><strong>anniae</strong></span> <span class='ocrx_word' id='word_1_243' title='bbox 1161 2776 1249 2842; x_wconf 90' lang='lat' dir='ltr'><strong>potc-</strong></span> 
     </span>
     <span class='ocr_line' id='line_1_32' title="bbox 209 2849 302 2903; baseline 0.022 -3"><span class='ocrx_word' id='word_1_244' title='bbox 209 2849 302 2903; x_wconf 88' lang='lat' dir='ltr'><strong>statis.</strong></span> 
     </span>
    </p>
   </div>
   <div class='ocr_carea' id='block_1_7' title="bbox 399 2930 1003 3084">
    <p class='ocr_par' dir='ltr' id='par_1_7' title="bbox 399 2930 1003 3084">
     <span class='ocr_line' id='line_1_33' title="bbox 566 2930 885 2990; baseline 0.006 -2"><span class='ocrx_word' id='word_1_245' title='bbox 566 2930 588 2989; x_wconf 81' lang='lat' dir='ltr'>C</span> <span class='ocrx_word' id='word_1_246' title='bbox 609 2932 634 2988; x_wconf 86' lang='grc' dir='ltr'><strong>Λ</strong></span> <span class='ocrx_word' id='word_1_247' title='bbox 658 2931 689 2988; x_wconf 91' lang='grc' dir='ltr'><strong>Ρ.</strong></span> <span class='ocrx_word' id='word_1_248' title='bbox 733 2930 766 2988; x_wconf 88' lang='grc' dir='ltr'>Χ</span> <span class='ocrx_word' id='word_1_249' title='bbox 778 2930 811 2988; x_wconf 89' lang='grc' dir='ltr'>Χ</span> <span class='ocrx_word' id='word_1_250' title='bbox 825 2931 850 2989; x_wconf 93' lang='lat' dir='ltr'>V</span> <span class='ocrx_word' id='word_1_251' title='bbox 863 2931 885 2990; x_wconf 90' lang='grc' dir='ltr'><strong>Ι.</strong></span> 
     </span>
     <span class='ocr_line' id='line_1_34' title="bbox 399 3009 1003 3084; baseline 0.008 -23"><span class='ocrx_word' id='word_1_252' title='bbox 399 3045 402 3056; x_wconf 66' lang='lat'>,</span> <span class='ocrx_word' id='word_1_253' title='bbox 451 3009 494 3062; x_wconf 88' lang='lat' dir='ltr'><strong>De</strong></span> <span class='ocrx_word' id='word_1_254' title='bbox 498 3011 557 3080; x_wconf 81' lang='lat' dir='ltr'><strong>fids</strong></span> <span class='ocrx_word' id='word_1_255' title='bbox 567 3020 594 3064; x_wconf 85' lang='lat' dir='ltr'><strong>et</strong></span> <span class='ocrx_word' id='word_1_256' title='bbox 601 3011 706 3080; x_wconf 82' lang='lat' dir='ltr'><strong>pietate</strong></span> <span class='ocrx_word' id='word_1_257' title='bbox 721 3012 862 3068; x_wconf 78' lang='lat' dir='ltr'><strong>Theodosii</strong></span> <span class='ocrx_word' id='word_1_258' title='bbox 873 3011 1003 3084; x_wconf 79' lang='lat' dir='ltr'><strong>Augusti.</strong></span> 
     </span>
    </p>
   </div>
   <div class='ocr_carea' id='block_1_8' title="bbox 207 3097 1256 3927">
    <p class='ocr_par' dir='ltr' id='par_1_8' title="bbox 207 3097 1256 3927">
     <span class='ocr_line' id='line_1_35' title="bbox 274 3097 1251 3177; baseline 0.007 -24"><span class='ocrx_word' id='word_1_259' title='bbox 274 3097 358 3154; x_wconf 89' lang='lat' dir='ltr'><strong>Vnde</strong></span> <span class='ocrx_word' id='word_1_260' title='bbox 378 3109 407 3156; x_wconf 91' lang='lat' dir='ltr'><strong>et</strong></span> <span class='ocrx_word' id='word_1_261' title='bbox 424 3101 473 3156; x_wconf 90' lang='lat' dir='ltr'><strong>ille</strong></span> <span class='ocrx_word' id='word_1_262' title='bbox 492 3120 553 3157; x_wconf 93' lang='lat' dir='ltr'><strong>non</strong></span> <span class='ocrx_word' id='word_1_263' title='bbox 573 3104 666 3159; x_wconf 88' lang='lat' dir='ltr'><strong>solum</strong></span> <span class='ocrx_word' id='word_1_264' title='bbox 683 3104 753 3160; x_wconf 85' lang='lat' dir='ltr'><strong>vivo</strong></span> <span class='ocrx_word' id='word_1_265' title='bbox 773 3105 902 3160; x_wconf 86' lang='lat' dir='ltr'><strong>servavit</strong></span> <span class='ocrx_word' id='word_1_266' title='bbox 914 3121 1000 3177; x_wconf 87' lang='lat' dir='ltr'><strong>quam</strong></span> <span class='ocrx_word' id='word_1_267' title='bbox 1012 3101 1135 3162; x_wconf 87' lang='lat' dir='ltr'><strong>debebat</strong></span> <span class='ocrx_word' id='word_1_268' title='bbox 1147 3102 1251 3176; x_wconf 87' lang='lat' dir='ltr'><strong>fidem,</strong></span> 
     </span>
     <span class='ocr_line' id='line_1_36' title="bbox 209 3184 1250 3260; baseline 0.004 -22"><span class='ocrx_word' id='word_1_269' title='bbox 209 3199 311 3238; x_wconf 83' lang='lat' dir='ltr'><strong>verum</strong></span> <span class='ocrx_word' id='word_1_270' title='bbox 326 3184 414 3239; x_wconf 89' lang='lat' dir='ltr'><strong>etiam</strong></span> <span class='ocrx_word' id='word_1_271' title='bbox 428 3195 495 3258; x_wconf 87' lang='lat' dir='ltr'><strong>post</strong></span> <span class='ocrx_word' id='word_1_272' title='bbox 508 3187 572 3242; x_wconf 86' lang='lat' dir='ltr'><strong>eius</strong></span> <span class='ocrx_word' id='word_1_273' title='bbox 585 3195 709 3243; x_wconf 89' lang='lat' dir='ltr'><strong>mortem</strong></span> <span class='ocrx_word' id='word_1_274' title='bbox 721 3187 835 3260; x_wconf 88' lang='lat' dir='ltr'><strong>pulsum</strong></span> <span class='ocrx_word' id='word_1_275' title='bbox 853 3186 887 3243; x_wconf 86' lang='lat' dir='ltr'><strong>ab</strong></span> <span class='ocrx_word' id='word_1_276' title='bbox 901 3187 963 3244; x_wconf 89' lang='lat' dir='ltr'><strong>eius</strong></span> <span class='ocrx_word' id='word_1_277' title='bbox 978 3187 1168 3244; x_wconf 79' lang='lat' dir='ltr'><strong>interfectore</strong></span> <span class='ocrx_word' id='word_1_278' title='bbox 1181 3186 1250 3244; x_wconf 84' lang='lat' dir='ltr'><strong>Ma-</strong></span> 
     </span>
     <span class='ocr_line' id='line_1_37' title="bbox 208 3264 1251 3344; baseline 0.008 -25"><span class='ocrx_word' id='word_1_279' title='bbox 208 3266 289 3320; x_wconf 85' lang='lat' dir='ltr'><strong>ximo</strong></span> <span class='ocrx_word' id='word_1_280' title='bbox 302 3264 541 3327; x_wconf 85' lang='lat' dir='ltr'><strong>Valentinianum</strong></span> <span class='ocrx_word' id='word_1_281' title='bbox 559 3270 622 3325; x_wconf 91' lang='lat' dir='ltr'><strong>eius</strong></span> <span class='ocrx_word' id='word_1_282' title='bbox 634 3271 788 3344; x_wconf 81' lang='lat' dir='ltr'><strong>parvulum</strong></span> <span class='ocrx_word' id='word_1_283' title='bbox 801 3269 922 3328; x_wconf 81' lang='lat' dir='ltr'><strong>fratrem</strong></span> <span class='ocrx_word' id='word_1_284' title='bbox 936 3270 967 3325; x_wconf 94' lang='lat' dir='ltr'><strong>in</strong></span> <span class='ocrx_word' id='word_1_285' title='bbox 983 3270 1029 3326; x_wconf 88' lang='lat' dir='ltr'><strong>sui</strong></span> <span class='ocrx_word' id='word_1_286' title='bbox 1041 3278 1139 3344; x_wconf 83' lang='lat' dir='ltr'><strong>partes</strong></span> <span class='ocrx_word' id='word_1_287' title='bbox 1153 3269 1251 3342; x_wconf 88' lang='lat' dir='ltr'><strong>impe-</strong></span> 
     </span>
     <span class='ocr_line' id='line_1_38' title="bbox 208 3349 1253 3426; baseline 0.008 -24"><span class='ocrx_word' id='word_1_288' title='bbox 208 3349 247 3403; x_wconf 90' lang='lat' dir='ltr'><strong>rii</strong></span> <span class='ocrx_word' id='word_1_289' title='bbox 262 3358 401 3425; x_wconf 86' lang='lat' dir='ltr'><strong>tanquam</strong></span> <span class='ocrx_word' id='word_1_290' title='bbox 415 3351 598 3409; x_wconf 85' lang='lat' dir='ltr'><strong>Christianus</strong></span> <span class='ocrx_word' id='word_1_291' title='bbox 621 3353 745 3425; x_wconf 88' lang='lat' dir='ltr'><strong>excepit·</strong></span> <span class='ocrx_word' id='word_1_292' title='bbox 757 3352 916 3426; x_wconf 83' lang='lat' dir='ltr'><strong>pupillum3</strong></span> <span class='ocrx_word' id='word_1_293' title='bbox 942 3361 1065 3426; x_wconf 87' lang='lat' dir='ltr'><strong>paterno</strong></span> <span class='ocrx_word' id='word_1_294' title='bbox 1086 3351 1253 3412; x_wconf 80' lang='lat' dir='ltr'><strong>custodivit</strong></span> 
     </span>
     <span class='ocr_line' id='line_1_39' title="bbox 209 3429 1254 3513; baseline 0.007 -27"><span class='ocrx_word' id='word_1_295' title='bbox 209 3429 332 3504; x_wconf 83' lang='lat' dir='ltr'><strong>affectu,</strong></span> <span class='ocrx_word' id='word_1_296' title='bbox 359 3453 446 3509; x_wconf 91' lang='lat' dir='ltr'><strong>quem</strong></span> <span class='ocrx_word' id='word_1_297' title='bbox 464 3437 635 3496; x_wconf 88' lang='lat' dir='ltr'><strong>destitutum</strong></span> <span class='ocrx_word' id='word_1_298' title='bbox 649 3435 783 3492; x_wconf 89' lang='lat' dir='ltr'><strong>omnibus</strong></span> <span class='ocrx_word' id='word_1_299' title='bbox 797 3435 899 3509; x_wconf 91' lang='lat' dir='ltr'><strong>opibus</strong></span> <span class='ocrx_word' id='word_1_300' title='bbox 914 3436 994 3494; x_wconf 89' lang='lat' dir='ltr'><strong>nullo</strong></span> <span class='ocrx_word' id='word_1_301' title='bbox 1009 3437 1132 3513; x_wconf 77' lang='lat' dir='ltr'><strong>negotio</strong></span> <span class='ocrx_word' id='word_1_302' title='bbox 1145 3447 1254 3509; x_wconf 86' lang='lat' dir='ltr'><strong>posset</strong></span> 
     </span>
     <span class='ocr_line' id='line_1_40' title="bbox 209 3515 1253 3596; baseline 0.006 -26"><span class='ocrx_word' id='word_1_303' title='bbox 209 3515 337 3588; x_wconf 86' lang='lat' dir='ltr'><strong>auferre,</strong></span> <span class='ocrx_word' id='word_1_304' title='bbox 357 3519 382 3572; x_wconf 90' lang='lat' dir='ltr'><strong>si</strong></span> <span class='ocrx_word' id='word_1_305' title='bbox 395 3520 484 3575; x_wconf 86' lang='lat' dir='ltr'><strong>latius</strong></span> <span class='ocrx_word' id='word_1_306' title='bbox 497 3517 643 3596; x_wconf 82' lang='lat' dir='ltr'><strong>regnandi</strong></span> <span class='ocrx_word' id='word_1_307' title='bbox 657 3517 815 3591; x_wconf 89' lang='lat' dir='ltr'><strong>cupiditate</strong></span> <span class='ocrx_word' id='word_1_308' title='bbox 831 3519 926 3595; x_wconf 77' lang='lat' dir='ltr'><strong>usagis</strong></span> <span class='ocrx_word' id='word_1_309' title='bbox 940 3535 1028 3592; x_wconf 87' lang='lat' dir='ltr'><strong>quam</strong></span> <span class='ocrx_word' id='word_1_310' title='bbox 1040 3517 1253 3576; x_wconf 74' lang='lat' dir='ltr'><strong>benefaciendi</strong></span> 
     </span>
     <span class='ocr_line' id='line_1_41' title="bbox 210 3598 1254 3678; baseline 0.008 -26"><span class='ocrx_word' id='word_1_311' title='bbox 210 3602 332 3656; x_wconf 90' lang='lat' dir='ltr'><strong>caritate</strong></span> <span class='ocrx_word' id='word_1_312' title='bbox 347 3598 500 3678; x_wconf 80' lang='lat' dir='ltr'><strong>flagraret.</strong></span> <span class='ocrx_word' id='word_1_313' title='bbox 525 3600 603 3660; x_wconf 89' lang='lat' dir='ltr'><strong>unde</strong></span> <span class='ocrx_word' id='word_1_314' title='bbox 625 3601 724 3674; x_wconf 89' lang='lat' dir='ltr'><strong>potius</strong></span> <span class='ocrx_word' id='word_1_315' title='bbox 744 3620 810 3658; x_wconf 87' lang='lat' dir='ltr'><strong>eum</strong></span> <span class='ocrx_word' id='word_1_316' title='bbox 829 3610 946 3658; x_wconf 82' lang='lat' dir='ltr'><strong>servata</strong></span> <span class='ocrx_word' id='word_1_317' title='bbox 969 3603 1033 3659; x_wconf 86' lang='lat' dir='ltr'><strong>eius</strong></span> <span class='ocrx_word' id='word_1_318' title='bbox 1056 3603 1254 3677; x_wconf 81' lang='lat' dir='ltr'><strong>imperatoria</strong></span> 
     </span>
     <span class='ocr_line' id='line_1_42' title="bbox 208 3678 1254 3761; baseline 0.007 -27"><span class='ocrx_word' id='word_1_319' title='bbox 208 3678 353 3757; x_wconf 80' lang='lat' dir='ltr'><strong>dignitate</strong></span> <span class='ocrx_word' id='word_1_320' title='bbox 367 3694 547 3758; x_wconf 83' lang='lat' dir='ltr'><strong>susceptum,</strong></span> <span class='ocrx_word' id='word_1_321' title='bbox 571 3685 635 3758; x_wconf 89' lang='lat' dir='ltr'><strong>ipsa</strong></span> <span class='ocrx_word' id='word_1_322' title='bbox 652 3681 834 3740; x_wconf 86' lang='lat' dir='ltr'><strong>humanitate</strong></span> <span class='ocrx_word' id='word_1_323' title='bbox 849 3693 878 3740; x_wconf 91' lang='lat' dir='ltr'><strong>et</strong></span> <span class='ocrx_word' id='word_1_324' title='bbox 890 3685 988 3761; x_wconf 75' lang='lat' dir='ltr'><strong>gratia</strong></span> <span class='ocrx_word' id='word_1_325' title='bbox 1008 3688 1179 3743; x_wconf 87' lang='lat' dir='ltr'><strong>eonssolutu</strong></span> <span class='ocrx_word' id='word_1_326' title='bbox 1196 3695 1254 3742; x_wconf 89' lang='lat' dir='ltr'><strong>est.</strong></span> 
     </span>
     <span class='ocr_line' id='line_1_43' title="bbox 207 3761 1256 3840; baseline 0.008 -22"><span class='ocrx_word' id='word_1_327' title='bbox 207 3761 324 3819; x_wconf 89' lang='lat' dir='ltr'><strong>Deinde</strong></span> <span class='ocrx_word' id='word_1_328' title='bbox 338 3785 405 3822; x_wconf 89' lang='lat' dir='ltr'><strong>eum</strong></span> <span class='ocrx_word' id='word_1_329' title='bbox 418 3766 580 3824; x_wconf 87' lang='lat' dir='ltr'><strong>Maximum</strong></span> <span class='ocrx_word' id='word_1_330' title='bbox 593 3765 755 3823; x_wconf 87' lang='lat' dir='ltr'><strong>terribilem</strong></span> <span class='ocrx_word' id='word_1_331' title='bbox 767 3767 879 3824; x_wconf 86' lang='lat' dir='ltr'><strong>faceret</strong></span> <span class='ocrx_word' id='word_1_332' title='bbox 891 3767 941 3824; x_wconf 92' lang='lat' dir='ltr'><strong>ille</strong></span> <span class='ocrx_word' id='word_1_333' title='bbox 955 3787 1128 3840; x_wconf 85' lang='lat' dir='ltr'><strong>successus,</strong></span> <span class='ocrx_word' id='word_1_334' title='bbox 1152 3767 1205 3826; x_wconf 79' lang='lat' dir='ltr'><strong>laic</strong></span> <span class='ocrx_word' id='word_1_335' title='bbox 1221 3770 1256 3826; x_wconf 89' lang='lat' dir='ltr'><strong>in</strong></span> 
     </span>
     <span class='ocr_line' id='line_1_44' title="bbox 207 3849 1256 3927; baseline 0.009 -27"><span class='ocrx_word' id='word_1_336' title='bbox 207 3849 352 3924; x_wconf 73' lang='lat' dir='ltr'><strong>angustiis</strong></span> <span class='ocrx_word' id='word_1_337' title='bbox 368 3866 504 3906; x_wconf 89' lang='lat' dir='ltr'><strong>curarum</strong></span> <span class='ocrx_word' id='word_1_338' title='bbox 519 3867 638 3906; x_wconf 84' lang='lat' dir='ltr'><strong>suarum</strong></span> <span class='ocrx_word' id='word_1_339' title='bbox 661 3868 721 3908; x_wconf 89' lang='lat' dir='ltr'><strong>nou</strong></span> <span class='ocrx_word' id='word_1_340' title='bbox 736 3859 780 3908; x_wconf 90' lang='lat' dir='ltr'><strong>est</strong></span> <span class='ocrx_word' id='word_1_341' title='bbox 792 3852 891 3927; x_wconf 86' lang='lat' dir='ltr'><strong>lapsus</strong></span> <span class='ocrx_word' id='word_1_342' title='bbox 906 3851 942 3909; x_wconf 91' lang='lat' dir='ltr'><strong>ad</strong></span> <span class='ocrx_word' id='word_1_343' title='bbox 956 3853 1141 3910; x_wconf 85' lang='lat' dir='ltr'><strong>curiositates</strong></span> <span class='ocrx_word' id='word_1_344' title='bbox 1156 3852 1256 3910; x_wconf 85' lang='lat' dir='ltr'><strong>sacri-</strong></span> 
     </span>
    </p>
   </div>
   <div class='ocr_carea' id='block_1_9' title="bbox 0 0 1304 4396">
    <p class='ocr_par' dir='ltr' id='par_1_9' title="bbox 0 0 1304 4396">
     <span class='ocr_line' id='line_1_45' title="bbox 0 0 1304 4396; baseline 0 0"><span class='ocrx_word' id='word_1_345' title='bbox 0 0 1304 4396; x_wconf 95' lang='lat' dir='ltr'><strong> </strong></span> 
     </span>
    </p>
   </div>
  </div>
 </body>
</html>
