2586 4396
268 187 329 245 DE
355 185 571 246 ClVlTATE
594 189 673 249 DEl
701 191 781 250 lto.
804 195 856 255 Vl.
1027 203 1085 259 let

44 345 201 416 ‚‚terrimos
217 339 376 397 hominum
389 333 520 414 affectus,
542 361 666 418 qnorum
679 346 753 402 alter
767 349 874 406 mentis
888 352 1008 411 territae
1022 375 1084 413 mo·

43 439 101 501 „tus
116 435 177 497 est,
193 427 277 482 alter
291 425 436 498 corporis,
451 443 505 481 nec
518 427 634 483 morbus
649 429 775 504 quidem,
791 431 843 488 sed
856 435 967 490 eolor.“
1002 437 1084 497 Haec

41 513 158 570 numina
172 511 284 586 potius
298 507 412 579 credes,
428 517 458 564 ct
472 511 554 566 coelo
569 511 716 586 recipies.²
747 513 793 570 De
807 517 879 592 ipsis
893 535 963 576 vero
977 523 1083 580 ritibus

40 597 200 652 crudeliter
216 591 356 668 turpibus
370 611 457 668 quam
469 593 561 651 libere
575 595 714 670 scripsit?
742 597 833 672 „llle‚
852 602 966 678 inquit,
984 607 1086 662 viriles

38 681 108 752 „sibi
121 686 234 756 partes
249 685 394 752 amputat,
408 675 457 733 ille
470 677 596 736 lacertos
610 691 699 738 secat.
712 681 768 739 Vbi
781 686 872 741 iratos
886 685 956 743 deos
969 689 1084 762 timent,

38 767 103 840 „qui
117 765 164 820 sie
178 763 334 838 propitios
347 757 516 820 mercaturi
530 761 581 820 Dii
594 773 693 822 antem
708 767 788 824 nullo
802 768 910 826 debent
922 773 979 831 coli
992 792 1083 851 gene-

39 869 96 920 „re‚
110 849 136 904 si
152 857 186 904 et
201 847 264 902 hoc
278 845 393 902 volunt.
413 843 527 903 Tantus
543 857 589 904 est
600 851 786 924 perturbatae
801 855 908 909 mentis
923 864 953 911 et
966 856 1083 914 sedibus

40 935 115 1004 „suis
128 933 242 1008 pulsae
257 930 356 1002 furor,
370 939 404 986 nt
417 931 460 987 sic
474 929 515 986 dli
528 933 697 1007 placentur,
724 935 964 1012 quemadmodum
979 959 1015 996 ne
1029 939 1081 996 lio-

39 1019 150 1088 „mines
166 1015 296 1092 quidem
311 1015 449 1071 saeviunt
465 1017 609 1073 teterrimi
623 1028 653 1074 et
665 1020 696 1074 in
710 1019 822 1076 fabulas
837 1022 963 1079 traditae
977 1025 1080 1080 erude-

39 1103 158 1172 „litatis
189 1097 336 1176 Tyranni
352 1101 561 1158 laceraverunt
582 1103 749 1176 aliquorum
772 1105 911 1177 membra,
935 1110 1082 1164 neminem

39 1278 125 1339 „sunt
140 1267 283 1342 quidam:
311 1265 364 1322 sed
377 1284 462 1324 nemo
478 1269 550 1341 sibi,
577 1289 616 1326 ne
629 1272 676 1326 rir
689 1279 784 1340 esset,
813 1271 932 1327 iubente
952 1273 1081 1345 domino,

42 1371 158 1423 „manus
183 1353 305 1408 intulit.
328 1347 369 1407 Se
392 1351 449 1426 ipsi
472 1352 504 1408 in
529 1353 646 1428 templis
670 1353 887 1428 contrucidant,
910 1357 1081 1413 vulneribus

42 1437 124 1508 „suis
137 1453 167 1491 ac
182 1435 339 1513 sanguine
353 1437 528 1510 supplicant.
548 1435 583 1493 Si
603 1437 651 1494 cui
664 1438 775 1494 intueri
788 1447 888 1510 vacet,
915 1457 988 1516 quae
1008 1439 1081 1496 iaci·

41 1529 120 1591 „unt‚
135 1537 278 1596 quaeque
290 1519 457 1594 patiuntur,
480 1521 614 1578 inveniet
627 1530 687 1577 tam
699 1520 839 1579 indecora
850 1519 999 1597 honestis,
1022 1533 1081 1584 tam

42 1603 181 1684 „indigna
194 1604 315 1674 liberis,
329 1611 390 1660 tam
405 1601 559 1661 dissimilia
573 1606 665 1677 sanis,
683 1613 717 1662 ut
730 1623 815 1663 nemo
829 1606 920 1664 fuerit
933 1609 1080 1665 dubitatu-

42 1707 107 1759 „rns
119 1689 224 1744 firrere
240 1706 305 1758 eos,
321 1687 347 1742 si
362 1706 427 1743 cum
438 1688 623 1764 paucioribus
637 1689 785 1748 furerent:
800 1694 1079 1769 nuncsanitatispa-

42 1773 222 1844 „trocinium
236 1772 454 1828 insanientium
468 1772 553 1829 turim
567 1775 645 1830 est.“

96 1855 156 1914 lam
168 1859 226 1913 illa
241 1874 319 1932 quae
331 1855 439 1930 inipso
454 1854 596 1931 Capitolio
611 1857 676 1914 fieri
690 1860 785 1916 solere
802 1869 1024 1933 commemorat,
1051 1869 1080 1918 et

40 1943 179 2016 intrepide
194 1941 321 1997 omnino
336 1939 482 2017 coarguit,
510 1941 575 2016 quis
590 1943 692 1998 credat
704 1945 762 1999 nisi
776 1943 811 2000 ab
825 1945 1015 2000 irridentibus
1029 1955 1081 2002 aut

39 2023 201 2082 furentibus
230 2021 318 2080 fieril
353 2021 429 2078 Nam
449 2041 513 2080 cum
531 2025 562 2080 in
581 2027 672 2082 sacris
691 2027 844 2106 Aegyptiis
860 2025 971 2084 Osirim
983 2029 1080 2106 lugeri

39 2111 190 2184 perditum,
213 2125 287 2164 mox
301 2119 401 2165 autem
414 2108 568 2166 inventum
581 2128 689 2190 magno
704 2129 769 2166 esse
783 2109 902 2190 glaudio
917 2111 1079 2182 derisisset,

40 2215 96 2250 cuni
106 2193 244 2270 perditio
259 2195 324 2249 eius
340 2193 532 2269 inventioque
544 2193 694 2274 fingatur,
719 2193 804 2252 dolor
818 2203 915 2252 tamen
929 2197 979 2251 ille
992 2203 1079 2274 atquc

39 2281 143 2335 laetitia
158 2279 198 2335 ab
215 2279 262 2332 eis
277 2277 328 2352 qui
342 2273 415 2333 nihil
427 2275 618 2352 perdiderunt
632 2277 762 2356 nihilque
776 2281 965 2352 invenerunt,
992 2299 1077 2338 vera-

40 2363 103 2418 citer
116 2364 318 2438 exprimatur.
355 2357 456 2432 „Huic
470 2371 586 2433 tamen,
605 2363 713 2438 inquit,
731 2363 826 2421 furori
840 2375 951 2421 certum
965 2374 1078 2440 tempus

41 2455 107 2516 „cst
121 2445 298 2504 Tolerabile
311 2453 368 2514 est,
384 2447 473 2500 semel
486 2445 518 2502 in
531 2463 610 2502 anno
623 2448 763 2502 insanire.
778 2447 812 2502 ln
827 2447 1001 2521 Capitolium
1011 2465 1077 2521 per-

41 2533 132 2602 „reni‚
146 2529 277 2606 pudebit
290 2529 455 2602 publicatae
468 2529 644 2598 dementiae,
668 2529 745 2602 quod
758 2529 815 2584 sibi
827 2547 922 2586 vanus
936 2529 1020 2584 furor
1033 2539 1077 2584 at-

42 2615 157 2683 „tribuit
170 2612 278 2669 officii.
292 2611 376 2668 Illius
389 2611 511 2668 ιιιιιιιίιιιι
524 2610 579 2666 deo
594 2611 721 2682 subiicit,
735 2613 809 2666 alius
823 2610 910 2666 horas
923 2611 988 2666 lovi
1000 2631 1077 2668 nun·

43 2698 130 2768 „tiat3
154 2699 230 2754 alius
246 2697 337 2752 lictor
352 2705 407 2768 est,
425 2695 501 2750 alius
518 2701 627 2750 unctor
639 2696 690 2768 qui
705 2693 780 2751 vario
795 2703 877 2750 motu
891 2693 1078 2752 brachiorum

42 2781 187 2850 „imitatur
211 2787 393 2858 uagantem.
422 2777 501 2836 Sunt
521 2797 595 2855 quae
613 2775 722 2836 lunoni
740 2797 774 2835 ac
788 2777 940 2836 Minervae
959 2779 1077 2855 capillos

42 2863 232 2939 ‚,disponant‚
262 2865 353 2940 longe
367 2881 384 2917 a
397 2865 520 2938 templo,
547 2881 608 2920 non
622 2871 736 2920 tannim
750 2881 767 2919 a
781 2863 937 2921 simulacro
953 2871 1077 2937 stantes,

40 2948 162 3028 „digitos
176 2957 305 3005 movent
319 2948 487 3003 ornantium
498 2947 593 3004 modo.
608 2943 687 3005 Sunt
696 2967 770 3024 quac
779 2951 930 3024 speculum
940 2957 1077 3006 teneant:

39 3045 120 3102 „sunt
132 3051 214 3110 quae
229 3031 268 3088 ad
280 3029 448 3088 vadimonia
461 3049 515 3088 sua
528 3031 598 3089 deos
619 3031 778 3090 advocent:
804 3043 876 3091 suut
892 3035 941 3111 qui
959 3033 1076 3090 libellos

39 3113 199 3188 adimant,
228 3125 260 3171 et
282 3115 351 3170 illos
372 3132 489 3171 causam
502 3133 586 3172 suam
599 3115 730 3173 doceant.
753 3117 868 3175 Doctus
890 3117 1076 3174 archimimus

39 3220 143 3270 „senex
159 3203 224 3257 iarn
238 3199 422 3274 decrepitae,
448 3201 578 3275 qnotidie
601 3202 632 3257 in
652 3201 795 3278 Capitolio
823 3197 941 3258 mimum
960 3203 1076 3280 agebat,

39 3289 135 3358 „quasi
151 3287 197 3341 dii
210 3283 342 3340 libenter
356 3291 531 3358 spectarent,
550 3302 635 3360 quem
648 3283 780 3342 homines
797 3285 953 3342 desierant.
982 3286 1077 3342 Omne

39 3371 113 3436 „illic
127 3367 285 3428 artificum
298 3385 394 3446 genus
409 3369 592 3442 operantium
606 3368 662 3425 diis
676 3371 888 3426 immortalibus
903 3369 1023 3425 desidet.
1037 3365 1077 3421 Et

39 3457 138 3525 „paulo
153 3449 240 3528 post':
255 3450 298 3508 Hi
308 3460 418 3521 tamen,
431 3451 538 3526 inquit,
554 3453 668 3508 etiamsi
682 3469 895 3526 supervacuum
907 3469 1002 3520 usum,
1016 3467 1076 3504 non

40 3547 172 3612 „turpem
186 3557 244 3593 uec
258 3535 397 3592 infamem
413 3534 466 3591 deo
483 3538 667 3608 promittunt.
698 3533 809 3592 Sedent
821 3534 962 3608 quaedam
974 3534 1007 3588 in
1021 3531 1075 3588 Ca-

38 3623 168 3693 „pitolio‚
194 3639 274 3696 quae
289 3637 323 3675 sc
336 3637 353 3673 a
366 3615 435 3675 love
448 3623 541 3677 amari
553 3629 674 3696 putant:
699 3637 754 3675 nec
767 3615 887 3673 lunonis
902 3612 1027 3690 quidem,
1050 3617 1076 3671 si

39 3703 175 3772 „credere
189 3705 290 3780 poetis
304 3701 391 3773 velis,
410 3701 651 3760 iracundissimae
664 3709 798 3778 respectu
810 3701 991 3755 terrentur.“

105 3787 192 3846 Hanc
212 3787 384 3844 libertatem
396 3783 489 3843 Varro
503 3807 563 3845 non
576 3785 694 3843 habuit:
722 3781 920 3841 tantummodo
932 3785 1076 3860 poeticam

40 3869 213 3952 tlieclogians
240 3857 573 3948 reprehendere'ausus
589 3883 649 3942 est3
677 3869 792 3927 ciuilem
818 3885 878 3924 non
906 3887 993 3927 ausus
1020 3877 1075 3940 est,
