2590 4396
266 169 327 228 DE
350 167 572 229 01v1TlTE
601 169 679 226 DEI
705 170 839 231 slav.
1005 177 1062 232 137

44 324 177 404 signibus
190 315 312 404 loquar)
338 324 381 378 sic
398 324 471 379 alter
488 331 555 398 post
572 323 709 397 alterum,
734 333 768 381 ut
779 325 924 399 posterior
936 327 1060 401 plantam

40 411 143 488 prioris
158 417 288 464 teneret.
315 406 412 463 Tanta
430 407 463 462 in
483 425 584 463 eorum
600 408 661 464 vita
677 408 800 465 suerunt
816 409 999 485 moribusque
1018 410 1061 466 di-

40 513 136 565 verse,
165 501 253 548 tanta
265 493 298 548 in
311 491 424 548 actibus
438 489 630 566 disparilitas,
655 500 737 548 tanta
755 495 787 548 in
803 501 954 568 parentum
966 509 1062 549 amore

40 575 261 648 dissimilitudo,
275 585 308 631 ut
320 577 408 632 etiam
420 577 553 631 inimicos
568 594 618 631 eos
628 576 706 632 inter
717 595 748 631 se
759 577 871 632 iaceret
879 577 943 651 ipsa
952 575 1060 631 distan-

38 665 82 718 tia.
109 659 266 735 Numquid
277 657 333 716 boc
346 659 462 731 dicimr,
478 660 546 733 quia
558 677 617 715 uno
630 661 794 716 ambulante
808 661 880 716 alins
894 658 1021 731 sedebat,
1036 668 1063 714 et

39 747 90 802 alio
103 744 274 800 dormiente
288 745 361 800 alius
376 743 526 821 vigilabat,
539 744 597 799 alio
610 745 747 820 loquente
760 746 833 801 alius
846 741 978 815 tacebat3
992 761 1064 819 quae

38 831 191 904 pertinent
203 827 241 882 ad
252 829 318 883 illas
330 827 485 899 ndnntias,
511 845 586 902 quae
605 846 666 884 non
683 837 808 904 possunt
825 827 859 885 ab
874 829 916 884 eis
932 844 1062 900 eompre-

38 912 134 985 hendi,
150 912 206 986 qui
221 913 462 968 constitutionem
475 909 611 984 siderum,
626 929 683 986 qua
696 913 820 988 quisque
833 914 974 984 nascitur,
988 912 1060 966 seri·

38 997 117 1068 bunt,
132 994 218 1052 unde
231 994 428 1052 mathematici
440 992 648 1052 consulanturi
662 994 742 1052 Vnus
757 995 841 1052 duxit
853 995 1063 1052 mercenariam

39 1082 223 1151 servitutem,
236 1081 313 1135 alius
326 1098 387 1136 non
401 1080 536 1136 servivit:
550 1097 627 1136 unus
640 1089 762 1136 amatre
775 1080 964 1158 diligebatur,
991 1080 1064 1135 alius

38 1183 96 1220 non
110 1163 308 1240 diligebatur:
333 1181 409 1219 nnus
422 1161 572 1236 bonorem,
586 1165 635 1239 qui
648 1181 772 1240 magnus
787 1163 862 1238 apud
875 1181 926 1218 eos
939 1161 1063 1219 habeba·
1169 1187 1171 1196 ι

39 1259 95 1318 tur,
109 1248 223 1318 amisit,
236 1249 312 1303 alter
325 1246 459 1322 indeptus
474 1255 527 1304 est.
553 1247 629 1314 Quid
642 1246 677 1302 de
691 1248 840 1317 uxoribus,
855 1245 925 1321 quid
937 1245 973 1300 dc
985 1245 1064 1315 filiis,

39 1331 108 1407 quid
120 1330 271 1403 derebus,
297 1339 405 1406 quanta
418 1326 587 1387 diversitas?
627 1328 661 1388 Si
674 1349 745 1407 ergo
762 1329 835 1386 baec
848 1329 884 1385 ad
897 1331 961 1384 illas
974 1329 1064 1403 perti-

40 1423 114 1470 nent
125 1416 264 1471 minutias
279 1423 450 1489 temporum,
470 1433 543 1490 quae
555 1415 635 1471 inter
647 1433 680 1470 se
692 1412 800 1471 babent
812 1414 932 1492 gemini,
950 1419 980 1468 et
993 1429 1064 1469 oon·

42 1499 252 1554 stellationibus
269 1517 330 1554 non
337 1497 556 1571 adscribuntur3
571 1517 659 1574 quare
665 1499 786 1554 aliorum
795 1496 1064 1554 constellationibus

40 1583 178 1656 inspectis
191 1584 251 1638 ista
264 1579 422 1639 dicunturi
448 1581 482 1640 Si
498 1591 596 1638 autem
609 1582 674 1638 ideo
694 1582 848 1654 dicuntur,
875 1582 942 1658 quia
955 1599 1016 1637 non
1029 1579 1066 1636 ad

41 1668 152 1722 minuta
165 1665 480 1745 incomprehensibile,
508 1666 560 1722 sed
573 1665 609 1723 ad
621 1676 783 1741 temporum
796 1667 888 1741 spatia
905 1666 1065 1740 pertinent,

41 1768 111 1824 qnae
124 1751 280 1807 observari
293 1751 448 1826 notarique
459 1759 595 1824 possunt3
615 1749 684 1826 quid
696 1749 743 1807 hic
758 1749 821 1829 agit
832 1759 898 1807 rota
909 1749 960 1804 illa
972 1747 1065 1828 figuli,

42 1835 96 1890 nisi
113 1843 150 1891 ut
169 1833 307 1891 homines
325 1836 439 1890 luteum
460 1831 661 1890 corbabcntes
676 1836 825 1912 ingyrum
837 1835 1002 1903 mittantur,
1028 1849 1065 1888 ne

41 1917 312 1976 mathematicorum
324 1919 545 1993 vaniloquentia
558 1914 791 1976 convincanturi

455 2069 522 2128 CA
543 2070 575 2128 P.
618 2070 652 2128 V.

57 2167 158 2238 Qaibas
168 2165 256 2218 modis
265 2163 458 2220 coooiacantar
467 2166 651 2221 mathematici
659 2183 756 2221 canam
770 2165 908 2219 amentiam
915 2164 1050 2236 profltmi.

99 2257 178 2326 Quid
185 2255 186 2258 ’
193 2255 284 2311 iidem
295 2257 362 2330 ipsi,
375 2273 500 2332 quorum
511 2258 652 2331 morbum,
663 2257 738 2334 quod
751 2255 852 2312 eodem
861 2267 989 2334 tempore
999 2275 1067 2335 gra-

41 2344 102 2398 vior
125 2343 282 2415 leviorque
308 2341 465 2415 apparebat
488 2342 651 2415 amborum,
677 2339 891 2399 medicinaliter
908 2343 1067 2416 inspiciens

42 2424 249 2500 Hippocrates,
276 2425 408 2502 geminos
423 2428 588 2503 suspicatus
602 2436 657 2498 est,
682 2443 782 2481 nonne
797 2427 868 2481 satis
880 2427 954 2481 istos
967 2423 1067 2480 redar-

42 2521 145 2588 guunt,
160 2510 213 2586 qui
225 2509 330 2564 volunt
342 2507 484 2567 sideribus
497 2510 578 2580 darc,
592 2509 668 2585 quod
680 2508 716 2563 de
730 2525 882 2584 corporum
894 2509 982 2563 simili
994 2517 1067 2562 tcm-

41 2595 192 2668 perationc
204 2588 360 2649 veniebati
373 2591 431 2650 Cur
444 2596 524 2650 enim
536 2591 670 2648 similiter
683 2590 840 2665 codemque
853 2599 994 2664 tempore,
1009 2607 1069 2645 non

42 2679 119 2731 alter
131 2678 220 2750 prior,
233 2679 308 2732 alter
320 2679 465 2750 posterior
478 2675 679 2755 aegrotabant,
694 2675 772 2729 sicut
784 2674 846 2728 nati
859 2671 987 2743 fuerant,
1002 2675 1070 2747 quia

42 2761 150 2834 utique
163 2760 242 2816 simul
254 2761 340 2816 nasci
353 2761 435 2818 ambo
446 2780 506 2818 non
518 2753 673 2836 poterant?
685 2757 744 2815 Aut
757 2759 783 2814 si
795 2755 869 2814 nihil
875 2757 1068 2814 momentiat-

43 2845 122 2914 tulit,
137 2853 171 2900 ut
182 2842 305 2901 diversis
318 2845 497 2932 temporibus
511 2851 710 2924 aegrotarent,
732 2840 807 2918 quod
820 2841 943 2899 diversis
956 2850 1068 2915 tempo-

42 2929 121 2983 ribus
136 2929 200 2984 nati
213 2938 295 3002 sunt3
310 2946 400 3006 quare
410 2938 523 3004 tempus
534 2930 565 2985 in
578 2925 725 2985 nascendo
739 2927 885 2984 diversum
898 2925 934 2982 ad
947 2928 1069 2983 aliarum

39 3030 138 3068 rerum
152 3011 338 3069 diversitates
351 3015 450 3070 valere
464 3007 664 3070 contendunt?
701 3009 759 3068 Cur
771 3020 932 3086 potuerunt
945 3010 1069 3068 dirersis

40 3096 221 3171 temporibus
233 3097 427 3175 peregrinari,
447 3095 569 3154 divertis
582 3095 759 3172 tmnporibus
773 3094 879 3156 tacere
892 3112 1011 3168 uxores,
1026 3095 1069 3150 di-

40 3183 134 3237 versis
148 3181 328 3254 temporibus
343 3179 419 3236 filios
429 3199 595 3256 procreare,
610 3181 741 3235 etmulta
753 3181 820 3250 alia,
834 3187 988 3254 propterea
1001 3180 1071 3254 quia

41 3263 167 3321 diversis
181 3264 360 3338 temporibus
374 3265 437 3319 nati
454 3274 538 3336 sunt,
565 3273 594 3319 et
611 3281 671 3319 non
689 3271 849 3337 potuerunt
868 3262 968 3318 eadem
984 3280 1071 3318 causa

41 3347 166 3405 diversis
180 3348 270 3404 etiam
282 3347 460 3422 temporibus
475 3343 645 3426 aegrotarei
671 3345 705 3404 Si
725 3347 804 3402 anun
822 3345 919 3421 dispar
932 3343 1071 3401 nascendi

42 3451 123 3489 mora
136 3433 265 3490 mutavit
276 3431 480 3506 horoscopum,
495 3441 524 3487 ct
537 3431 758 3506 disparilitatem
771 3429 872 3484 intulit
885 3430 1009 3485 caeteris
1023 3443 1070 3480 re-

42 3517 115 3588 bus;
140 3537 194 3575 cur
207 3515 282 3572 illud
295 3517 327 3572 in
341 3513 571 3594 aegritudinibus
584 3515 703 3586 mansit,
730 3511 806 3587 quod
818 3511 984 3568 habebatis
997 3519 1071 3564 tcm-

43 3602 120 3673 poris
134 3601 315 3678 aequalitate
329 3595 502 3674 concepturi
516 3599 574 3655 dut
587 3599 612 3654 si
626 3599 686 3656 iata
698 3595 871 3652 valetudinis
885 3597 916 3648 in
930 3600 1071 3668 conceptu

43 3695 128 3758 sunt,
143 3689 270 3744 aliarum
285 3701 357 3740 vcro
369 3701 467 3739 rerum
480 3683 511 3739 in
525 3692 590 3739 ortu
604 3701 667 3738 esse
680 3679 834 3751 dicuntur,
861 3695 920 3734 non
935 3675 1072 3734 deberent

43 3769 181 3846 inspectis
195 3769 343 3828 natalium
356 3767 623 3824 constellationibus
637 3765 672 3821 de
684 3763 853 3820 valetudine
872 3759 980 3836 aliquid
993 3760 1071 3817 dice-

41 3869 87 3925 re,
115 3854 235 3933 quando
256 3854 300 3909 eis
314 3851 498 3926 inspicienda
512 3849 738 3924 conceptionalis
755 3845 826 3903 hora
841 3864 900 3903 non
920 3843 1012 3901 dabir.
1039 3843 1072 3902 Si
