2586 4396
198 185 259 240 204
429 173 530 234 DIVI
554 169 744 230 AVRELll
768 164 1021 226 AVGVSTlNl

198 333 248 390 ubi
260 337 364 408 ageret
377 343 464 402 opere
489 323 701 399 qualiacunque
726 327 864 388 naturae,
890 316 978 374 deum
990 315 1060 372 belli
1073 332 1137 372 esse
1150 313 1245 374 dixe·

199 423 289 485 runt,
307 410 386 487 quod
401 426 473 483 opus
487 416 533 462 ert
544 405 710 474 hominum,
724 411 754 458 et
766 401 891 475 optabile
905 401 948 454 cis
963 407 1087 456 nonest.
1115 396 1149 455 Si
1163 418 1246 477 ergo

201 515 304 578 pacem
325 483 496 568 perpetuam
506 488 645 545 Felicitas
659 485 760 556 daret,
785 482 864 540 Mars
877 481 947 557 quid
960 490 1063 560 ageret
1072 499 1134 538 non
1146 479 1245 538 habe-

202 590 256 637 ret.
299 575 334 633 Si
347 583 443 630 autem
455 575 550 647 ipsum
562 571 671 627 bellum
684 579 730 626 est
742 566 836 637 Mars,
862 566 937 621 sieut
949 584 1045 622 sermo
1059 563 1246 636 Mercurius;

202 664 315 718 utinam
327 675 414 734 quam
431 653 622 710 manifestum
635 663 695 724 est,
722 649 801 727 quod
814 667 875 706 non
892 647 1026 719 litteus,
1050 657 1111 704 tam
1123 665 1186 702 non
1202 651 1247 704 sit

202 755 231 801 et
243 743 353 801 bellum
368 737 446 816 quod
458 739 506 795 rel
518 735 592 794 falso
605 745 727 793 vocetur·
741 733 821 791 deus.

600 883 722 943 CAP.
766 881 844 938 XV.

219 991 262 1042 De
272 987 357 1040 stellis
367 984 540 1055 quibusdam,
560 998 626 1050 quus
638 980 746 1050 pagani
760 981 868 1032 deorum
878 995 986 1030 suorum
997 979 1146 1031 corniculus
1156 996 1228 1032 nun-

570 1105 572 1110 ,
633 1057 807 1118 repererunt.

268 1165 334 1224 Nisi
347 1165 423 1222 forte
436 1163 512 1217 istae
525 1159 626 1214 stellae
640 1164 709 1213 sunt
718 1155 749 1212 hi
762 1156 818 1228 dii,
845 1173 917 1232 quas
942 1174 1042 1212 eorum
1059 1157 1249 1230 appellavere

205 1248 379 1308 nominibus.
422 1245 498 1303 Nam
517 1244 630 1298 stellam
648 1239 793 1316 quandam
806 1248 913 1296 vocant
928 1235 1121 1311 Mercurium,
1148 1257 1248 1313 quan-

206 1333 272 1390 dam
284 1331 387 1388 itidem
399 1328 533 1387 Martem.
562 1323 622 1382 Sed
633 1325 675 1382 ibi
688 1333 734 1379 est
747 1333 777 1379 et
788 1325 839 1380 illa
853 1341 939 1398 quam
951 1333 1059 1380 vocent
1071 1321 1188 1394 lovem3
1217 1332 1250 1378 et

206 1427 305 1472 tamen
318 1415 360 1468 eis
374 1409 500 1469 mundus
514 1417 560 1465 est
571 1407 667 1464 lovis:
680 1405 723 1462 ibi
735 1425 822 1482 quam
834 1415 941 1463 vocant
953 1404 1128 1478 Saturnum3
1154 1414 1186 1460 et
1199 1416 1251 1461 ta-

205 1517 274 1556 men
288 1498 317 1552 ei
329 1504 484 1572 practerea
496 1491 569 1548 dant
581 1508 643 1550 non
655 1507 775 1564 parvam
789 1488 999 1561 substantiam,
1018 1491 1147 1546 omnium
1160 1489 1250 1545 ride-

206 1584 276 1638 licet
300 1579 458 1634 seminum:
484 1575 526 1630 ibi
539 1582 584 1628 est
597 1581 628 1628 et
640 1574 691 1628 illa
704 1573 837 1628 omnium
860 1573 1037 1645 clarissima,
1064 1590 1138 1648 quae
1150 1572 1187 1628 ab
1202 1574 1250 1629 eis

207 1663 370 1738 appelletur
378 1658 494 1728 Venus3
508 1665 539 1711 et
550 1664 650 1711 nmen
661 1654 783 1711 eandem
793 1653 939 1714 Venerem
952 1673 1018 1711 esse
1032 1657 1119 1712 etiam
1131 1654 1251 1712 Lunam

208 1747 327 1802 volunt:
355 1743 486 1819 quamvis
499 1739 536 1795 de
548 1741 599 1795 illo
612 1739 830 1816 fulgentissimo
843 1737 940 1796 sidere
952 1738 1029 1813 opud
1043 1757 1094 1796 eos
1106 1747 1251 1814 tanquam

208 1829 243 1884 de
268 1828 345 1882 malo
372 1843 461 1882 aureo
474 1823 547 1880 luno
560 1819 716 1896 Venusque
743 1821 931 1880 contendant.
974 1820 1143 1880 Luciferum
1166 1823 1251 1880 eninr

208 1909 325 1984 quidam
339 1908 480 1978 Veneris,
507 1904 623 1981 quidam
647 1904 749 1962 dicunt
773 1923 839 1960 esse
852 1904 988 1962 lunonis:
1016 1905 1081 1976 sed,
1107 1913 1140 1960 ut
1157 1907 1251 1978 solet,

209 1992 307 2049 Venus
325 1993 428 2049 vineit.
472 1990 547 2048 Nam
559 1989 651 2046 multo
663 1989 761 2063 plures
775 2006 839 2044 eam
852 1989 966 2046 stellam
978 1987 1088 2046 Veneri
1099 1987 1251 2062 tribuunt,

207 2079 249 2132 ito
262 2076 360 2132 utrix
374 2093 475 2131 corum
488 2074 640 2148 quisquam
653 2072 833 2146 reperiatur,
847 2073 896 2147 qui
909 2070 989 2128 aliud
1001 2073 1146 2148 opinetur.
1174 2073 1251 2140 Quis

208 2167 305 2216 eutem
330 2177 391 2216 non
415 2157 527 2228 rideat,
553 2173 619 2211 cum
643 2172 745 2232 regom
771 2152 1010 2212 omniumlorenr
1029 2155 1143 2226 dicant,
1170 2157 1252 2231 quod

208 2242 294 2296 stella
314 2242 377 2297 eius
399 2259 418 2295 a
441 2241 526 2295 stella
543 2235 668 2292 Veneris
694 2245 778 2292 tanta
801 2239 930 2295 vincitur
957 2235 1108 2296 claritate?
1147 2236 1251 2296 Tanto

209 2324 289 2378 enim
302 2341 368 2378 esse
382 2322 482 2378 debuit
495 2321 620 2377 caeteris
633 2321 684 2376 ille
697 2319 869 2398 fulgentior,
883 2332 993 2396 quanto
1007 2332 1052 2378 ert
1064 2324 1126 2397 ipsc
1137 2331 1251 2396 poten-

208 2406 276 2461 tior.
316 2403 508 2480 Rcspondent
519 2402 586 2460 ideo
600 2404 644 2458 sic
656 2401 767 2475 rideri,
781 2405 913 2479 quirillo
926 2423 1000 2480 quae
1012 2415 1128 2480 putatur
1141 2404 1252 2462 obscu-

207 2489 285 2559 rior,
310 2490 444 2564 superior
467 2496 613 2562 astatque
628 2505 646 2542 a
658 2487 746 2542 terris
760 2487 850 2565 longe
872 2489 1021 2546 remotior.
1065 2486 1099 2548 Si
1111 2507 1184 2565 ergo
1198 2507 1251 2546 su·

208 2572 354 2645 perierem
371 2573 468 2628 locum
486 2571 580 2626 maior
594 2567 723 2647 dignitas
735 2572 859 2641 meruit,
886 2589 976 2647 quare
988 2569 1134 2630 Saturnus
1147 2571 1190 2628 ibi
1204 2584 1254 2630 est

207 2653 278 2711 love
291 2650 443 2730 superiori
480 2655 528 2710 An
553 2653 669 2708 vanitas
695 2650 827 2724 fabulae,
853 2672 927 2730 quac
940 2653 1253 2732 regemlorcmiacit,

209 2755 270 2792 non
283 2739 380 2810 potuit
392 2753 485 2810 usque
498 2734 536 2791 ud
550 2733 646 2790 sidera
655 2735 827 2809 pervenire;
841 2745 871 2794 et
881 2737 957 2812 quod
967 2756 1028 2796 non
1037 2740 1132 2796 valuit
1142 2735 1253 2795 Satur-

210 2837 264 2874 nus
277 2820 309 2873 in
322 2836 416 2895 regno
424 2837 490 2888 suo,
509 2834 605 2891 neque
618 2817 650 2872 in
664 2814 823 2891 Capitolio,
849 2821 954 2878 saltem
965 2830 1010 2877 est
1021 2823 1181 2896 permissus
1196 2822 1252 2878 ob-

108 2895 114 2908 *
208 2901 305 2956 tinere
329 2902 363 2956 in
387 2894 487 2956 coeloi
514 2899 612 2965 Quare
625 2907 725 2956 autem
736 2897 824 2958 lanus
837 2920 897 2961 non
911 2906 1022 2980 accepit
1034 2905 1162 2980 aliquam
1175 2907 1253 2960 stel-

206 2977 283 3037 laml
311 2979 345 3038 Si
356 2990 511 3056 propterea
523 2981 592 3056 quia
612 2983 738 3040 mundus
752 2993 811 3056 est,
838 2994 869 3042 et
883 3003 983 3044 omnes
997 2989 1029 3044 in
1042 2989 1092 3044 illo
1105 2996 1190 3044 sunt:
1221 2998 1254 3044 ct

208 3063 287 3120 lovis
300 3061 425 3120 inundus
440 3074 501 3136 est,
519 3073 550 3120 et
560 3062 648 3122 habet
660 3075 767 3123 tamen.
810 3067 857 3124 An
870 3069 926 3126 iste
940 3087 1057 3126 causam
1069 3087 1152 3126 suam
1163 3088 1250 3126 corn-

206 3147 306 3220 pouuit
317 3155 350 3202 ut
359 3148 472 3222 potuit,
492 3156 522 3203 et
532 3165 585 3222 pro
600 3167 660 3206 una
674 3151 759 3205 stella
771 3167 859 3223 quam
873 3169 934 3207 non
947 3150 1035 3210 habet
1046 3154 1124 3210 inter
1138 3152 1253 3226 sidera,

208 3237 252 3284 tot
263 3228 354 3285 facies
368 3232 481 3305 accepit
494 3231 526 3286 in
539 3228 635 3287 terrai
661 3231 778 3288 Deinde
791 3233 817 3287 si
832 3243 952 3308 propter
964 3237 1042 3292 solas
1055 3238 1152 3293 stellas
1166 3235 1252 3294 Mer-

206 3313 321 3368 curium
334 3322 364 3368 et
375 3311 499 3370 Martem
511 3313 721 3389 portesmundi
733 3323 853 3388 putant,
868 3326 902 3372 ut
911 3337 962 3374 eos
973 3318 1043 3376 deos
1056 3317 1163 3376 habere
1176 3338 1252 3394 pus-

206 3403 292 3466 sunt,
319 3397 387 3470 quia
399 3398 502 3472 utique
514 3414 609 3452 sermo
624 3406 655 3451 et
666 3396 774 3452 bellum
787 3415 847 3454 non
860 3411 931 3458 suut
941 3411 1041 3477 partes
1054 3401 1171 3473 mundi,
1197 3403 1253 3459 aed

205 3485 288 3532 actus
315 3475 482 3550 hominum
509 3497 561 3535 our
572 3478 667 3534 Arieti
680 3487 710 3532 et
723 3476 822 3536 Tauro
846 3492 876 3538 et
898 3481 1012 3540 Cancro
1035 3493 1066 3540 et
1089 3481 1253 3558 Scorpioni

205 3561 386 3636 eaeterisque
398 3559 566 3618 huiusmodi
578 3578 652 3634 quae
665 3561 806 3618 eoelestia
819 3565 905 3642 signa
918 3576 1090 3637 numerant,
1109 3577 1139 3623 et
1152 3569 1251 3624 stellis

205 3657 266 3696 non
293 3643 434 3720 singulis,
460 3643 512 3699 sed
525 3643 642 3718 singula
653 3644 784 3716 pluribus
803 3656 956 3719 constant,
975 3651 1166 3725 superiusque
1180 3651 1251 3706 istis

204 3721 236 3776 in
249 3740 362 3780 summo
376 3728 458 3782 coelo
475 3723 631 3798 perhibent
643 3727 802 3798 collocata,
828 3729 878 3786 ubi
892 3733 1074 3790 constantior
1086 3742 1184 3790 uretur
1198 3735 1250 3792 in-

205 3805 359 3862 errabilem
372 3815 500 3864 meatum
513 3805 658 3862 sideribus
671 3809 808 3883 praebet,
833 3814 1023 3887 nullanetus,
1051 3816 1135 3874 nulla
1149 3835 1250 3888 saera,
