2530 4392
214 241 276 295 246
445 230 544 289 DlVl
565 225 752 287 nunaut}
773 221 1033 284 AVGVSTlNl

213 391 259 446 vel
273 386 369 460 decipi
381 387 494 442 iustum
508 391 567 454 est;
593 398 701 458 magna
713 378 772 436 Dei
791 376 994 434 misericordia
1012 381 1190 435 necessaria
1202 393 1243 448 est,

213 491 251 529 ne
264 472 416 546 quisquam
429 485 495 522 oum
507 466 600 521 bonos
610 465 739 542 Angelos
752 463 907 520 emicasse
920 459 1028 516 habere
1042 471 1142 535 putat,
1155 461 1244 520 habeat

213 557 305 611 nsalos
320 553 476 608 daemones
490 550 600 604 amicos
615 547 713 617 fictos,
727 563 833 622 eoaque
847 552 929 600 tanto
943 545 1152 617 nocentiores,
1167 563 1243 622 quau·

212 645 243 694 to
256 637 464 693 astutioresao
477 631 643 688 fallaciores
657 631 786 705 patiatur
799 629 944 684 inimicos.
960 625 1000 682 Et
1013 628 1065 683 cui
1080 645 1191 707 magna
1200 631 1244 684 ista

212 719 271 778 Dei
285 715 487 775 misericordia
498 715 665 771 necessaria
676 721 732 783 est,
748 714 807 768 nisi
819 723 943 788 magnae
952 707 1103 767 humanae
1114 714 1243 780 miseriae,

213 822 287 879 quae
301 801 471 879 ignorantia
483 805 566 854 tanta
585 797 742 870 premitur,
766 805 800 852 ut
816 795 903 850 facilc
922 795 1050 853 istorum
1071 796 1243 851 simulatione

213 881 349 942 saltaturi
362 883 403 940 Et
414 884 480 938 illos
495 879 611 956 quidem
624 875 810 954 philosophos
824 880 856 933 in
869 878 957 951 impla
967 875 1114 948 Ciuitate,
1128 879 1176 954 qui
1189 878 1244 934 dees

214 969 270 1024 sibi
283 969 391 1023 amicos
406 983 470 1020 esse
484 963 640 1033 dixerunt,
663 964 695 1017 in
709 959 866 1018 daemones
879 961 1025 1038 malignos
1040 960 1181 1016 incidisse
1193 979 1244 1016 cer-

213 1053 358 1106 tissimum
371 1058 433 1119 eat,
458 1047 563 1120 quibus
577 1054 639 1102 tota
651 1047 715 1119 ipsa
728 1043 840 1102 Civitas
854 1043 1003 1124 subditur,
1026 1052 1181 1102 aeternum
1191 1061 1246 1099 eum

215 1133 258 1189 eis
271 1132 406 1188 habitura
420 1129 604 1204 supplicium.
622 1127 671 1184 Ex
684 1145 785 1184 eorum
798 1129 905 1202 quippe
917 1127 1021 1196 sacris,
1035 1129 1088 1182 vel
1101 1129 1198 1202 potius
1209 1145 1246 1182 sa-

215 1216 363 1294 crilegiis,
387 1213 491 1288 quibua
505 1230 555 1267 eos
570 1210 720 1282 colendos,
741 1220 771 1266 et
784 1227 821 1266 ex
833 1209 909 1266 ludis
923 1208 1189 1281 immundissimis,
1209 1209 1246 1264 nbi

215 1317 318 1356 eorum
336 1298 461 1354 erimina
481 1295 682 1365 celebrantur,
709 1294 814 1370 quibus
828 1309 877 1350 eos
896 1291 1055 1367 placandos
1068 1303 1245 1368 putaverant,

215 1383 327 1439 eisdem
344 1383 416 1456 ipsis
435 1379 603 1436 auctoribus
617 1387 648 1433 et
661 1377 846 1434 exactoribus
867 1377 970 1432 talium
984 1384 1197 1454 tantorumque
1208 1376 1245 1432 de·

215 1466 367 1534 decorum,
381 1465 452 1521 satis
465 1463 500 1519 ab
518 1464 561 1518 eis
575 1463 627 1536 qui
639 1463 773 1518 colantur
786 1470 918 1535 apertum
933 1468 988 1516 eat.

632 1611 701 1668 CA
723 1610 755 1666 P.
798 1605 840 1666 X.

234 1707 421 1780 Quissructus
432 1706 533 1760 sanctis
544 1709 576 1759 de
587 1715 717 1791 superata
727 1705 808 1758 buius
817 1705 891 1758 citae
899 1704 1182 1774 ‘tentationepmtus
1191 1708 1228 1759 sit.

277 1795 338 1853 Sed
351 1813 445 1870 neque
457 1795 553 1850 saneti
567 1804 597 1850 ct
609 1793 710 1850 fideles
725 1797 813 1851 unius
832 1795 896 1852 veri
909 1792 967 1850 Dei
980 1797 1149 1872 summique
1169 1799 1246 1853 culto

214 1899 275 1951 res,
289 1879 325 1935 ab
340 1897 440 1936 eorum
452 1876 576 1934 fallaciis
588 1887 620 1933 et
631 1875 805 1934 multiformi
817 1879 982 1935 tentatione
998 1881 1101 1934 securi
1113 1893 1194 1936 suut.
1223 1877 1247 1950 lu

214 1963 270 2021 hoo
284 1963 364 2020 enim
377 1963 442 2018 loco
456 1959 637 2017 infirmitatis
652 1969 682 2015 et
696 1960 797 2018 diebus
816 1962 954 2039 malignis
976 1963 1066 2018 etiam
1078 1963 1140 2019 ista
1153 1963 1247 2019 solliei-

215 2046 286 2105 tudo
300 2062 361 2102 uon
375 2053 420 2101 est
434 2045 562 2116 inutilis3
577 2053 611 2100 ut
621 2045 673 2100 illa
686 2046 839 2115 securitas,
853 2045 903 2101 ubi
915 2061 972 2120 pax
985 2047 1248 2120 plenissimamque

219 2129 385 2189 certissima
399 2137 454 2200 est,
469 2126 616 2184 desiderio
631 2127 812 2184 ferventiore
825 2137 990 2204 quaeratur.
1022 2127 1067 2185 lbi
1081 2131 1166 2186 enim
1179 2137 1247 2185 enm

218 2223 341 2271 naturae
354 2229 492 2282 munera,
506 2209 561 2267 hoc
575 2221 635 2280 cst,
656 2229 731 2286 quae
746 2219 867 2267 naturae
880 2221 1000 2268 noemae
1013 2212 1049 2268 ab
1062 2215 1198 2270 omnium
1208 2222 1257 2280 ris-l

215 2305 351 2354 turarum
362 2293 501 2351 creatore
515 2293 670 2364 donantur,
685 2312 745 2350 non
755 2295 849 2350 solum
859 2293 946 2365 bona,
959 2283 1063 2354 verum
1077 2298 1173 2352 etiam
1186 2289 1257 2372 sea-l

214 2379 345 2452 piterna3
369 2393 430 2432 non
443 2377 582 2434 salumin
595 2377 711 2448 animo,
733 2378 785 2452 qui
797 2386 919 2434 senatur
930 2395 983 2452 per
996 2379 1188 2452 sapientiam,
1209 2373 1257 2432 rel

214 2476 281 2516 rum
294 2460 383 2516 etiam
394 2460 426 2514 in
441 2475 573 2533 corpore,
587 2459 663 2534 quod
675 2462 894 2518 resurrectione
906 2461 1109 2517 renovabitur.
1143 2461 1188 2519 lbi
1199 2429 1257 2516 vir-l

214 2551 307 2611 tutes,
321 2559 382 2598 non
396 2551 499 2598 contra
511 2543 571 2597 ulla
584 2543 658 2598 vitia
667 2544 718 2598 vel
731 2544 807 2598 mala
821 2561 1012 2618 quaeeunque
1026 2553 1199 2615 certantes,
1209 2541 1247 2598 sed

213 2623 355 2684 babentes
369 2626 511 2682 victoriae
524 2626 685 2698 praemium
698 2633 848 2682 aeternam
861 2643 972 2701 paoem,
988 2645 1076 2702 quam
1090 2631 1196 2686 nullus
1208 2625 1245 2682 ad·

215 2709 366 2766 serrarius
378 2709 530 2786 inquietet.
564 2701 633 2781 Ipsa
646 2717 692 2764 est
708 2709 788 2766 anun
800 2709 948 2766 beatitudo
962 2708 1070 2780 finalis,
1086 2712 1153 2785 ipse
1166 2709 1257 2785 perse¹

216 2791 323 2848 ationis
337 2789 418 2860 linis,
432 2792 484 2866 qui
497 2799 720 2848 consumentem
733 2809 793 2847 non
806 2790 893 2848 babet
905 2792 1002 2848 finem.
1028 2791 1087 2848 llio
1101 2803 1203 2850 autem
1215 2793 1248 2849 di·

214 2875 310 2928 oimur
321 2873 438 2948 quidem
453 2872 548 2942 beati,
573 2872 690 2946 quande
709 2890 812 2946 pacem
829 2873 979 2946 habemus,
999 2878 1250 2951 quantulacunque

213 2953 262 3012 laic
281 2954 383 3012 haberi
400 2964 498 3029 potest
515 2957 548 3012 ia
565 2955 627 3010 uita
644 2956 734 3012 bona:
761 2958 813 3013 sed
832 2955 904 3014 haee
917 2958 1067 3015 beatitudo
1078 2961 1143 3031 illi,
1176 2977 1252 3036 quan

214 3038 333 3094 finalem
346 3037 480 3106 dicimus,
496 3037 671 3093 beatitudini
683 3050 865 3114 comparata,
878 3059 997 3116 prorsus
1011 3043 1134 3100 miseria
1147 3043 1250 3118 reperi-

214 3130 271 3178 tur.
294 3120 380 3177 Hane
394 3137 465 3197 ergo
479 3137 591 3193 pacem,
607 3123 700 3196 qualis
711 3120 759 3178 bic
771 3132 869 3198 potest
881 3141 956 3193 esse,
970 3127 1111 3182 mortales
1125 3126 1251 3184 homiues

214 3205 247 3260 iu
261 3203 348 3260 rebus
362 3204 533 3260 mortalibus
545 3203 661 3279 quando
679 3203 834 3279 habemus,
861 3209 981 3264 sirecte
999 3209 1151 3281 vivimus,
1177 3209 1250 3266 benis

214 3287 277 3344 eius
291 3296 372 3344 reete
384 3288 478 3344 utitur
490 3288 602 3352 virtus:
627 3289 828 3363 quandovero
842 3309 906 3347 eam
921 3289 1148 3365 conletemur,
1173 3293 1250 3350 etim

213 3371 309 3442 malis,
325 3388 399 3445 quae
412 3369 498 3428 homo
509 3372 631 3445 patitur,
645 3372 720 3428 bone
733 3375 827 3430 utitur
840 3376 944 3430 virtus.
966 3373 1025 3431 Sed
1039 3384 1115 3433 tune
1129 3387 1249 3432 estsere

214 3454 320 3525 virtus,
333 3453 449 3528 quando
461 3462 490 3510 et
501 3455 600 3511 omnia
612 3455 688 3511 bona
702 3456 806 3530 quibus
819 3457 894 3514 bene
906 3459 1010 3528 utitur,
1024 3467 1056 3514 et
1070 3458 1213 3535 quicquid
1225 3459 1248 3510 ia

214 3535 292 3592 bono
306 3554 362 3594 usu
375 3537 519 3594 bonorum
533 3540 720 3595 etmalorum
734 3538 815 3610 iacit,
841 3550 870 3597 et
883 3559 915 3596 se
928 3541 1020 3615 ipsam
1034 3541 1071 3597 sd
1086 3559 1157 3599 eum
1171 3542 1248 3598 linea

216 3617 317 3688 refert,
330 3619 381 3676 ubi
394 3619 478 3678 uobis
493 3621 559 3678 talis
575 3631 604 3676 et
619 3631 700 3678 tauta
713 3640 771 3697 pax
785 3625 852 3695 erit,
867 3641 925 3699 qua
937 3623 1041 3680 melior
1055 3633 1086 3680 et
1100 3628 1199 3683 maier
1210 3639 1247 3678 es·

216 3713 249 3752 se
264 3715 323 3754 uon
337 3703 439 3774 possit.
