<?xml version="1.0" encoding="UTF-8"?>
<!DOCTYPE html PUBLIC "-//W3C//DTD XHTML 1.0 Transitional//EN"
    "http://www.w3.org/TR/xhtml1/DTD/xhtml1-transitional.dtd">
<html xmlns="http://www.w3.org/1999/xhtml" xml:lang="en" lang="en">
 <head>
  <title>
</title>
<meta http-equiv="Content-Type" content="text/html;charset=utf-8" />
  <meta name='ocr-system' content='tesseract 3.04.00' />
  <meta name='ocr-capabilities' content='ocr_page ocr_carea ocr_par ocr_line ocrx_word'/>
</head>
<body>
  <div class='ocr_page' id='page_1' title='image "./saureliiaugusti02augugoog_0655.png"; bbox 0 0 2530 4392; ppageno 0'>
   <div class='ocr_carea' id='block_1_1' title="bbox 206 204 1027 272">
    <p class='ocr_par' dir='ltr' id='par_1_1' title="bbox 206 204 1027 272">
     <span class='ocr_line' id='line_1_1' title="bbox 206 204 1027 272; baseline -0.01 0"><span class='ocrx_word' id='word_1_1' title='bbox 206 217 268 272; x_wconf 79' lang='lat'><strong>236</strong></span> <span class='ocrx_word' id='word_1_2' title='bbox 438 209 537 269; x_wconf 90' lang='lat' dir='ltr'><strong>DlVl</strong></span> <span class='ocrx_word' id='word_1_3' title='bbox 558 204 750 272; x_wconf 80' lang='lat' dir='ltr'><strong>AVREhll</strong></span> <span class='ocrx_word' id='word_1_4' title='bbox 772 204 1027 265; x_wconf 80' lang='lat' dir='ltr'><strong>AVGVSTlNl</strong></span> 
     </span>
    </p>
   </div>
   <div class='ocr_carea' id='block_1_2' title="bbox 172 357 1244 3016">
    <p class='ocr_par' dir='ltr' id='par_1_2' title="bbox 205 357 1243 1171">
     <span class='ocr_line' id='line_1_2' title="bbox 207 357 1243 438; baseline -0.014 -14"><span class='ocrx_word' id='word_1_5' title='bbox 207 369 271 424; x_wconf 83' lang='lat' dir='ltr'><strong>sine</strong></span> <span class='ocrx_word' id='word_1_6' title='bbox 285 368 344 423; x_wconf 89' lang='lat' dir='ltr'><strong>ulla</strong></span> <span class='ocrx_word' id='word_1_7' title='bbox 355 365 419 422; x_wconf 80' lang='lat' dir='ltr'><strong>rita</strong></span> <span class='ocrx_word' id='word_1_8' title='bbox 432 381 491 421; x_wconf 95' lang='lat' dir='ltr'><strong>non</strong></span> <span class='ocrx_word' id='word_1_9' title='bbox 506 371 687 438; x_wconf 83' lang='lat' dir='ltr'><strong>potestesse.</strong></span> <span class='ocrx_word' id='word_1_10' title='bbox 718 357 785 418; x_wconf 87' lang='lat' dir='ltr'><strong>Hoc</strong></span> <span class='ocrx_word' id='word_1_11' title='bbox 805 369 836 416; x_wconf 93' lang='lat' dir='ltr'><strong>et</strong></span> <span class='ocrx_word' id='word_1_12' title='bbox 852 359 888 416; x_wconf 94' lang='lat' dir='ltr'><strong>de</strong></span> <span class='ocrx_word' id='word_1_13' title='bbox 905 361 1050 416; x_wconf 86' lang='lat' dir='ltr'><strong>memoria</strong></span> <span class='ocrx_word' id='word_1_14' title='bbox 1063 359 1196 420; x_wconf 84' lang='lat' dir='ltr'><strong>dixerim</strong></span> <span class='ocrx_word' id='word_1_15' title='bbox 1208 375 1243 421; x_wconf 68' lang='grc' dir='ltr'><strong>ιι.</strong></span> 
     </span>
     <span class='ocr_line' id='line_1_3' title="bbox 206 442 1243 527; baseline -0.004 -20"><span class='ocrx_word' id='word_1_16' title='bbox 206 469 262 527; x_wconf 87' lang='lat' dir='ltr'><strong>que</strong></span> <span class='ocrx_word' id='word_1_17' title='bbox 272 451 399 520; x_wconf 89' lang='lat' dir='ltr'><strong>ratione,</strong></span> <span class='ocrx_word' id='word_1_18' title='bbox 414 457 444 504; x_wconf 86' lang='lat' dir='ltr'><strong>et</strong></span> <span class='ocrx_word' id='word_1_19' title='bbox 457 449 483 503; x_wconf 91' lang='lat' dir='ltr'><strong>si</strong></span> <span class='ocrx_word' id='word_1_20' title='bbox 496 446 565 522; x_wconf 87' lang='lat' dir='ltr'><strong>quid</strong></span> <span class='ocrx_word' id='word_1_21' title='bbox 578 444 658 502; x_wconf 91' lang='lat' dir='ltr'><strong>aliud</strong></span> <span class='ocrx_word' id='word_1_22' title='bbox 671 445 729 502; x_wconf 86' lang='lat' dir='ltr'><strong>tale</strong></span> <span class='ocrx_word' id='word_1_23' title='bbox 742 453 788 500; x_wconf 82' lang='lat' dir='ltr'><strong>est</strong></span> <span class='ocrx_word' id='word_1_24' title='bbox 799 445 831 501; x_wconf 92' lang='lat' dir='ltr'><strong>in</strong></span> <span class='ocrx_word' id='word_1_25' title='bbox 844 442 972 500; x_wconf 89' lang='lat' dir='ltr'><strong>homine.</strong></span> <span class='ocrx_word' id='word_1_26' title='bbox 990 442 1071 501; x_wconf 86' lang='lat' dir='ltr'>Sunt</span> <span class='ocrx_word' id='word_1_27' title='bbox 1085 447 1172 503; x_wconf 90' lang='lat' dir='ltr'><strong>enim</strong></span> <span class='ocrx_word' id='word_1_28' title='bbox 1182 445 1243 503; x_wconf 80' lang='lat' dir='ltr'><strong>haee</strong></span> 
     </span>
     <span class='ocr_line' id='line_1_4' title="bbox 207 527 1243 602; baseline -0.002 -13"><span class='ocrx_word' id='word_1_29' title='bbox 207 544 237 589; x_wconf 88' lang='lat' dir='ltr'><strong>et</strong></span> <span class='ocrx_word' id='word_1_30' title='bbox 253 543 323 590; x_wconf 90' lang='lat' dir='ltr'><strong>ante</strong></span> <span class='ocrx_word' id='word_1_31' title='bbox 345 531 524 602; x_wconf 85' lang='lat' dir='ltr'><strong>doctrinam,</strong></span> <span class='ocrx_word' id='word_1_32' title='bbox 550 530 614 586; x_wconf 86' lang='lat' dir='ltr'><strong>sine</strong></span> <span class='ocrx_word' id='word_1_33' title='bbox 626 527 673 584; x_wconf 87' lang='lat' dir='ltr'><strong>his</strong></span> <span class='ocrx_word' id='word_1_34' title='bbox 687 537 786 585; x_wconf 84' lang='lat' dir='ltr'><strong>autem</strong></span> <span class='ocrx_word' id='word_1_35' title='bbox 799 545 859 584; x_wconf 90' lang='lat' dir='ltr'><strong>non</strong></span> <span class='ocrx_word' id='word_1_36' title='bbox 872 535 1051 602; x_wconf 80' lang='lat' dir='ltr'><strong>potestesse</strong></span> <span class='ocrx_word' id='word_1_37' title='bbox 1065 530 1132 585; x_wconf 90' lang='lat' dir='ltr'><strong>nlla</strong></span> <span class='ocrx_word' id='word_1_38' title='bbox 1146 529 1243 588; x_wconf 82' lang='lat' dir='ltr'><strong>doetri-</strong></span> 
     </span>
     <span class='ocr_line' id='line_1_5' title="bbox 206 609 1241 690; baseline -0.001 -17"><span class='ocrx_word' id='word_1_39' title='bbox 206 635 258 674; x_wconf 86' lang='lat' dir='ltr'><strong>na:</strong></span> <span class='ocrx_word' id='word_1_40' title='bbox 281 635 316 672; x_wconf 88' lang='lat' dir='ltr'><strong>ao</strong></span> <span class='ocrx_word' id='word_1_41' title='bbox 334 633 387 690; x_wconf 91' lang='lat' dir='ltr'><strong>pcr</strong></span> <span class='ocrx_word' id='word_1_42' title='bbox 405 614 461 672; x_wconf 91' lang='lat' dir='ltr'><strong>hoc</strong></span> <span class='ocrx_word' id='word_1_43' title='bbox 482 631 536 669; x_wconf 89' lang='lat' dir='ltr'><strong>nec</strong></span> <span class='ocrx_word' id='word_1_44' title='bbox 548 613 658 683; x_wconf 85' lang='lat' dir='ltr'><strong>virtus,</strong></span> <span class='ocrx_word' id='word_1_45' title='bbox 681 629 756 688; x_wconf 84' lang='lat' dir='ltr'><strong>quac</strong></span> <span class='ocrx_word' id='word_1_46' title='bbox 769 613 869 686; x_wconf 87' lang='lat' dir='ltr'><strong>utique</strong></span> <span class='ocrx_word' id='word_1_47' title='bbox 882 609 1015 668; x_wconf 76' lang='lat' dir='ltr'><strong>discitur.</strong></span> <span class='ocrx_word' id='word_1_48' title='bbox 1053 609 1146 669; x_wconf 88' lang='lat' dir='ltr'><strong>Bene</strong></span> <span class='ocrx_word' id='word_1_49' title='bbox 1159 624 1241 672; x_wconf 80' lang='lat' dir='ltr'><strong>auten</strong></span> 
     </span>
     <span class='ocr_line' id='line_1_6' title="bbox 206 693 1239 774; baseline -0.002 -18"><span class='ocrx_word' id='word_1_50' title='bbox 206 717 337 770; x_wconf 82' lang='lat' dir='ltr'><strong>currere,</strong></span> <span class='ocrx_word' id='word_1_51' title='bbox 350 697 505 774; x_wconf 87' lang='lat' dir='ltr'><strong>pulchrum</strong></span> <span class='ocrx_word' id='word_1_52' title='bbox 519 714 584 752; x_wconf 82' lang='lat' dir='ltr'><strong>esse</strong></span> <span class='ocrx_word' id='word_1_53' title='bbox 598 713 732 769; x_wconf 91' lang='lat' dir='ltr'><strong>corpore,</strong></span> <span class='ocrx_word' id='word_1_54' title='bbox 753 693 866 751; x_wconf 84' lang='lat' dir='ltr'><strong>viribus</strong></span> <span class='ocrx_word' id='word_1_55' title='bbox 879 693 1053 772; x_wconf 78' lang='lat' dir='ltr'><strong>ingentibus</strong></span> <span class='ocrx_word' id='word_1_56' title='bbox 1066 700 1239 770; x_wconf 82' lang='lat' dir='ltr'><strong>praevalere,</strong></span> 
     </span>
     <span class='ocr_line' id='line_1_7' title="bbox 207 775 1240 854; baseline -0.001 -16"><span class='ocrx_word' id='word_1_57' title='bbox 207 793 236 840; x_wconf 90' lang='lat' dir='ltr'><strong>ot</strong></span> <span class='ocrx_word' id='word_1_58' title='bbox 250 793 366 840; x_wconf 87' lang='lat' dir='ltr'><strong>caetera</strong></span> <span class='ocrx_word' id='word_1_59' title='bbox 377 778 545 838; x_wconf 88' lang='lat' dir='ltr'><strong>huiusmodi</strong></span> <span class='ocrx_word' id='word_1_60' title='bbox 558 780 628 834; x_wconf 86' lang='lat' dir='ltr'><strong>talia</strong></span> <span class='ocrx_word' id='word_1_61' title='bbox 641 788 721 849; x_wconf 86' lang='lat' dir='ltr'><strong>sunt,</strong></span> <span class='ocrx_word' id='word_1_62' title='bbox 735 787 769 834; x_wconf 90' lang='lat' dir='ltr'><strong>ut</strong></span> <span class='ocrx_word' id='word_1_63' title='bbox 781 787 812 834; x_wconf 91' lang='lat' dir='ltr'><strong>et</strong></span> <span class='ocrx_word' id='word_1_64' title='bbox 822 778 918 834; x_wconf 79' lang='lat' dir='ltr'><strong>virtus</strong></span> <span class='ocrx_word' id='word_1_65' title='bbox 931 779 995 834; x_wconf 81' lang='lat' dir='ltr'><strong>sine</strong></span> <span class='ocrx_word' id='word_1_66' title='bbox 1004 775 1052 834; x_wconf 87' lang='lat' dir='ltr'><strong>his</strong></span> <span class='ocrx_word' id='word_1_67' title='bbox 1065 797 1139 835; x_wconf 85' lang='lat' dir='ltr'><strong>esse</strong></span> <span class='ocrx_word' id='word_1_68' title='bbox 1151 784 1240 854; x_wconf 83' lang='lat' dir='ltr'><strong>possit,</strong></span> 
     </span>
     <span class='ocr_line' id='line_1_8' title="bbox 206 855 1240 942; baseline -0.004 -20"><span class='ocrx_word' id='word_1_69' title='bbox 206 869 309 942; x_wconf 85' lang='lat' dir='ltr'><strong>etipsa</strong></span> <span class='ocrx_word' id='word_1_70' title='bbox 320 868 384 921; x_wconf 90' lang='lat' dir='ltr'><strong>sine</strong></span> <span class='ocrx_word' id='word_1_71' title='bbox 395 866 519 920; x_wconf 87' lang='lat' dir='ltr'><strong>virtute:</strong></span> <span class='ocrx_word' id='word_1_72' title='bbox 533 863 612 919; x_wconf 85' lang='lat' dir='ltr'><strong>hona</strong></span> <span class='ocrx_word' id='word_1_73' title='bbox 624 870 696 918; x_wconf 87' lang='lat' dir='ltr'><strong>sunt</strong></span> <span class='ocrx_word' id='word_1_74' title='bbox 709 870 823 934; x_wconf 82' lang='lat' dir='ltr'><strong>tamen3</strong></span> <span class='ocrx_word' id='word_1_75' title='bbox 837 868 868 918; x_wconf 93' lang='lat' dir='ltr'><strong>et</strong></span> <span class='ocrx_word' id='word_1_76' title='bbox 879 861 1040 918; x_wconf 85' lang='lat' dir='ltr'><strong>secundum</strong></span> <span class='ocrx_word' id='word_1_77' title='bbox 1055 855 1104 936; x_wconf 89' lang='lat' dir='ltr'><strong>[et</strong></span> <span class='ocrx_word' id='word_1_78' title='bbox 1114 863 1179 939; x_wconf 82' lang='lat' dir='ltr'><strong>ipsa</strong></span> <span class='ocrx_word' id='word_1_79' title='bbox 1190 866 1240 920; x_wconf 79' lang='lat' dir='ltr'><strong>sine</strong></span> 
     </span>
     <span class='ocr_line' id='line_1_9' title="bbox 205 942 1241 1023; baseline -0.001 -18"><span class='ocrx_word' id='word_1_80' title='bbox 205 951 315 1005; x_wconf 84' lang='lat' dir='ltr'><strong>virtute</strong></span> <span class='ocrx_word' id='word_1_81' title='bbox 329 949 406 1004; x_wconf 91' lang='lat' dir='ltr'><strong>hona</strong></span> <span class='ocrx_word' id='word_1_82' title='bbox 420 949 493 1004; x_wconf 82' lang='lat' dir='ltr'><strong>sint:</strong></span> <span class='ocrx_word' id='word_1_83' title='bbox 520 955 618 1002; x_wconf 87' lang='lat' dir='ltr'><strong>tomen</strong></span> <span class='ocrx_word' id='word_1_84' title='bbox 632 954 662 1001; x_wconf 92' lang='lat' dir='ltr'><strong>et</strong></span> <span class='ocrx_word' id='word_1_85' title='bbox 675 942 848 1022; x_wconf 88' lang='lat' dir='ltr'><strong>secundnm]</strong></span> <span class='ocrx_word' id='word_1_86' title='bbox 863 945 935 1002; x_wconf 85' lang='lat' dir='ltr'><strong>istos</strong></span> <span class='ocrx_word' id='word_1_87' title='bbox 950 945 1041 1001; x_wconf 86' lang='lat' dir='ltr'><strong>etiam</strong></span> <span class='ocrx_word' id='word_1_88' title='bbox 1054 945 1128 1020; x_wconf 84' lang='lat' dir='ltr'><strong>ipsa</strong></span> <span class='ocrx_word' id='word_1_89' title='bbox 1139 957 1241 1023; x_wconf 86' lang='lat' dir='ltr'><strong>propter</strong></span> 
     </span>
     <span class='ocr_line' id='line_1_10' title="bbox 206 1027 1240 1110; baseline 0 -22"><span class='ocrx_word' id='word_1_90' title='bbox 206 1050 238 1088; x_wconf 84' lang='lat' dir='ltr'><strong>se</strong></span> <span class='ocrx_word' id='word_1_91' title='bbox 251 1033 345 1105; x_wconf 82' lang='lat' dir='ltr'><strong>ipsam</strong></span> <span class='ocrx_word' id='word_1_92' title='bbox 358 1031 492 1110; x_wconf 79' lang='lat' dir='ltr'><strong>diligitur</strong></span> <span class='ocrx_word' id='word_1_93' title='bbox 503 1031 615 1102; x_wconf 81' lang='lat' dir='ltr'><strong>virtus,</strong></span> <span class='ocrx_word' id='word_1_94' title='bbox 629 1029 781 1104; x_wconf 85' lang='lat' dir='ltr'><strong>utiturque</strong></span> <span class='ocrx_word' id='word_1_95' title='bbox 793 1029 853 1084; x_wconf 85' lang='lat' dir='ltr'><strong>illio</strong></span> <span class='ocrx_word' id='word_1_96' title='bbox 867 1036 897 1086; x_wconf 90' lang='lat' dir='ltr'><strong>et</strong></span> <span class='ocrx_word' id='word_1_97' title='bbox 908 1027 1037 1100; x_wconf 79' lang='lat' dir='ltr'><strong>fruitur,</strong></span> <span class='ocrx_word' id='word_1_98' title='bbox 1063 1029 1149 1088; x_wconf 84' lang='lat' dir='ltr'><strong>sicut</strong></span> <span class='ocrx_word' id='word_1_99' title='bbox 1158 1032 1240 1087; x_wconf 79' lang='lat' dir='ltr'><strong>virtu-</strong></span> 
     </span>
     <span class='ocr_line' id='line_1_11' title="bbox 206 1115 771 1171; baseline 0 -1"><span class='ocrx_word' id='word_1_100' title='bbox 206 1125 266 1171; x_wconf 89' lang='lat' dir='ltr'><strong>tem</strong></span> <span class='ocrx_word' id='word_1_101' title='bbox 280 1115 372 1170; x_wconf 86' lang='lat' dir='ltr'><strong>decet.</strong></span> <span class='ocrx_word' id='word_1_102' title='bbox 764 1163 771 1170; x_wconf 95' lang='lat'><strong>.</strong></span> 
     </span>
    </p>

    <p class='ocr_par' dir='ltr' id='par_1_3' title="bbox 172 1195 1244 2919">
     <span class='ocr_line' id='line_1_12' title="bbox 279 1195 1241 1275; baseline 0.001 -21"><span class='ocrx_word' id='word_1_103' title='bbox 279 1197 365 1254; x_wconf 83' lang='lat' dir='ltr'><strong>Hanc</strong></span> <span class='ocrx_word' id='word_1_104' title='bbox 383 1201 476 1256; x_wconf 87' lang='lat' dir='ltr'><strong>vitam</strong></span> <span class='ocrx_word' id='word_1_105' title='bbox 493 1201 609 1256; x_wconf 85' lang='lat' dir='ltr'><strong>beatam</strong></span> <span class='ocrx_word' id='word_1_106' title='bbox 627 1199 715 1252; x_wconf 88' lang='lat' dir='ltr'><strong>etiam</strong></span> <span class='ocrx_word' id='word_1_107' title='bbox 733 1198 874 1253; x_wconf 76' lang='lat' dir='ltr'><strong>socialem</strong></span> <span class='ocrx_word' id='word_1_108' title='bbox 892 1195 1050 1271; x_wconf 73' lang='lat' dir='ltr'><strong>perhibent</strong></span> <span class='ocrx_word' id='word_1_109' title='bbox 1071 1216 1160 1272; x_wconf 81' lang='lat' dir='ltr'><strong>esse,</strong></span> <span class='ocrx_word' id='word_1_110' title='bbox 1182 1217 1241 1275; x_wconf 82' lang='lat' dir='ltr'><strong>qnae</strong></span> 
     </span>
     <span class='ocr_line' id='line_1_13' title="bbox 206 1279 1242 1358; baseline -0.003 -19"><span class='ocrx_word' id='word_1_111' title='bbox 206 1285 367 1352; x_wconf 81' lang='lat' dir='ltr'><strong>amicorum</strong></span> <span class='ocrx_word' id='word_1_112' title='bbox 379 1283 457 1338; x_wconf 89' lang='lat' dir='ltr'><strong>bona</strong></span> <span class='ocrx_word' id='word_1_113' title='bbox 468 1289 587 1357; x_wconf 88' lang='lat' dir='ltr'><strong>propter</strong></span> <span class='ocrx_word' id='word_1_114' title='bbox 600 1299 632 1338; x_wconf 88' lang='lat' dir='ltr'><strong>se</strong></span> <span class='ocrx_word' id='word_1_115' title='bbox 645 1281 710 1354; x_wconf 88' lang='lat' dir='ltr'><strong>ipsa</strong></span> <span class='ocrx_word' id='word_1_116' title='bbox 723 1279 828 1357; x_wconf 82' lang='lat' dir='ltr'><strong>diligat</strong></span> <span class='ocrx_word' id='word_1_117' title='bbox 840 1279 916 1336; x_wconf 86' lang='lat' dir='ltr'><strong>sieut</strong></span> <span class='ocrx_word' id='word_1_118' title='bbox 927 1297 991 1352; x_wconf 84' lang='lat' dir='ltr'><strong>sua,</strong></span> <span class='ocrx_word' id='word_1_119' title='bbox 1012 1281 1125 1357; x_wconf 81' lang='lat' dir='ltr'><strong>eisque</strong></span> <span class='ocrx_word' id='word_1_120' title='bbox 1137 1291 1242 1358; x_wconf 86' lang='lat' dir='ltr'><strong>propter</strong></span> 
     </span>
     <span class='ocr_line' id='line_1_14' title="bbox 206 1361 1243 1441; baseline -0.002 -19"><span class='ocrx_word' id='word_1_121' title='bbox 206 1367 285 1441; x_wconf 84' lang='lat' dir='ltr'><strong>ipsos</strong></span> <span class='ocrx_word' id='word_1_122' title='bbox 298 1365 354 1422; x_wconf 91' lang='lat' dir='ltr'><strong>hoo</strong></span> <span class='ocrx_word' id='word_1_123' title='bbox 368 1368 440 1423; x_wconf 86' lang='lat' dir='ltr'><strong>velit</strong></span> <span class='ocrx_word' id='word_1_124' title='bbox 460 1365 537 1440; x_wconf 88' lang='lat' dir='ltr'><strong>quod</strong></span> <span class='ocrx_word' id='word_1_125' title='bbox 551 1365 626 1437; x_wconf 86' lang='lat' dir='ltr'><strong>sihi,</strong></span> <span class='ocrx_word' id='word_1_126' title='bbox 653 1364 765 1420; x_wconf 87' lang='lat' dir='ltr'><strong>sivein</strong></span> <span class='ocrx_word' id='word_1_127' title='bbox 785 1361 870 1419; x_wconf 88' lang='lat' dir='ltr'><strong>domo</strong></span> <span class='ocrx_word' id='word_1_128' title='bbox 889 1363 965 1433; x_wconf 88' lang='lat' dir='ltr'><strong>sint,</strong></span> <span class='ocrx_word' id='word_1_129' title='bbox 991 1363 1074 1421; x_wconf 82' lang='lat' dir='ltr'><strong>sicut</strong></span> <span class='ocrx_word' id='word_1_130' title='bbox 1095 1366 1243 1422; x_wconf 83' lang='lat' dir='ltr'><strong>coniuxel</strong></span> 
     </span>
     <span class='ocr_line' id='line_1_15' title="bbox 206 1445 1242 1525; baseline 0 -21"><span class='ocrx_word' id='word_1_131' title='bbox 206 1449 292 1505; x_wconf 90' lang='lat' dir='ltr'><strong>liberi</strong></span> <span class='ocrx_word' id='word_1_132' title='bbox 307 1451 516 1525; x_wconf 89' lang='lat' dir='ltr'><strong>etquicunque</strong></span> <span class='ocrx_word' id='word_1_133' title='bbox 531 1447 697 1518; x_wconf 84' lang='lat' dir='ltr'><strong>donrestici3</strong></span> <span class='ocrx_word' id='word_1_134' title='bbox 712 1447 775 1508; x_wconf 82' lang='lat' dir='ltr'><strong>sire</strong></span> <span class='ocrx_word' id='word_1_135' title='bbox 788 1447 821 1502; x_wconf 89' lang='lat' dir='ltr'><strong>in</strong></span> <span class='ocrx_word' id='word_1_136' title='bbox 833 1447 915 1520; x_wconf 92' lang='lat' dir='ltr'><strong>loco,</strong></span> <span class='ocrx_word' id='word_1_137' title='bbox 933 1445 983 1504; x_wconf 85' lang='lat' dir='ltr'><strong>nbi</strong></span> <span class='ocrx_word' id='word_1_138' title='bbox 996 1445 1107 1506; x_wconf 81' lang='lat' dir='ltr'><strong>domus</strong></span> <span class='ocrx_word' id='word_1_139' title='bbox 1122 1448 1187 1507; x_wconf 84' lang='lat' dir='ltr'><strong>eius</strong></span> <span class='ocrx_word' id='word_1_140' title='bbox 1200 1459 1242 1518; x_wconf 80' lang='lat' dir='ltr'><strong>cst,</strong></span> 
     </span>
     <span class='ocr_line' id='line_1_16' title="bbox 207 1530 1242 1606; baseline -0.001 -18"><span class='ocrx_word' id='word_1_141' title='bbox 207 1533 296 1588; x_wconf 86' lang='lat' dir='ltr'><strong>sicuti</strong></span> <span class='ocrx_word' id='word_1_142' title='bbox 310 1541 355 1588; x_wconf 86' lang='lat' dir='ltr'><strong>est</strong></span> <span class='ocrx_word' id='word_1_143' title='bbox 367 1533 448 1602; x_wconf 87' lang='lat' dir='ltr'><strong>urbs,</strong></span> <span class='ocrx_word' id='word_1_144' title='bbox 462 1541 496 1586; x_wconf 90' lang='lat' dir='ltr'><strong>ut</strong></span> <span class='ocrx_word' id='word_1_145' title='bbox 508 1540 577 1588; x_wconf 89' lang='lat' dir='ltr'><strong>sunt</strong></span> <span class='ocrx_word' id='word_1_146' title='bbox 589 1530 621 1586; x_wconf 93' lang='lat' dir='ltr'><strong>hi</strong></span> <span class='ocrx_word' id='word_1_147' title='bbox 634 1531 684 1606; x_wconf 91' lang='lat' dir='ltr'><strong>qui</strong></span> <span class='ocrx_word' id='word_1_148' title='bbox 699 1531 777 1586; x_wconf 85' lang='lat' dir='ltr'><strong>cives</strong></span> <span class='ocrx_word' id='word_1_149' title='bbox 789 1538 951 1602; x_wconf 82' lang='lat' dir='ltr'><strong>vocantur3</strong></span> <span class='ocrx_word' id='word_1_150' title='bbox 968 1531 1032 1587; x_wconf 86' lang='lat' dir='ltr'><strong>sire</strong></span> <span class='ocrx_word' id='word_1_151' title='bbox 1046 1531 1081 1588; x_wconf 90' lang='lat' dir='ltr'><strong>in</strong></span> <span class='ocrx_word' id='word_1_152' title='bbox 1096 1540 1163 1592; x_wconf 86' lang='lat' dir='ltr'><strong>toto</strong></span> <span class='ocrx_word' id='word_1_153' title='bbox 1177 1532 1242 1601; x_wconf 79' lang='lat' dir='ltr'><strong>orhr,</strong></span> 
     </span>
     <span class='ocr_line' id='line_1_17' title="bbox 206 1611 1242 1692; baseline 0.002 -24"><span class='ocrx_word' id='word_1_154' title='bbox 206 1623 239 1669; x_wconf 90' lang='lat' dir='ltr'><strong>ut</strong></span> <span class='ocrx_word' id='word_1_155' title='bbox 252 1623 322 1668; x_wconf 83' lang='lat' dir='ltr'><strong>sunt</strong></span> <span class='ocrx_word' id='word_1_156' title='bbox 335 1623 449 1690; x_wconf 79' lang='lat' dir='ltr'><strong>genter,</strong></span> <span class='ocrx_word' id='word_1_157' title='bbox 465 1631 537 1688; x_wconf 85' lang='lat' dir='ltr'><strong>quas</strong></span> <span class='ocrx_word' id='word_1_158' title='bbox 552 1615 580 1668; x_wconf 89' lang='lat' dir='ltr'><strong>ei</strong></span> <span class='ocrx_word' id='word_1_159' title='bbox 593 1616 718 1670; x_wconf 82' lang='lat' dir='ltr'><strong>societas</strong></span> <span class='ocrx_word' id='word_1_160' title='bbox 731 1611 858 1670; x_wconf 86' lang='lat' dir='ltr'><strong>humano</strong></span> <span class='ocrx_word' id='word_1_161' title='bbox 871 1613 1043 1692; x_wconf 75' lang='lat' dir='ltr'><strong>coniungit;</strong></span> <span class='ocrx_word' id='word_1_162' title='bbox 1062 1616 1134 1673; x_wconf 86' lang='lat' dir='ltr'><strong>sire</strong></span> <span class='ocrx_word' id='word_1_163' title='bbox 1148 1617 1242 1690; x_wconf 82' lang='lat' dir='ltr'><strong>inipso</strong></span> 
     </span>
     <span class='ocr_line' id='line_1_18' title="bbox 206 1695 1242 1770; baseline 0.001 -18"><span class='ocrx_word' id='word_1_164' title='bbox 206 1695 332 1766; x_wconf 89' lang='lat' dir='ltr'><strong>mundo,</strong></span> <span class='ocrx_word' id='word_1_165' title='bbox 359 1698 411 1770; x_wconf 89' lang='lat' dir='ltr'><strong>qui</strong></span> <span class='ocrx_word' id='word_1_166' title='bbox 424 1704 562 1751; x_wconf 82' lang='lat' dir='ltr'><strong>censetur</strong></span> <span class='ocrx_word' id='word_1_167' title='bbox 576 1698 697 1752; x_wconf 89' lang='lat' dir='ltr'><strong>nomine</strong></span> <span class='ocrx_word' id='word_1_168' title='bbox 711 1697 786 1752; x_wconf 90' lang='lat' dir='ltr'><strong>coeli</strong></span> <span class='ocrx_word' id='word_1_169' title='bbox 799 1705 828 1752; x_wconf 92' lang='lat' dir='ltr'><strong>et</strong></span> <span class='ocrx_word' id='word_1_170' title='bbox 840 1705 954 1768; x_wconf 83' lang='lat' dir='ltr'><strong>terrae,</strong></span> <span class='ocrx_word' id='word_1_171' title='bbox 976 1699 1056 1754; x_wconf 87' lang='lat' dir='ltr'><strong>sicut</strong></span> <span class='ocrx_word' id='word_1_172' title='bbox 1068 1717 1143 1756; x_wconf 88' lang='lat' dir='ltr'><strong>esse</strong></span> <span class='ocrx_word' id='word_1_173' title='bbox 1156 1699 1242 1756; x_wconf 84' lang='lat' dir='ltr'><strong>dierat</strong></span> 
     </span>
     <span class='ocr_line' id='line_1_19' title="bbox 208 1776 1242 1855; baseline 0.005 -22"><span class='ocrx_word' id='word_1_174' title='bbox 208 1778 288 1848; x_wconf 84' lang='lat' dir='ltr'><strong>deos,</strong></span> <span class='ocrx_word' id='word_1_175' title='bbox 313 1796 385 1852; x_wconf 83' lang='lat' dir='ltr'><strong>quos</strong></span> <span class='ocrx_word' id='word_1_176' title='bbox 398 1780 503 1834; x_wconf 87' lang='lat' dir='ltr'><strong>volunt</strong></span> <span class='ocrx_word' id='word_1_177' title='bbox 515 1779 625 1836; x_wconf 83' lang='lat' dir='ltr'><strong>amicos</strong></span> <span class='ocrx_word' id='word_1_178' title='bbox 640 1795 705 1833; x_wconf 83' lang='lat' dir='ltr'><strong>esse</strong></span> <span class='ocrx_word' id='word_1_179' title='bbox 719 1776 831 1834; x_wconf 88' lang='lat' dir='ltr'><strong>homini</strong></span> <span class='ocrx_word' id='word_1_180' title='bbox 844 1780 984 1854; x_wconf 77' lang='lat' dir='ltr'><strong>rapienti,</strong></span> <span class='ocrx_word' id='word_1_181' title='bbox 1007 1797 1085 1855; x_wconf 87' lang='lat' dir='ltr'><strong>quos</strong></span> <span class='ocrx_word' id='word_1_182' title='bbox 1101 1801 1161 1840; x_wconf 84' lang='lat' dir='ltr'><strong>nos</strong></span> <span class='ocrx_word' id='word_1_183' title='bbox 1174 1783 1242 1840; x_wconf 84' lang='lat' dir='ltr'><strong>fani-</strong></span> 
     </span>
     <span class='ocr_line' id='line_1_20' title="bbox 172 1859 1242 1938; baseline 0.003 -21"><span class='ocrx_word' id='word_1_184' title='bbox 172 1872 173 1875; x_wconf 75' lang='grc'>’</span> <span class='ocrx_word' id='word_1_185' title='bbox 207 1863 310 1918; x_wconf 81' lang='grc' dir='ltr'>Ιίιιὶιιι</span> <span class='ocrx_word' id='word_1_186' title='bbox 324 1861 455 1938; x_wconf 76' lang='lat' dir='ltr'><strong>Angelos</strong></span> <span class='ocrx_word' id='word_1_187' title='bbox 470 1860 601 1916; x_wconf 87' lang='lat' dir='ltr'><strong>dicimus.</strong></span> <span class='ocrx_word' id='word_1_188' title='bbox 621 1859 668 1916; x_wconf 88' lang='lat' dir='ltr'><strong>De</strong></span> <span class='ocrx_word' id='word_1_189' title='bbox 681 1860 825 1918; x_wconf 86' lang='lat' dir='ltr'><strong>honorum</strong></span> <span class='ocrx_word' id='word_1_190' title='bbox 840 1871 937 1918; x_wconf 90' lang='lat' dir='ltr'><strong>antem</strong></span> <span class='ocrx_word' id='word_1_191' title='bbox 950 1871 980 1918; x_wconf 88' lang='lat' dir='ltr'><strong>et</strong></span> <span class='ocrx_word' id='word_1_192' title='bbox 992 1881 1008 1918; x_wconf 91' lang='lat' dir='ltr'><strong>e</strong></span> <span class='ocrx_word' id='word_1_193' title='bbox 1022 1868 1182 1923; x_wconf 88' lang='lat' dir='ltr'><strong>contrario</strong></span> <span class='ocrx_word' id='word_1_194' title='bbox 1195 1883 1242 1920; x_wconf 82' lang='lat' dir='ltr'><strong>nr·</strong></span> 
     </span>
     <span class='ocr_line' id='line_1_21' title="bbox 207 1943 1243 2022; baseline 0.002 -21"><span class='ocrx_word' id='word_1_195' title='bbox 207 1947 302 2001; x_wconf 87' lang='lat' dir='ltr'><strong>lorum</strong></span> <span class='ocrx_word' id='word_1_196' title='bbox 315 1943 422 2001; x_wconf 83' lang='lat' dir='ltr'><strong>linibus</strong></span> <span class='ocrx_word' id='word_1_197' title='bbox 436 1953 548 2022; x_wconf 83' lang='lat' dir='ltr'><strong>negant</strong></span> <span class='ocrx_word' id='word_1_198' title='bbox 559 1945 620 2000; x_wconf 92' lang='lat' dir='ltr'><strong>ullo</strong></span> <span class='ocrx_word' id='word_1_199' title='bbox 633 1943 719 2000; x_wconf 86' lang='lat' dir='ltr'><strong>modo</strong></span> <span class='ocrx_word' id='word_1_200' title='bbox 734 1963 799 2000; x_wconf 87' lang='lat' dir='ltr'><strong>osse</strong></span> <span class='ocrx_word' id='word_1_201' title='bbox 813 1944 1013 2017; x_wconf 88' lang='lat' dir='ltr'><strong>dubitandum,</strong></span> <span class='ocrx_word' id='word_1_202' title='bbox 1038 1955 1071 2003; x_wconf 90' lang='lat' dir='ltr'><strong>et</strong></span> <span class='ocrx_word' id='word_1_203' title='bbox 1084 1946 1169 2007; x_wconf 88' lang='lat' dir='ltr'><strong>hanc</strong></span> <span class='ocrx_word' id='word_1_204' title='bbox 1181 1951 1243 2006; x_wconf 87' lang='lat' dir='ltr'><strong>inter</strong></span> 
     </span>
     <span class='ocr_line' id='line_1_22' title="bbox 208 2027 1242 2102; baseline 0.004 -18"><span class='ocrx_word' id='word_1_205' title='bbox 208 2047 239 2084; x_wconf 84' lang='lat' dir='ltr'><strong>oe</strong></span> <span class='ocrx_word' id='word_1_206' title='bbox 260 2037 291 2084; x_wconf 89' lang='lat' dir='ltr'><strong>et</strong></span> <span class='ocrx_word' id='word_1_207' title='bbox 308 2046 400 2086; x_wconf 83' lang='lat' dir='ltr'><strong>novos</strong></span> <span class='ocrx_word' id='word_1_208' title='bbox 415 2027 604 2085; x_wconf 86' lang='lat' dir='ltr'><strong>Academicos</strong></span> <span class='ocrx_word' id='word_1_209' title='bbox 624 2027 770 2086; x_wconf 88' lang='lat' dir='ltr'><strong>affirmant</strong></span> <span class='ocrx_word' id='word_1_210' title='bbox 787 2047 852 2084; x_wconf 81' lang='lat' dir='ltr'><strong>esse</strong></span> <span class='ocrx_word' id='word_1_211' title='bbox 866 2029 1050 2102; x_wconf 84' lang='lat' dir='ltr'><strong>distantiam,</strong></span> <span class='ocrx_word' id='word_1_212' title='bbox 1077 2051 1141 2090; x_wconf 89' lang='lat' dir='ltr'><strong>nec</strong></span> <span class='ocrx_word' id='word_1_213' title='bbox 1159 2051 1242 2090; x_wconf 82' lang='lat' dir='ltr'><strong>coron</strong></span> 
     </span>
     <span class='ocr_line' id='line_1_23' title="bbox 206 2111 1242 2188; baseline 0.004 -20"><span class='ocrx_word' id='word_1_214' title='bbox 206 2113 333 2168; x_wconf 88' lang='lat' dir='ltr'><strong>interest</strong></span> <span class='ocrx_word' id='word_1_215' title='bbox 348 2113 520 2188; x_wconf 84' lang='lat' dir='ltr'><strong>quicquam,</strong></span> <span class='ocrx_word' id='word_1_216' title='bbox 540 2113 603 2170; x_wconf 82' lang='lat' dir='ltr'><strong>sive</strong></span> <span class='ocrx_word' id='word_1_217' title='bbox 616 2111 739 2188; x_wconf 84' lang='lat' dir='ltr'><strong>Cynico,</strong></span> <span class='ocrx_word' id='word_1_218' title='bbox 753 2113 816 2170; x_wconf 83' lang='lat' dir='ltr'><strong>sive</strong></span> <span class='ocrx_word' id='word_1_219' title='bbox 829 2113 886 2168; x_wconf 88' lang='lat' dir='ltr'><strong>alio</strong></span> <span class='ocrx_word' id='word_1_220' title='bbox 901 2113 1031 2188; x_wconf 87' lang='lat' dir='ltr'><strong>quolibet</strong></span> <span class='ocrx_word' id='word_1_221' title='bbox 1044 2111 1157 2174; x_wconf 87' lang='lat' dir='ltr'><strong>habitu</strong></span> <span class='ocrx_word' id='word_1_222' title='bbox 1171 2127 1200 2174; x_wconf 91' lang='lat' dir='ltr'><strong>et</strong></span> <span class='ocrx_word' id='word_1_223' title='bbox 1209 2118 1242 2172; x_wconf 79' lang='grc' dir='ltr'><strong>ιι-</strong></span> 
     </span>
     <span class='ocr_line' id='line_1_24' title="bbox 207 2193 1242 2276; baseline 0.004 -25"><span class='ocrx_word' id='word_1_224' title='bbox 207 2205 256 2252; x_wconf 86' lang='lat' dir='ltr'><strong>otu</strong></span> <span class='ocrx_word' id='word_1_225' title='bbox 269 2197 301 2252; x_wconf 93' lang='lat' dir='ltr'><strong>in</strong></span> <span class='ocrx_word' id='word_1_226' title='bbox 314 2193 360 2251; x_wconf 89' lang='lat' dir='ltr'><strong>his</strong></span> <span class='ocrx_word' id='word_1_227' title='bbox 373 2196 491 2266; x_wconf 82' lang='lat' dir='ltr'><strong>linibus,</strong></span> <span class='ocrx_word' id='word_1_228' title='bbox 506 2214 580 2270; x_wconf 86' lang='lat' dir='ltr'><strong>quos</strong></span> <span class='ocrx_word' id='word_1_229' title='bbox 592 2215 679 2253; x_wconf 89' lang='lat' dir='ltr'><strong>veros</strong></span> <span class='ocrx_word' id='word_1_230' title='bbox 694 2204 807 2270; x_wconf 74' lang='lat' dir='ltr'><strong>putant,</strong></span> <span class='ocrx_word' id='word_1_231' title='bbox 822 2197 944 2272; x_wconf 87' lang='lat' dir='ltr'><strong>quisquc</strong></span> <span class='ocrx_word' id='word_1_232' title='bbox 956 2194 1197 2276; x_wconf 76' lang='lat' dir='ltr'><strong>philosophetur.</strong></span> <span class='ocrx_word' id='word_1_233' title='bbox 1208 2199 1242 2255; x_wconf 79' lang='lat' dir='ltr'><strong>n</strong></span> 
     </span>
     <span class='ocr_line' id='line_1_25' title="bbox 206 2278 1242 2360; baseline 0.003 -26"><span class='ocrx_word' id='word_1_234' title='bbox 206 2278 300 2335; x_wconf 83' lang='lat' dir='ltr'><strong>trihus</strong></span> <span class='ocrx_word' id='word_1_235' title='bbox 316 2297 405 2352; x_wconf 90' lang='lat' dir='ltr'><strong>porro</strong></span> <span class='ocrx_word' id='word_1_236' title='bbox 419 2280 478 2334; x_wconf 89' lang='lat' dir='ltr'><strong>illis</strong></span> <span class='ocrx_word' id='word_1_237' title='bbox 491 2281 572 2336; x_wconf 85' lang='lat' dir='ltr'><strong>vitae</strong></span> <span class='ocrx_word' id='word_1_238' title='bbox 585 2280 763 2357; x_wconf 81' lang='lat' dir='ltr'><strong>generibus,</strong></span> <span class='ocrx_word' id='word_1_239' title='bbox 788 2280 901 2350; x_wconf 88' lang='lat' dir='ltr'><strong>otioso,</strong></span> <span class='ocrx_word' id='word_1_240' title='bbox 924 2289 1057 2353; x_wconf 85' lang='lat' dir='ltr'><strong>aetuoso,</strong></span> <span class='ocrx_word' id='word_1_241' title='bbox 1077 2292 1114 2340; x_wconf 91' lang='lat' dir='ltr'><strong>et</strong></span> <span class='ocrx_word' id='word_1_242' title='bbox 1128 2283 1207 2360; x_wconf 88' lang='lat' dir='ltr'><strong>quod</strong></span> <span class='ocrx_word' id='word_1_243' title='bbox 1217 2300 1242 2337; x_wconf 86' lang='lat' dir='ltr'><strong>er</strong></span> 
     </span>
     <span class='ocr_line' id='line_1_26' title="bbox 205 2361 1243 2438; baseline 0.004 -22"><span class='ocrx_word' id='word_1_244' title='bbox 205 2370 331 2434; x_wconf 87' lang='lat' dir='ltr'><strong>utroque</strong></span> <span class='ocrx_word' id='word_1_245' title='bbox 350 2363 542 2436; x_wconf 83' lang='lat' dir='ltr'><strong>compositum</strong></span> <span class='ocrx_word' id='word_1_246' title='bbox 560 2372 622 2434; x_wconf 90' lang='lat' dir='ltr'><strong>est,</strong></span> <span class='ocrx_word' id='word_1_247' title='bbox 649 2361 704 2419; x_wconf 90' lang='lat' dir='ltr'><strong>hoo</strong></span> <span class='ocrx_word' id='word_1_248' title='bbox 721 2363 841 2418; x_wconf 85' lang='lat' dir='ltr'><strong>tertium</strong></span> <span class='ocrx_word' id='word_1_249' title='bbox 858 2363 915 2418; x_wconf 89' lang='lat' dir='ltr'><strong>sibi</strong></span> <span class='ocrx_word' id='word_1_250' title='bbox 931 2365 1049 2438; x_wconf 88' lang='lat' dir='ltr'><strong>placere</strong></span> <span class='ocrx_word' id='word_1_251' title='bbox 1069 2375 1243 2425; x_wconf 81' lang='lat' dir='ltr'><strong>asseverant</strong></span> 
     </span>
     <span class='ocr_line' id='line_1_27' title="bbox 205 2441 1243 2521; baseline 0.006 -22"><span class='ocrx_word' id='word_1_252' title='bbox 205 2441 289 2500; x_wconf 88' lang='lat' dir='ltr'><strong>Haeo</strong></span> <span class='ocrx_word' id='word_1_253' title='bbox 301 2445 429 2500; x_wconf 82' lang='lat' dir='ltr'><strong>sensisse</strong></span> <span class='ocrx_word' id='word_1_254' title='bbox 442 2453 531 2521; x_wconf 88' lang='lat' dir='ltr'><strong>atque</strong></span> <span class='ocrx_word' id='word_1_255' title='bbox 544 2445 682 2502; x_wconf 88' lang='lat' dir='ltr'><strong>docuisse</strong></span> <span class='ocrx_word' id='word_1_256' title='bbox 694 2445 882 2502; x_wconf 77' lang='lat' dir='ltr'><strong>Academicos</strong></span> <span class='ocrx_word' id='word_1_257' title='bbox 899 2456 1030 2518; x_wconf 83' lang='lat' dir='ltr'><strong>veteres,</strong></span> <span class='ocrx_word' id='word_1_258' title='bbox 1059 2447 1164 2508; x_wconf 89' lang='lat' dir='ltr'><strong>Varro</strong></span> <span class='ocrx_word' id='word_1_259' title='bbox 1177 2469 1243 2508; x_wconf 74' lang='lat' dir='ltr'><strong>asse</strong></span> 
     </span>
     <span class='ocr_line' id='line_1_28' title="bbox 205 2527 1244 2608; baseline 0.006 -25"><span class='ocrx_word' id='word_1_260' title='bbox 205 2529 261 2600; x_wconf 92' lang='lat' dir='ltr'><strong>rit,</strong></span> <span class='ocrx_word' id='word_1_261' title='bbox 276 2537 395 2584; x_wconf 87' lang='lat' dir='ltr'><strong>anctore</strong></span> <span class='ocrx_word' id='word_1_262' title='bbox 407 2528 551 2586; x_wconf 86' lang='lat' dir='ltr'><strong>Antiocho</strong></span> <span class='ocrx_word' id='word_1_263' title='bbox 565 2531 706 2608; x_wconf 82' lang='lat' dir='ltr'><strong>magistro</strong></span> <span class='ocrx_word' id='word_1_264' title='bbox 721 2527 872 2586; x_wconf 83' lang='lat' dir='ltr'><strong>Ciceronis</strong></span> <span class='ocrx_word' id='word_1_265' title='bbox 886 2539 916 2586; x_wconf 92' lang='lat' dir='ltr'><strong>et</strong></span> <span class='ocrx_word' id='word_1_266' title='bbox 929 2547 997 2602; x_wconf 84' lang='lat' dir='ltr'><strong>suo,</strong></span> <span class='ocrx_word' id='word_1_267' title='bbox 1012 2548 1106 2606; x_wconf 88' lang='lat' dir='ltr'><strong>quem</strong></span> <span class='ocrx_word' id='word_1_268' title='bbox 1121 2553 1195 2592; x_wconf 81' lang='lat' dir='ltr'><strong>rane</strong></span> <span class='ocrx_word' id='word_1_269' title='bbox 1209 2533 1244 2591; x_wconf 85' lang='lat' dir='ltr'><strong>Ci-</strong></span> 
     </span>
     <span class='ocr_line' id='line_1_29' title="bbox 207 2611 1243 2688; baseline 0.004 -20"><span class='ocrx_word' id='word_1_270' title='bbox 207 2629 275 2668; x_wconf 88' lang='lat' dir='ltr'><strong>cero</strong></span> <span class='ocrx_word' id='word_1_271' title='bbox 294 2613 326 2668; x_wconf 93' lang='lat' dir='ltr'><strong>in</strong></span> <span class='ocrx_word' id='word_1_272' title='bbox 345 2613 476 2686; x_wconf 86' lang='lat' dir='ltr'><strong>pluribus</strong></span> <span class='ocrx_word' id='word_1_273' title='bbox 494 2612 585 2670; x_wconf 82' lang='lat' dir='ltr'><strong>fuisse</strong></span> <span class='ocrx_word' id='word_1_274' title='bbox 605 2611 757 2683; x_wconf 83' lang='lat' dir='ltr'><strong>Stoicum,</strong></span> <span class='ocrx_word' id='word_1_275' title='bbox 783 2630 869 2688; x_wconf 88' lang='lat' dir='ltr'><strong>quam</strong></span> <span class='ocrx_word' id='word_1_276' title='bbox 890 2621 1020 2670; x_wconf 88' lang='lat' dir='ltr'><strong>veterem</strong></span> <span class='ocrx_word' id='word_1_277' title='bbox 1043 2615 1243 2674; x_wconf 77' lang='lat' dir='ltr'><strong>Academicus</strong></span> 
     </span>
     <span class='ocr_line' id='line_1_30' title="bbox 206 2693 1243 2774; baseline 0.008 -23"><span class='ocrx_word' id='word_1_278' title='bbox 206 2697 271 2751; x_wconf 86' lang='lat' dir='ltr'><strong>vult</strong></span> <span class='ocrx_word' id='word_1_279' title='bbox 283 2693 387 2752; x_wconf 83' lang='lat' dir='ltr'><strong>videri.</strong></span> <span class='ocrx_word' id='word_1_280' title='bbox 416 2693 476 2752; x_wconf 87' lang='lat' dir='ltr'><strong>Sed</strong></span> <span class='ocrx_word' id='word_1_281' title='bbox 490 2696 560 2771; x_wconf 89' lang='lat' dir='ltr'><strong>quid</strong></span> <span class='ocrx_word' id='word_1_282' title='bbox 573 2696 610 2752; x_wconf 89' lang='lat' dir='ltr'><strong>ad</strong></span> <span class='ocrx_word' id='word_1_283' title='bbox 623 2715 688 2766; x_wconf 84' lang='lat' dir='ltr'><strong>nos,</strong></span> <span class='ocrx_word' id='word_1_284' title='bbox 704 2696 755 2770; x_wconf 91' lang='lat' dir='ltr'><strong>qui</strong></span> <span class='ocrx_word' id='word_1_285' title='bbox 768 2697 866 2769; x_wconf 84' lang='lat' dir='ltr'><strong>potius</strong></span> <span class='ocrx_word' id='word_1_286' title='bbox 882 2695 919 2752; x_wconf 92' lang='lat' dir='ltr'><strong>de</strong></span> <span class='ocrx_word' id='word_1_287' title='bbox 931 2697 1017 2753; x_wconf 85' lang='lat' dir='ltr'><strong>rebus</strong></span> <span class='ocrx_word' id='word_1_288' title='bbox 1031 2699 1110 2774; x_wconf 85' lang='lat' dir='ltr'><strong>ipsis</strong></span> <span class='ocrx_word' id='word_1_289' title='bbox 1126 2702 1243 2758; x_wconf 70' lang='lat' dir='ltr'><strong>iudicor</strong></span> 
     </span>
     <span class='ocr_line' id='line_1_31' title="bbox 208 2777 1243 2858; baseline 0.01 -25"><span class='ocrx_word' id='word_1_290' title='bbox 208 2777 360 2849; x_wconf 84' lang='lat' dir='ltr'><strong>dehemus,</strong></span> <span class='ocrx_word' id='word_1_291' title='bbox 385 2797 536 2853; x_wconf 87' lang='lat' dir='ltr'><strong>quampro</strong></span> <span class='ocrx_word' id='word_1_292' title='bbox 552 2797 658 2857; x_wconf 84' lang='lat' dir='ltr'><strong>magno</strong></span> <span class='ocrx_word' id='word_1_293' title='bbox 673 2779 708 2835; x_wconf 93' lang='lat' dir='ltr'><strong>de</strong></span> <span class='ocrx_word' id='word_1_294' title='bbox 722 2777 887 2836; x_wconf 86' lang='lat' dir='ltr'><strong>horninibus</strong></span> <span class='ocrx_word' id='word_1_295' title='bbox 902 2778 971 2857; x_wconf 89' lang='lat' dir='ltr'><strong>quid</strong></span> <span class='ocrx_word' id='word_1_296' title='bbox 985 2783 1115 2858; x_wconf 87' lang='lat' dir='ltr'><strong>quisque</strong></span> <span class='ocrx_word' id='word_1_297' title='bbox 1130 2785 1243 2842; x_wconf 74' lang='lat' dir='ltr'><strong>senserit</strong></span> 
     </span>
     <span class='ocr_line' id='line_1_32' title="bbox 207 2857 301 2919; baseline -0.021 -3"><span class='ocrx_word' id='word_1_298' title='bbox 207 2857 301 2919; x_wconf 70' lang='lat' dir='ltr'><strong>sciret</strong></span> 
     </span>
    </p>

    <p class='ocr_par' dir='ltr' id='par_1_4' title="bbox 579 2946 846 3016">
     <span class='ocr_line' id='line_1_33' title="bbox 579 2946 846 3016; baseline 0 -12"><span class='ocrx_word' id='word_1_299' title='bbox 579 3012 581 3016; x_wconf 12' lang='lat' dir='ltr'>y</span> <span class='ocrx_word' id='word_1_300' title='bbox 618 2946 640 3004; x_wconf 86' lang='lat' dir='ltr'>C</span> <span class='ocrx_word' id='word_1_301' title='bbox 663 2949 688 3004; x_wconf 90' lang='lat' dir='ltr'><strong>A</strong></span> <span class='ocrx_word' id='word_1_302' title='bbox 709 2947 741 3004; x_wconf 89' lang='lat' dir='ltr'><strong>P.</strong></span> <span class='ocrx_word' id='word_1_303' title='bbox 784 2947 846 3005; x_wconf 93' lang='lat' dir='ltr'><strong>IV.</strong></span> 
     </span>
    </p>
   </div>
   <div class='ocr_carea' id='block_1_3' title="bbox 203 3035 1244 3952">
    <p class='ocr_par' dir='ltr' id='par_1_5' title="bbox 205 3035 1244 3177">
     <span class='ocr_line' id='line_1_34' title="bbox 205 3035 1244 3120; baseline 0.015 -33"><span class='ocrx_word' id='word_1_304' title='bbox 205 3035 249 3088; x_wconf 86' lang='lat' dir='ltr'><strong>De</strong></span> <span class='ocrx_word' id='word_1_305' title='bbox 259 3052 359 3088; x_wconf 73' lang='lat' dir='ltr'><strong>summo</strong></span> <span class='ocrx_word' id='word_1_306' title='bbox 370 3037 435 3090; x_wconf 80' lang='lat' dir='ltr'><strong>hooc</strong></span> <span class='ocrx_word' id='word_1_307' title='bbox 446 3046 473 3090; x_wconf 85' lang='lat' dir='ltr'><strong>et</strong></span> <span class='ocrx_word' id='word_1_308' title='bbox 483 3053 583 3091; x_wconf 76' lang='lat' dir='ltr'><strong>tammo</strong></span> <span class='ocrx_word' id='word_1_309' title='bbox 593 3045 664 3096; x_wconf 88' lang='lat' dir='ltr'><strong>malo</strong></span> <span class='ocrx_word' id='word_1_310' title='bbox 675 3045 742 3112; x_wconf 79' lang='lat' dir='ltr'><strong>quid</strong></span> <span class='ocrx_word' id='word_1_311' title='bbox 752 3043 907 3099; x_wconf 70' lang='lat' dir='ltr'><strong>Christiani</strong></span> <span class='ocrx_word' id='word_1_312' title='bbox 920 3047 1044 3101; x_wconf 74' lang='grc' dir='ltr'>ιιιιιίαιιι</span> <span class='ocrx_word' id='word_1_313' title='bbox 1054 3058 1160 3104; x_wconf 72' lang='lat' dir='ltr'><strong>contre</strong></span> <span class='ocrx_word' id='word_1_314' title='bbox 1172 3050 1244 3120; x_wconf 68' lang='lat' dir='ltr'><strong>phile</strong></span> 
     </span>
     <span class='ocr_line' id='line_1_35' title="bbox 347 3106 1111 3177; baseline 0.017 -20"><span class='ocrx_word' id='word_1_315' title='bbox 347 3106 451 3175; x_wconf 75' lang='lat' dir='ltr'><strong>tophos,</strong></span> <span class='ocrx_word' id='word_1_316' title='bbox 462 3108 509 3177; x_wconf 78' lang='lat' dir='ltr'><strong>qui</strong></span> <span class='ocrx_word' id='word_1_317' title='bbox 518 3124 648 3164; x_wconf 79' lang='lat' dir='ltr'><strong>summum</strong></span> <span class='ocrx_word' id='word_1_318' title='bbox 659 3113 755 3168; x_wconf 79' lang='lat' dir='ltr'><strong>honum</strong></span> <span class='ocrx_word' id='word_1_319' title='bbox 763 3114 794 3170; x_wconf 82' lang='grc' dir='ltr'><strong>ιἰι</strong></span> <span class='ocrx_word' id='word_1_320' title='bbox 803 3131 831 3168; x_wconf 80' lang='lat' dir='ltr'><strong>re</strong></span> <span class='ocrx_word' id='word_1_321' title='bbox 840 3115 892 3168; x_wconf 76' lang='lat' dir='ltr'><strong>tihi</strong></span> <span class='ocrx_word' id='word_1_322' title='bbox 902 3133 957 3168; x_wconf 77' lang='lat' dir='ltr'><strong>eoae</strong></span> <span class='ocrx_word' id='word_1_323' title='bbox 968 3117 1111 3172; x_wconf 78' lang='lat' dir='ltr'><strong>dixerunt.</strong></span> 
     </span>
    </p>

    <p class='ocr_par' dir='ltr' id='par_1_6' title="bbox 203 3193 1244 3952">
     <span class='ocr_line' id='line_1_36' title="bbox 270 3193 1243 3288; baseline 0.017 -36"><span class='ocrx_word' id='word_1_324' title='bbox 270 3193 304 3252; x_wconf 86' lang='lat' dir='ltr'><strong>Si</strong></span> <span class='ocrx_word' id='word_1_325' title='bbox 318 3214 389 3276; x_wconf 82' lang='lat' dir='ltr'><strong>ergo</strong></span> <span class='ocrx_word' id='word_1_326' title='bbox 403 3207 560 3273; x_wconf 87' lang='lat' dir='ltr'><strong>quaeratur</strong></span> <span class='ocrx_word' id='word_1_327' title='bbox 574 3202 706 3276; x_wconf 87' lang='lat' dir='ltr'><strong>anobis,</strong></span> <span class='ocrx_word' id='word_1_328' title='bbox 731 3205 801 3281; x_wconf 86' lang='lat' dir='ltr'><strong>quid</strong></span> <span class='ocrx_word' id='word_1_329' title='bbox 814 3204 925 3264; x_wconf 80' lang='lat' dir='ltr'><strong>Civitas</strong></span> <span class='ocrx_word' id='word_1_330' title='bbox 939 3205 997 3263; x_wconf 85' lang='lat' dir='ltr'><strong>Dei</strong></span> <span class='ocrx_word' id='word_1_331' title='bbox 1011 3206 1047 3264; x_wconf 90' lang='lat' dir='ltr'><strong>do</strong></span> <span class='ocrx_word' id='word_1_332' title='bbox 1061 3207 1112 3266; x_wconf 87' lang='lat' dir='ltr'><strong>his</strong></span> <span class='ocrx_word' id='word_1_333' title='bbox 1126 3209 1243 3288; x_wconf 71' lang='lat' dir='ltr'><strong>singulis</strong></span> 
     </span>
     <span class='ocr_line' id='line_1_37' title="bbox 204 3282 1243 3361; baseline 0.012 -25"><span class='ocrx_word' id='word_1_334' title='bbox 204 3282 389 3359; x_wconf 82' lang='lat' dir='ltr'><strong>interrogata</strong></span> <span class='ocrx_word' id='word_1_335' title='bbox 402 3282 595 3357; x_wconf 85' lang='lat' dir='ltr'><strong>respondeat,</strong></span> <span class='ocrx_word' id='word_1_336' title='bbox 619 3305 654 3342; x_wconf 87' lang='lat' dir='ltr'><strong>ae</strong></span> <span class='ocrx_word' id='word_1_337' title='bbox 671 3289 798 3361; x_wconf 89' lang='lat' dir='ltr'><strong>primum</strong></span> <span class='ocrx_word' id='word_1_338' title='bbox 815 3288 851 3346; x_wconf 91' lang='lat' dir='ltr'><strong>dc</strong></span> <span class='ocrx_word' id='word_1_339' title='bbox 868 3289 975 3347; x_wconf 87' lang='lat' dir='ltr'><strong>linibus</strong></span> <span class='ocrx_word' id='word_1_340' title='bbox 993 3289 1146 3350; x_wconf 85' lang='lat' dir='ltr'><strong>honorum</strong></span> <span class='ocrx_word' id='word_1_341' title='bbox 1163 3294 1243 3349; x_wconf 77' lang='lat' dir='ltr'><strong>malo</strong></span> 
     </span>
     <span class='ocr_line' id='line_1_38' title="bbox 205 3365 1243 3445; baseline 0.011 -24"><span class='ocrx_word' id='word_1_342' title='bbox 205 3383 330 3440; x_wconf 87' lang='lat' dir='ltr'><strong>rumque</strong></span> <span class='ocrx_word' id='word_1_343' title='bbox 339 3365 408 3440; x_wconf 90' lang='lat' dir='ltr'><strong>quid</strong></span> <span class='ocrx_word' id='word_1_344' title='bbox 419 3368 539 3440; x_wconf 83' lang='lat' dir='ltr'><strong>sentiat,</strong></span> <span class='ocrx_word' id='word_1_345' title='bbox 552 3370 742 3445; x_wconf 87' lang='lat' dir='ltr'><strong>respondebit</strong></span> <span class='ocrx_word' id='word_1_346' title='bbox 754 3381 906 3431; x_wconf 88' lang='lat' dir='ltr'><strong>aeternam</strong></span> <span class='ocrx_word' id='word_1_347' title='bbox 917 3374 1009 3430; x_wconf 85' lang='lat' dir='ltr'><strong>vitam</strong></span> <span class='ocrx_word' id='word_1_348' title='bbox 1022 3393 1090 3431; x_wconf 80' lang='lat' dir='ltr'><strong>esre</strong></span> <span class='ocrx_word' id='word_1_349' title='bbox 1104 3393 1243 3434; x_wconf 85' lang='grc' dir='ltr'>ιιιιιιιιιιιιι</span> 
     </span>
     <span class='ocr_line' id='line_1_39' title="bbox 205 3447 1243 3534; baseline 0.009 -29"><span class='ocrx_word' id='word_1_350' title='bbox 205 3447 324 3520; x_wconf 87' lang='lat' dir='ltr'><strong>honum,</strong></span> <span class='ocrx_word' id='word_1_351' title='bbox 343 3459 492 3507; x_wconf 86' lang='lat' dir='ltr'><strong>aeternam</strong></span> <span class='ocrx_word' id='word_1_352' title='bbox 506 3469 575 3508; x_wconf 90' lang='lat' dir='ltr'><strong>rcro</strong></span> <span class='ocrx_word' id='word_1_353' title='bbox 589 3463 713 3512; x_wconf 87' lang='lat' dir='ltr'><strong>mortem</strong></span> <span class='ocrx_word' id='word_1_354' title='bbox 725 3473 871 3514; x_wconf 82' lang='lat' dir='ltr'><strong>summurn</strong></span> <span class='ocrx_word' id='word_1_355' title='bbox 882 3459 1005 3514; x_wconf 86' lang='lat' dir='ltr'><strong>malum:</strong></span> <span class='ocrx_word' id='word_1_356' title='bbox 1031 3469 1162 3534; x_wconf 90' lang='lat' dir='ltr'><strong>propter</strong></span> <span class='ocrx_word' id='word_1_357' title='bbox 1176 3462 1243 3516; x_wconf 83' lang='lat' dir='ltr'><strong>illu</strong></span> 
     </span>
     <span class='ocr_line' id='line_1_40' title="bbox 203 3530 1243 3613; baseline 0.009 -25"><span class='ocrx_word' id='word_1_358' title='bbox 203 3530 328 3606; x_wconf 91' lang='lat' dir='ltr'><strong>proinde</strong></span> <span class='ocrx_word' id='word_1_359' title='bbox 335 3531 562 3607; x_wconf 85' lang='lat' dir='ltr'><strong>adipiscendam,</strong></span> <span class='ocrx_word' id='word_1_360' title='bbox 570 3537 879 3613; x_wconf 86' lang='lat' dir='ltr'><strong>istamquevitondam,</strong></span> <span class='ocrx_word' id='word_1_361' title='bbox 888 3549 969 3597; x_wconf 88' lang='lat' dir='ltr'><strong>recte</strong></span> <span class='ocrx_word' id='word_1_362' title='bbox 977 3540 1063 3598; x_wconf 86' lang='lat' dir='ltr'><strong>nohis</strong></span> <span class='ocrx_word' id='word_1_363' title='bbox 1069 3559 1141 3601; x_wconf 81' lang='lat' dir='ltr'><strong>esse</strong></span> <span class='ocrx_word' id='word_1_364' title='bbox 1149 3545 1243 3602; x_wconf 75' lang='lat' dir='ltr'><strong>river·</strong></span> 
     </span>
     <span class='ocr_line' id='line_1_41' title="bbox 204 3614 1243 3696; baseline 0.013 -27"><span class='ocrx_word' id='word_1_365' title='bbox 204 3614 281 3670; x_wconf 88' lang='lat' dir='ltr'><strong>dum.</strong></span> <span class='ocrx_word' id='word_1_366' title='bbox 298 3615 424 3690; x_wconf 88' lang='lat' dir='ltr'><strong>Propter</strong></span> <span class='ocrx_word' id='word_1_367' title='bbox 438 3617 857 3694; x_wconf 78' lang='lat' dir='ltr'><strong>quodscriptumeot21uotus</strong></span> <span class='ocrx_word' id='word_1_368' title='bbox 871 3622 980 3696; x_wconf 65' lang='lat' dir='ltr'><strong>enfide</strong></span> <span class='ocrx_word' id='word_1_369' title='bbox 991 3625 1077 3682; x_wconf 82' lang='lat' dir='ltr'><strong>civit.</strong></span> <span class='ocrx_word' id='word_1_370' title='bbox 1103 3627 1243 3694; x_wconf 76' lang='lat' dir='ltr'><strong>Quonim</strong></span> 
     </span>
     <span class='ocr_line' id='line_1_42' title="bbox 204 3698 1244 3781; baseline 0.011 -32"><span class='ocrx_word' id='word_1_371' title='bbox 204 3713 299 3769; x_wconf 86' lang='lat' dir='ltr'><strong>neque</strong></span> <span class='ocrx_word' id='word_1_372' title='bbox 312 3698 423 3754; x_wconf 86' lang='lat' dir='ltr'><strong>bonurn</strong></span> <span class='ocrx_word' id='word_1_373' title='bbox 436 3711 571 3758; x_wconf 86' lang='lat' dir='ltr'><strong>nostrum</strong></span> <span class='ocrx_word' id='word_1_374' title='bbox 583 3705 643 3760; x_wconf 87' lang='lat' dir='ltr'><strong>ianr</strong></span> <span class='ocrx_word' id='word_1_375' title='bbox 654 3703 805 3777; x_wconf 82' lang='lat' dir='ltr'><strong>videmus,</strong></span> <span class='ocrx_word' id='word_1_376' title='bbox 832 3707 911 3764; x_wconf 90' lang='lat' dir='ltr'><strong>unde</strong></span> <span class='ocrx_word' id='word_1_377' title='bbox 924 3715 1040 3781; x_wconf 92' lang='lat' dir='ltr'><strong>oportet</strong></span> <span class='ocrx_word' id='word_1_378' title='bbox 1053 3718 1087 3765; x_wconf 87' lang='lat' dir='ltr'><strong>nt</strong></span> <span class='ocrx_word' id='word_1_379' title='bbox 1103 3706 1244 3767; x_wconf 86' lang='lat' dir='ltr'><strong>credendo</strong></span> 
     </span>
     <span class='ocr_line' id='line_1_43' title="bbox 206 3785 1244 3862; baseline 0.019 -33"><span class='ocrx_word' id='word_1_380' title='bbox 206 3793 393 3850; x_wconf 84' lang='lat' dir='ltr'><strong>quaeramus3</strong></span> <span class='ocrx_word' id='word_1_381' title='bbox 419 3801 515 3859; x_wconf 88' lang='lat' dir='ltr'><strong>neque</strong></span> <span class='ocrx_word' id='word_1_382' title='bbox 527 3785 623 3858; x_wconf 86' lang='lat' dir='ltr'><strong>ipsum</strong></span> <span class='ocrx_word' id='word_1_383' title='bbox 636 3795 716 3844; x_wconf 88' lang='lat' dir='ltr'><strong>recte</strong></span> <span class='ocrx_word' id='word_1_384' title='bbox 729 3790 831 3846; x_wconf 82' lang='lat' dir='ltr'><strong>vivere</strong></span> <span class='ocrx_word' id='word_1_385' title='bbox 845 3790 930 3846; x_wconf 85' lang='lat' dir='ltr'><strong>nohis</strong></span> <span class='ocrx_word' id='word_1_386' title='bbox 946 3808 983 3846; x_wconf 87' lang='lat' dir='ltr'><strong>ex</strong></span> <span class='ocrx_word' id='word_1_387' title='bbox 999 3789 1084 3846; x_wconf 80' lang='lat' dir='ltr'><strong>nohis</strong></span> <span class='ocrx_word' id='word_1_388' title='bbox 1107 3802 1172 3862; x_wconf 83' lang='lat' dir='ltr'><strong>eat,</strong></span> <span class='ocrx_word' id='word_1_389' title='bbox 1194 3788 1244 3848; x_wconf 76' lang='lat' dir='ltr'><strong>niti</strong></span> 
     </span>
     <span class='ocr_line' id='line_1_44' title="bbox 205 3857 1242 3952; baseline 0.021 -42"><span class='ocrx_word' id='word_1_390' title='bbox 205 3857 357 3914; x_wconf 81' lang='lat' dir='ltr'><strong>credentes</strong></span> <span class='ocrx_word' id='word_1_391' title='bbox 372 3860 489 3922; x_wconf 82' lang='lat' dir='ltr'><strong>adiuvet</strong></span> <span class='ocrx_word' id='word_1_392' title='bbox 503 3876 533 3922; x_wconf 89' lang='lat' dir='ltr'><strong>et</strong></span> <span class='ocrx_word' id='word_1_393' title='bbox 544 3879 674 3944; x_wconf 87' lang='lat' dir='ltr'><strong>orontes,</strong></span> <span class='ocrx_word' id='word_1_394' title='bbox 689 3873 739 3946; x_wconf 79' lang='lat' dir='ltr'><strong>qui</strong></span> <span class='ocrx_word' id='word_1_395' title='bbox 751 3880 781 3928; x_wconf 91' lang='lat' dir='ltr'><strong>et</strong></span> <span class='ocrx_word' id='word_1_396' title='bbox 793 3875 887 3950; x_wconf 87' lang='lat' dir='ltr'><strong>ipsam</strong></span> <span class='ocrx_word' id='word_1_397' title='bbox 899 3873 986 3930; x_wconf 86' lang='lat' dir='ltr'><strong>fidem</strong></span> <span class='ocrx_word' id='word_1_398' title='bbox 1001 3872 1097 3947; x_wconf 88' lang='lat' dir='ltr'><strong>dedit,</strong></span> <span class='ocrx_word' id='word_1_399' title='bbox 1122 3892 1182 3952; x_wconf 80' lang='lat' dir='ltr'><strong>qua</strong></span> <span class='ocrx_word' id='word_1_400' title='bbox 1196 3885 1242 3930; x_wconf 67' lang='lat' dir='ltr'><strong>nm</strong></span> 
     </span>
    </p>
   </div>
   <div class='ocr_carea' id='block_1_4' title="bbox 0 0 1272 4392">
    <p class='ocr_par' dir='ltr' id='par_1_7' title="bbox 0 0 1272 4392">
     <span class='ocr_line' id='line_1_45' title="bbox 0 0 1272 4392; baseline 0 0"><span class='ocrx_word' id='word_1_401' title='bbox 0 0 1272 4392; x_wconf 95' lang='lat' dir='ltr'><strong> </strong></span> 
     </span>
    </p>
   </div>
  </div>
 </body>
</html>
