<?xml version="1.0" encoding="UTF-8"?>
<!DOCTYPE html PUBLIC "-//W3C//DTD XHTML 1.0 Transitional//EN"
    "http://www.w3.org/TR/xhtml1/DTD/xhtml1-transitional.dtd">
<html xmlns="http://www.w3.org/1999/xhtml" xml:lang="en" lang="en">
 <head>
  <title>
</title>
<meta http-equiv="Content-Type" content="text/html;charset=utf-8" />
  <meta name='ocr-system' content='tesseract 3.04.00' />
  <meta name='ocr-capabilities' content='ocr_page ocr_carea ocr_par ocr_line ocrx_word'/>
</head>
<body>
  <div class='ocr_page' id='page_1' title='image "./saureliiaugusti02augugoog_0825.png"; bbox 0 0 2510 4404; ppageno 0'>
   <div class='ocr_carea' id='block_1_1' title="bbox 189 165 994 238">
    <p class='ocr_par' dir='ltr' id='par_1_1' title="bbox 189 165 994 238">
     <span class='ocr_line' id='line_1_1' title="bbox 189 165 994 238; baseline -0.019 0"><span class='ocrx_word' id='word_1_1' title='bbox 189 183 246 238; x_wconf 73' lang='lat'><strong>4⁰8</strong></span> <span class='ocrx_word' id='word_1_2' title='bbox 411 172 513 232; x_wconf 89' lang='lat' dir='ltr'><strong>DlVl</strong></span> <span class='ocrx_word' id='word_1_3' title='bbox 534 167 722 229; x_wconf 81' lang='lat' dir='ltr'><strong>AVRELll</strong></span> <span class='ocrx_word' id='word_1_4' title='bbox 743 165 994 226; x_wconf 81' lang='lat' dir='ltr'><strong>AVGVSTlNl</strong></span> 
     </span>
    </p>
   </div>
   <div class='ocr_carea' id='block_1_2' title="bbox 184 321 1218 734">
    <p class='ocr_par' dir='ltr' id='par_1_2' title="bbox 184 321 1218 734">
     <span class='ocr_line' id='line_1_2' title="bbox 185 321 1206 407; baseline -0.016 -18"><span class='ocrx_word' id='word_1_5' title='bbox 185 349 326 407; x_wconf 89' lang='lat' dir='ltr'><strong>nusquam</strong></span> <span class='ocrx_word' id='word_1_6' title='bbox 339 337 369 385; x_wconf 92' lang='lat' dir='ltr'><strong>et</strong></span> <span class='ocrx_word' id='word_1_7' title='bbox 381 344 528 402; x_wconf 87' lang='lat' dir='ltr'><strong>nunquam</strong></span> <span class='ocrx_word' id='word_1_8' title='bbox 543 331 651 395; x_wconf 86' lang='lat' dir='ltr'><strong>essent,</strong></span> <span class='ocrx_word' id='word_1_9' title='bbox 664 324 690 378; x_wconf 88' lang='lat' dir='ltr'><strong>si</strong></span> <span class='ocrx_word' id='word_1_10' title='bbox 704 330 809 378; x_wconf 88' lang='lat' dir='ltr'><strong>natura</strong></span> <span class='ocrx_word' id='word_1_11' title='bbox 822 329 935 392; x_wconf 87' lang='lat' dir='ltr'><strong>nostra,</strong></span> <span class='ocrx_word' id='word_1_12' title='bbox 948 321 1028 376; x_wconf 90' lang='lat' dir='ltr'><strong>sicut</strong></span> <span class='ocrx_word' id='word_1_13' title='bbox 1042 328 1131 376; x_wconf 85' lang='lat' dir='ltr'><strong>recta</strong></span> <span class='ocrx_word' id='word_1_14' title='bbox 1146 338 1206 374; x_wconf 78' lang='lat' dir='ltr'><strong>eree</strong></span> 
     </span>
     <span class='ocr_line' id='line_1_3' title="bbox 184 401 1208 488; baseline -0.014 -17"><span class='ocrx_word' id='word_1_15' title='bbox 184 427 216 472; x_wconf 90' lang='lat' dir='ltr'><strong>ta</strong></span> <span class='ocrx_word' id='word_1_16' title='bbox 230 424 285 485; x_wconf 88' lang='lat' dir='ltr'><strong>est,</strong></span> <span class='ocrx_word' id='word_1_17' title='bbox 298 419 493 488; x_wconf 80' lang='lat' dir='ltr'><strong>permaneret.</strong></span> <span class='ocrx_word' id='word_1_18' title='bbox 519 411 560 466; x_wconf 87' lang='lat' dir='ltr'><strong>Ac</strong></span> <span class='ocrx_word' id='word_1_19' title='bbox 573 425 626 482; x_wconf 93' lang='lat' dir='ltr'><strong>per</strong></span> <span class='ocrx_word' id='word_1_20' title='bbox 638 403 693 462; x_wconf 93' lang='lat' dir='ltr'><strong>hoc</strong></span> <span class='ocrx_word' id='word_1_21' title='bbox 706 406 793 461; x_wconf 89' lang='lat' dir='ltr'><strong>etiam</strong></span> <span class='ocrx_word' id='word_1_22' title='bbox 805 412 906 460; x_wconf 88' lang='lat' dir='ltr'><strong>noster</strong></span> <span class='ocrx_word' id='word_1_23' title='bbox 920 404 976 458; x_wconf 87' lang='lat' dir='ltr'><strong>iste</strong></span> <span class='ocrx_word' id='word_1_24' title='bbox 990 401 1171 473; x_wconf 80' lang='lat' dir='ltr'><strong>conflictus,</strong></span> <span class='ocrx_word' id='word_1_25' title='bbox 1192 407 1208 457; x_wconf 88' lang='lat' dir='ltr'><strong>ir</strong></span> 
     </span>
     <span class='ocr_line' id='line_1_4' title="bbox 187 487 1218 574; baseline -0.013 -20"><span class='ocrx_word' id='word_1_26' title='bbox 187 517 245 574; x_wconf 91' lang='lat' dir='ltr'><strong>quo</strong></span> <span class='ocrx_word' id='word_1_27' title='bbox 259 497 470 572; x_wconf 72' lang='lat' dir='ltr'><strong>periclitamur,</strong></span> <span class='ocrx_word' id='word_1_28' title='bbox 495 492 573 549; x_wconf 90' lang='lat' dir='ltr'><strong>etde</strong></span> <span class='ocrx_word' id='word_1_29' title='bbox 587 507 644 565; x_wconf 93' lang='lat' dir='ltr'><strong>quo</strong></span> <span class='ocrx_word' id='word_1_30' title='bbox 658 507 711 545; x_wconf 87' lang='lat' dir='ltr'><strong>nos</strong></span> <span class='ocrx_word' id='word_1_31' title='bbox 724 487 849 545; x_wconf 88' lang='lat' dir='ltr'><strong>victoria</strong></span> <span class='ocrx_word' id='word_1_32' title='bbox 861 488 1025 544; x_wconf 82' lang='lat' dir='ltr'><strong>novissima</strong></span> <span class='ocrx_word' id='word_1_33' title='bbox 1039 489 1177 562; x_wconf 89' lang='lat' dir='ltr'><strong>cupimus</strong></span> <span class='ocrx_word' id='word_1_34' title='bbox 1189 489 1218 541; x_wconf 70' lang='lat' dir='ltr'><strong>li&#39;</strong></span> 
     </span>
     <span class='ocr_line' id='line_1_5' title="bbox 186 574 1213 652; baseline -0.013 -14"><span class='ocrx_word' id='word_1_35' title='bbox 186 582 295 652; x_wconf 89' lang='lat' dir='ltr'><strong>berari,</strong></span> <span class='ocrx_word' id='word_1_36' title='bbox 308 578 434 636; x_wconf 83' lang='lat' dir='ltr'><strong>advitae</strong></span> <span class='ocrx_word' id='word_1_37' title='bbox 447 575 531 632; x_wconf 87' lang='lat' dir='ltr'><strong>huius</strong></span> <span class='ocrx_word' id='word_1_38' title='bbox 545 575 620 631; x_wconf 88' lang='lat' dir='ltr'><strong>mala</strong></span> <span class='ocrx_word' id='word_1_39' title='bbox 632 574 777 648; x_wconf 78' lang='lat' dir='ltr'>pertinet,</span> <span class='ocrx_word' id='word_1_40' title='bbox 801 589 886 646; x_wconf 91' lang='lat' dir='ltr'><strong>quam</strong></span> <span class='ocrx_word' id='word_1_41' title='bbox 898 579 944 626; x_wconf 91' lang='lat' dir='ltr'><strong>tot</strong></span> <span class='ocrx_word' id='word_1_42' title='bbox 956 579 1172 647; x_wconf 89' lang='lat' dir='ltr'><strong>tantorumque</strong></span> <span class='ocrx_word' id='word_1_43' title='bbox 1184 581 1213 626; x_wconf 77' lang='lat' dir='ltr'><strong>ta·</strong></span> 
     </span>
     <span class='ocr_line' id='line_1_6' title="bbox 187 653 1144 734; baseline -0.013 -12"><span class='ocrx_word' id='word_1_44' title='bbox 187 665 324 722; x_wconf 87' lang='lat' dir='ltr'><strong>stimonio</strong></span> <span class='ocrx_word' id='word_1_45' title='bbox 338 663 478 719; x_wconf 88' lang='lat' dir='ltr'><strong>malorum</strong></span> <span class='ocrx_word' id='word_1_46' title='bbox 490 660 644 734; x_wconf 76' lang='lat' dir='ltr'><strong>probamus</strong></span> <span class='ocrx_word' id='word_1_47' title='bbox 658 653 866 733; x_wconf 83' lang='lat' dir='ltr'><strong>[probavimus]</strong></span> <span class='ocrx_word' id='word_1_48' title='bbox 882 673 947 711; x_wconf 86' lang='lat' dir='ltr'><strong>esse</strong></span> <span class='ocrx_word' id='word_1_49' title='bbox 961 654 1144 712; x_wconf 79' lang='lat' dir='ltr'><strong>damnatam.</strong></span> 
     </span>
    </p>
   </div>
   <div class='ocr_carea' id='block_1_3' title="bbox 545 820 858 884">
    <p class='ocr_par' dir='ltr' id='par_1_3' title="bbox 545 820 858 884">
     <span class='ocr_line' id='line_1_7' title="bbox 545 820 858 884; baseline -0.019 0"><span class='ocrx_word' id='word_1_50' title='bbox 545 825 657 884; x_wconf 82' lang='lat' dir='ltr'><strong>CA&#39;P</strong></span> <span class='ocrx_word' id='word_1_51' title='bbox 709 820 858 880; x_wconf 85' lang='lat' dir='ltr'><strong>XXIV.</strong></span> 
     </span>
    </p>
   </div>
   <div class='ocr_carea' id='block_1_4' title="bbox 133 918 1239 3502">
    <p class='ocr_par' dir='ltr' id='par_1_4' title="bbox 189 918 1220 1058">
     <span class='ocr_line' id='line_1_8' title="bbox 189 918 1220 1042; baseline -0.009 -62"><span class='ocrx_word' id='word_1_52' title='bbox 189 926 230 981; x_wconf 82' lang='lat' dir='ltr'><strong>Dc</strong></span> <span class='ocrx_word' id='word_1_53' title='bbox 240 926 312 979; x_wconf 81' lang='lat' dir='ltr'><strong>bonis</strong></span> <span class='ocrx_word' id='word_1_54' title='bbox 322 925 415 994; x_wconf 82' lang='lat' dir='ltr'><strong>quibus</strong></span> <span class='ocrx_word' id='word_1_55' title='bbox 426 924 506 976; x_wconf 86' lang='lat' dir='ltr'><strong>etiam</strong></span> <span class='ocrx_word' id='word_1_56' title='bbox 517 922 585 975; x_wconf 85' lang='lat' dir='ltr'><strong>banc</strong></span> <span class='ocrx_word' id='word_1_57' title='bbox 598 922 685 1042; x_wconf 68' lang='lat' dir='ltr'><strong>citroq</strong></span> <span class='ocrx_word' id='word_1_58' title='bbox 699 919 865 1002; x_wconf 73' lang='lat' dir='ltr'><strong>damnationi</strong></span> <span class='ocrx_word' id='word_1_59' title='bbox 884 918 1027 973; x_wconf 82' lang='lat' dir='ltr'><strong>obnoxiam</strong></span> <span class='ocrx_word' id='word_1_60' title='bbox 1045 918 1168 974; x_wconf 79' lang='lat' dir='ltr'><strong>Creator</strong></span> <span class='ocrx_word' id='word_1_61' title='bbox 1181 920 1220 971; x_wconf 79' lang='lat' dir='ltr'><strong>iar·</strong></span> 
     </span>
     <span class='ocr_line' id='line_1_9' title="bbox 653 999 747 1058; baseline -0.011 -16"><span class='ocrx_word' id='word_1_62' title='bbox 653 1007 673 1058; x_wconf 84' lang='lat' dir='ltr'><strong>p</strong></span> <span class='ocrx_word' id='word_1_63' title='bbox 685 999 747 1042; x_wconf 76' lang='lat' dir='ltr'><strong>etat.</strong></span> 
     </span>
    </p>

    <p class='ocr_par' dir='ltr' id='par_1_5' title="bbox 253 1078 1234 1164">
     <span class='ocr_line' id='line_1_10' title="bbox 253 1078 1234 1164; baseline -0.008 -22"><span class='ocrx_word' id='word_1_64' title='bbox 253 1085 314 1142; x_wconf 90' lang='lat' dir='ltr'><strong>lam</strong></span> <span class='ocrx_word' id='word_1_65' title='bbox 327 1103 406 1141; x_wconf 91' lang='lat' dir='ltr'><strong>nunc</strong></span> <span class='ocrx_word' id='word_1_66' title='bbox 420 1081 661 1140; x_wconf 90' lang='lat' dir='ltr'><strong>considerandum</strong></span> <span class='ocrx_word' id='word_1_67' title='bbox 675 1090 730 1152; x_wconf 85' lang='lat' dir='ltr'><strong>ert,</strong></span> <span class='ocrx_word' id='word_1_68' title='bbox 749 1078 823 1135; x_wconf 89' lang='lat' dir='ltr'><strong>hanc</strong></span> <span class='ocrx_word' id='word_1_69' title='bbox 835 1080 927 1154; x_wconf 83' lang='lat' dir='ltr'><strong>ipsam</strong></span> <span class='ocrx_word' id='word_1_70' title='bbox 939 1080 1092 1136; x_wconf 89' lang='lat' dir='ltr'><strong>miseriam</strong></span> <span class='ocrx_word' id='word_1_71' title='bbox 1107 1081 1218 1158; x_wconf 82' lang='lat' dir='ltr'><strong>generis</strong></span> <span class='ocrx_word' id='word_1_72' title='bbox 1232 1089 1234 1164; x_wconf 60' lang='lat' dir='ltr'><strong>p</strong></span> 
     </span>
    </p>

    <p class='ocr_par' dir='ltr' id='par_1_6' title="bbox 133 1157 1239 3144">
     <span class='ocr_line' id='line_1_11' title="bbox 190 1157 1235 1243; baseline -0.009 -16"><span class='ocrx_word' id='word_1_73' title='bbox 190 1170 320 1240; x_wconf 86' lang='lat' dir='ltr'><strong>humani,</strong></span> <span class='ocrx_word' id='word_1_74' title='bbox 339 1170 371 1224; x_wconf 86' lang='lat' dir='ltr'><strong>in</strong></span> <span class='ocrx_word' id='word_1_75' title='bbox 389 1186 447 1243; x_wconf 89' lang='lat' dir='ltr'><strong>qua</strong></span> <span class='ocrx_word' id='word_1_76' title='bbox 464 1157 598 1223; x_wconf 69' lang='lat' dir='ltr'><strong>laudbtur</strong></span> <span class='ocrx_word' id='word_1_77' title='bbox 615 1166 728 1222; x_wconf 90' lang='lat' dir='ltr'><strong>iustitia</strong></span> <span class='ocrx_word' id='word_1_78' title='bbox 744 1164 908 1238; x_wconf 83' lang='lat' dir='ltr'><strong>punientis,</strong></span> <span class='ocrx_word' id='word_1_79' title='bbox 935 1163 1071 1238; x_wconf 76' lang='lat' dir='ltr'><strong>qualibus</strong></span> <span class='ocrx_word' id='word_1_80' title='bbox 1091 1173 1124 1219; x_wconf 89' lang='lat' dir='ltr'><strong>et</strong></span> <span class='ocrx_word' id='word_1_81' title='bbox 1143 1180 1235 1239; x_wconf 55' lang='lat' dir='ltr'><strong>quani</strong></span> 
     </span>
     <span class='ocr_line' id='line_1_12' title="bbox 191 1247 1236 1326; baseline -0.008 -15"><span class='ocrx_word' id='word_1_82' title='bbox 191 1256 290 1311; x_wconf 85' lang='lat' dir='ltr'><strong>multis</strong></span> <span class='ocrx_word' id='word_1_83' title='bbox 308 1253 473 1326; x_wconf 78' lang='lat' dir='ltr'><strong>impleverit</strong></span> <span class='ocrx_word' id='word_1_84' title='bbox 491 1251 575 1306; x_wconf 86' lang='lat' dir='ltr'><strong>bonis</strong></span> <span class='ocrx_word' id='word_1_85' title='bbox 596 1247 724 1306; x_wconf 90' lang='lat' dir='ltr'><strong>eiusdem</strong></span> <span class='ocrx_word' id='word_1_86' title='bbox 739 1247 872 1319; x_wconf 85' lang='lat' dir='ltr'><strong>bonitas,</strong></span> <span class='ocrx_word' id='word_1_87' title='bbox 895 1257 1001 1303; x_wconf 90' lang='lat' dir='ltr'><strong>cuncta</strong></span> <span class='ocrx_word' id='word_1_88' title='bbox 1019 1265 1099 1324; x_wconf 87' lang='lat' dir='ltr'><strong>quae</strong></span> <span class='ocrx_word' id='word_1_89' title='bbox 1118 1249 1236 1312; x_wconf 62' lang='lat' dir='ltr'><strong>crearitr</strong></span> 
     </span>
     <span class='ocr_line' id='line_1_13' title="bbox 192 1331 1237 1406; baseline -0.009 -11"><span class='ocrx_word' id='word_1_90' title='bbox 192 1338 433 1395; x_wconf 85' lang='lat' dir='ltr'><strong>administrantis.</strong></span> <span class='ocrx_word' id='word_1_91' title='bbox 467 1333 596 1391; x_wconf 89' lang='lat' dir='ltr'><strong>Primum</strong></span> <span class='ocrx_word' id='word_1_92' title='bbox 614 1331 851 1390; x_wconf 87' lang='lat' dir='ltr'><strong>benedictionem</strong></span> <span class='ocrx_word' id='word_1_93' title='bbox 864 1332 944 1386; x_wconf 90' lang='lat' dir='ltr'><strong>illam</strong></span> <span class='ocrx_word' id='word_1_94' title='bbox 962 1349 1052 1406; x_wconf 89' lang='lat' dir='ltr'><strong>quam</strong></span> <span class='ocrx_word' id='word_1_95' title='bbox 1065 1334 1237 1405; x_wconf 62' lang='lat' dir='ltr'><strong>promleratr</strong></span> 
     </span>
     <span class='ocr_line' id='line_1_14' title="bbox 192 1415 1238 1497; baseline -0.006 -19"><span class='ocrx_word' id='word_1_96' title='bbox 192 1431 261 1478; x_wconf 91' lang='lat' dir='ltr'><strong>ante</strong></span> <span class='ocrx_word' id='word_1_97' title='bbox 273 1430 433 1497; x_wconf 89' lang='lat' dir='ltr'><strong>peccatum,</strong></span> <span class='ocrx_word' id='word_1_98' title='bbox 448 1418 564 1489; x_wconf 87' lang='lat' dir='ltr'><strong>dicens,</strong></span> <span class='ocrx_word' id='word_1_99' title='bbox 580 1415 725 1486; x_wconf 76' lang='lat' dir='ltr'><strong>Crescite,</strong></span> <span class='ocrx_word' id='word_1_100' title='bbox 748 1425 778 1473; x_wconf 87' lang='lat' dir='ltr'><strong>et</strong></span> <span class='ocrx_word' id='word_1_101' title='bbox 793 1415 1050 1493; x_wconf 79' lang='lat' dir='ltr'><strong>multiplicamini,</strong></span> <span class='ocrx_word' id='word_1_102' title='bbox 1072 1426 1104 1474; x_wconf 85' lang='lat' dir='ltr'><strong>et</strong></span> <span class='ocrx_word' id='word_1_103' title='bbox 1117 1416 1218 1494; x_wconf 83' lang='lat' dir='ltr'><strong>repleta</strong></span> <span class='ocrx_word' id='word_1_104' title='bbox 1237 1448 1238 1460; x_wconf 38' lang='lat' dir='ltr'><strong>a</strong></span> 
     </span>
     <span class='ocr_line' id='line_1_15' title="bbox 192 1497 1239 1576; baseline -0.007 -14"><span class='ocrx_word' id='word_1_105' title='bbox 192 1516 316 1574; x_wconf 85' lang='lat' dir='ltr'><strong>terram,</strong></span> <span class='ocrx_word' id='word_1_106' title='bbox 339 1521 394 1561; x_wconf 88' lang='lat' dir='ltr'><strong>nec</strong></span> <span class='ocrx_word' id='word_1_107' title='bbox 407 1512 472 1576; x_wconf 94' lang='lat' dir='ltr'><strong>post</strong></span> <span class='ocrx_word' id='word_1_108' title='bbox 483 1511 634 1575; x_wconf 87' lang='lat' dir='ltr'><strong>peccatum</strong></span> <span class='ocrx_word' id='word_1_109' title='bbox 646 1501 741 1558; x_wconf 82' lang='lat' dir='ltr'><strong>voluit</strong></span> <span class='ocrx_word' id='word_1_110' title='bbox 753 1497 895 1570; x_wconf 87' lang='lat' dir='ltr'><strong>inhibere,</strong></span> <span class='ocrx_word' id='word_1_111' title='bbox 908 1499 1081 1574; x_wconf 84' lang='lat' dir='ltr'><strong>mansitque</strong></span> <span class='ocrx_word' id='word_1_112' title='bbox 1094 1501 1128 1556; x_wconf 91' lang='lat' dir='ltr'><strong>in</strong></span> <span class='ocrx_word' id='word_1_113' title='bbox 1142 1501 1219 1574; x_wconf 78' lang='lat' dir='ltr'><strong>stirpe</strong></span> <span class='ocrx_word' id='word_1_114' title='bbox 1238 1538 1239 1542; x_wconf 19' lang='grc' dir='ltr'><strong>κ</strong></span> 
     </span>
     <span class='ocr_line' id='line_1_16' title="bbox 193 1583 1218 1658; baseline -0.006 -14"><span class='ocrx_word' id='word_1_115' title='bbox 193 1588 327 1644; x_wconf 89' lang='lat' dir='ltr'><strong>damnata</strong></span> <span class='ocrx_word' id='word_1_116' title='bbox 339 1586 446 1644; x_wconf 88' lang='lat' dir='ltr'><strong>donata</strong></span> <span class='ocrx_word' id='word_1_117' title='bbox 456 1584 654 1658; x_wconf 83' lang='lat' dir='ltr'><strong>foecunditas3</strong></span> <span class='ocrx_word' id='word_1_118' title='bbox 668 1603 722 1641; x_wconf 92' lang='lat' dir='ltr'><strong>nec</strong></span> <span class='ocrx_word' id='word_1_119' title='bbox 736 1584 883 1640; x_wconf 85' lang='lat' dir='ltr'><strong>illamvim</strong></span> <span class='ocrx_word' id='word_1_120' title='bbox 892 1583 1060 1638; x_wconf 88' lang='lat' dir='ltr'><strong>mirabilem</strong></span> <span class='ocrx_word' id='word_1_121' title='bbox 1075 1586 1218 1652; x_wconf 88' lang='lat' dir='ltr'><strong>seminum,</strong></span> 
     </span>
     <span class='ocr_line' id='line_1_17' title="bbox 192 1667 1218 1744; baseline -0.006 -16"><span class='ocrx_word' id='word_1_122' title='bbox 192 1673 251 1728; x_wconf 89' lang='lat' dir='ltr'><strong>imo</strong></span> <span class='ocrx_word' id='word_1_123' title='bbox 264 1673 353 1726; x_wconf 88' lang='lat' dir='ltr'><strong>etiarn</strong></span> <span class='ocrx_word' id='word_1_124' title='bbox 366 1669 572 1724; x_wconf 86' lang='lat' dir='ltr'><strong>mirabiliorem</strong></span> <span class='ocrx_word' id='word_1_125' title='bbox 585 1687 641 1744; x_wconf 91' lang='lat' dir='ltr'><strong>qua</strong></span> <span class='ocrx_word' id='word_1_126' title='bbox 655 1667 820 1724; x_wconf 88' lang='lat' dir='ltr'><strong>efficiuntur</strong></span> <span class='ocrx_word' id='word_1_127' title='bbox 833 1677 862 1722; x_wconf 90' lang='lat' dir='ltr'><strong>ot</strong></span> <span class='ocrx_word' id='word_1_128' title='bbox 875 1668 998 1737; x_wconf 85' lang='lat' dir='ltr'><strong>semina,</strong></span> <span class='ocrx_word' id='word_1_129' title='bbox 1022 1667 1155 1724; x_wconf 87' lang='lat' dir='ltr'><strong>inditam</strong></span> <span class='ocrx_word' id='word_1_130' title='bbox 1168 1687 1218 1723; x_wconf 89' lang='lat' dir='ltr'><strong>cor·</strong></span> 
     </span>
     <span class='ocr_line' id='line_1_18' title="bbox 192 1751 1208 1830; baseline -0.002 -21"><span class='ocrx_word' id='word_1_131' title='bbox 192 1754 310 1830; x_wconf 89' lang='lat' dir='ltr'><strong>poribus</strong></span> <span class='ocrx_word' id='word_1_132' title='bbox 324 1751 456 1807; x_wconf 87' lang='lat' dir='ltr'><strong>humanis</strong></span> <span class='ocrx_word' id='word_1_133' title='bbox 470 1761 500 1806; x_wconf 92' lang='lat' dir='ltr'><strong>et</strong></span> <span class='ocrx_word' id='word_1_134' title='bbox 512 1751 635 1826; x_wconf 88' lang='lat' dir='ltr'><strong>quodam</strong></span> <span class='ocrx_word' id='word_1_135' title='bbox 647 1751 732 1808; x_wconf 91' lang='lat' dir='ltr'><strong>modo</strong></span> <span class='ocrx_word' id='word_1_136' title='bbox 746 1753 903 1821; x_wconf 85' lang='lat' dir='ltr'><strong>intextam,</strong></span> <span class='ocrx_word' id='word_1_137' title='bbox 925 1752 1043 1825; x_wconf 89' lang='lat' dir='ltr'><strong>peccati</strong></span> <span class='ocrx_word' id='word_1_138' title='bbox 1058 1754 1169 1809; x_wconf 84' lang='lat' dir='ltr'><strong>vitium</strong></span> <span class='ocrx_word' id='word_1_139' title='bbox 1178 1772 1208 1826; x_wconf 91' lang='lat' dir='ltr'><strong>po</strong></span> 
     </span>
     <span class='ocr_line' id='line_1_19' title="bbox 192 1833 1214 1909; baseline -0.002 -17"><span class='ocrx_word' id='word_1_140' title='bbox 192 1838 250 1893; x_wconf 89' lang='lat' dir='ltr'><strong>tuit</strong></span> <span class='ocrx_word' id='word_1_141' title='bbox 262 1834 387 1906; x_wconf 84' lang='lat' dir='ltr'><strong>auferre,</strong></span> <span class='ocrx_word' id='word_1_142' title='bbox 401 1853 458 1909; x_wconf 92' lang='lat' dir='ltr'><strong>quo</strong></span> <span class='ocrx_word' id='word_1_143' title='bbox 473 1833 558 1890; x_wconf 90' lang='lat' dir='ltr'><strong>nobis</strong></span> <span class='ocrx_word' id='word_1_144' title='bbox 572 1835 695 1908; x_wconf 87' lang='lat' dir='ltr'><strong>impacta</strong></span> <span class='ocrx_word' id='word_1_145' title='bbox 706 1844 751 1891; x_wconf 86' lang='lat' dir='ltr'><strong>est</strong></span> <span class='ocrx_word' id='word_1_146' title='bbox 765 1837 851 1890; x_wconf 88' lang='lat' dir='ltr'><strong>etiam</strong></span> <span class='ocrx_word' id='word_1_147' title='bbox 865 1835 1026 1890; x_wconf 88' lang='lat' dir='ltr'><strong>necessitas</strong></span> <span class='ocrx_word' id='word_1_148' title='bbox 1040 1838 1164 1892; x_wconf 88' lang='lat' dir='ltr'><strong>mortis:</strong></span> <span class='ocrx_word' id='word_1_149' title='bbox 1175 1833 1214 1890; x_wconf 84' lang='lat' dir='ltr'><strong>red</strong></span> 
     </span>
     <span class='ocr_line' id='line_1_20' title="bbox 193 1917 1209 1999; baseline -0.003 -23"><span class='ocrx_word' id='word_1_150' title='bbox 193 1929 348 1995; x_wconf 88' lang='lat' dir='ltr'><strong>utrumque</strong></span> <span class='ocrx_word' id='word_1_151' title='bbox 362 1919 447 1973; x_wconf 88' lang='lat' dir='ltr'><strong>simul</strong></span> <span class='ocrx_word' id='word_1_152' title='bbox 461 1918 552 1974; x_wconf 88' lang='lat' dir='ltr'><strong>currit</strong></span> <span class='ocrx_word' id='word_1_153' title='bbox 564 1919 621 1972; x_wconf 87' lang='lat' dir='ltr'><strong>isto</strong></span> <span class='ocrx_word' id='word_1_154' title='bbox 639 1920 723 1993; x_wconf 87' lang='lat' dir='ltr'><strong>quasi</strong></span> <span class='ocrx_word' id='word_1_155' title='bbox 740 1917 830 1976; x_wconf 85' lang='lat' dir='ltr'><strong>llario</strong></span> <span class='ocrx_word' id='word_1_156' title='bbox 850 1927 934 1992; x_wconf 89' lang='lat' dir='ltr'><strong>atque</strong></span> <span class='ocrx_word' id='word_1_157' title='bbox 951 1926 1096 1975; x_wconf 87' lang='lat' dir='ltr'><strong>torrente</strong></span> <span class='ocrx_word' id='word_1_158' title='bbox 1116 1920 1209 1999; x_wconf 79' lang='lat' dir='ltr'><strong>genens</strong></span> 
     </span>
     <span class='ocr_line' id='line_1_21' title="bbox 194 2000 1211 2079; baseline -0.003 -18"><span class='ocrx_word' id='word_1_159' title='bbox 194 2003 325 2074; x_wconf 87' lang='lat' dir='ltr'><strong>humani,</strong></span> <span class='ocrx_word' id='word_1_160' title='bbox 345 2003 453 2058; x_wconf 87' lang='lat' dir='ltr'><strong>malum</strong></span> <span class='ocrx_word' id='word_1_161' title='bbox 466 2000 545 2078; x_wconf 89' lang='lat' dir='ltr'><strong>quod</strong></span> <span class='ocrx_word' id='word_1_162' title='bbox 558 2018 575 2057; x_wconf 89' lang='lat' dir='ltr'><strong>a</strong></span> <span class='ocrx_word' id='word_1_163' title='bbox 587 2011 707 2076; x_wconf 86' lang='lat' dir='ltr'><strong>parente</strong></span> <span class='ocrx_word' id='word_1_164' title='bbox 720 2001 857 2073; x_wconf 90' lang='lat' dir='ltr'><strong>trahitur,</strong></span> <span class='ocrx_word' id='word_1_165' title='bbox 872 2011 902 2058; x_wconf 91' lang='lat' dir='ltr'><strong>et</strong></span> <span class='ocrx_word' id='word_1_166' title='bbox 913 2001 1028 2058; x_wconf 89' lang='lat' dir='ltr'><strong>bonum</strong></span> <span class='ocrx_word' id='word_1_167' title='bbox 1042 2004 1129 2079; x_wconf 91' lang='lat' dir='ltr'><strong>quod</strong></span> <span class='ocrx_word' id='word_1_168' title='bbox 1140 2023 1155 2060; x_wconf 83' lang='lat' dir='ltr'><strong>a</strong></span> <span class='ocrx_word' id='word_1_169' title='bbox 1165 2021 1211 2058; x_wconf 85' lang='lat' dir='ltr'><strong>ere-</strong></span> 
     </span>
     <span class='ocr_line' id='line_1_22' title="bbox 195 2084 1215 2164; baseline -0.003 -20"><span class='ocrx_word' id='word_1_170' title='bbox 195 2097 264 2144; x_wconf 88' lang='lat' dir='ltr'><strong>ante</strong></span> <span class='ocrx_word' id='word_1_171' title='bbox 277 2087 423 2144; x_wconf 89' lang='lat' dir='ltr'><strong>tribuitur.</strong></span> <span class='ocrx_word' id='word_1_172' title='bbox 436 2084 471 2142; x_wconf 91' lang='lat' dir='ltr'><strong>ln</strong></span> <span class='ocrx_word' id='word_1_173' title='bbox 485 2085 624 2164; x_wconf 80' lang='lat' dir='ltr'><strong>originali</strong></span> <span class='ocrx_word' id='word_1_174' title='bbox 637 2087 712 2142; x_wconf 89' lang='lat' dir='ltr'><strong>malo</strong></span> <span class='ocrx_word' id='word_1_175' title='bbox 727 2085 781 2142; x_wconf 93' lang='lat' dir='ltr'><strong>duo</strong></span> <span class='ocrx_word' id='word_1_176' title='bbox 795 2095 875 2157; x_wconf 89' lang='lat' dir='ltr'><strong>sunt,</strong></span> <span class='ocrx_word' id='word_1_177' title='bbox 888 2095 1044 2161; x_wconf 89' lang='lat' dir='ltr'><strong>peecatum</strong></span> <span class='ocrx_word' id='word_1_178' title='bbox 1057 2097 1150 2163; x_wconf 86' lang='lat' dir='ltr'><strong>atque</strong></span> <span class='ocrx_word' id='word_1_179' title='bbox 1162 2106 1215 2162; x_wconf 84' lang='lat' dir='ltr'><strong>sap</strong></span> 
     </span>
     <span class='ocr_line' id='line_1_23' title="bbox 195 2168 1216 2248; baseline -0.003 -21"><span class='ocrx_word' id='word_1_180' title='bbox 195 2173 327 2247; x_wconf 89' lang='lat' dir='ltr'><strong>plioium:</strong></span> <span class='ocrx_word' id='word_1_181' title='bbox 353 2172 385 2226; x_wconf 92' lang='lat' dir='ltr'><strong>in</strong></span> <span class='ocrx_word' id='word_1_182' title='bbox 399 2170 538 2248; x_wconf 81' lang='lat' dir='ltr'><strong>originali</strong></span> <span class='ocrx_word' id='word_1_183' title='bbox 551 2168 627 2224; x_wconf 91' lang='lat' dir='ltr'><strong>bono</strong></span> <span class='ocrx_word' id='word_1_184' title='bbox 641 2169 697 2226; x_wconf 91' lang='lat' dir='ltr'><strong>alia</strong></span> <span class='ocrx_word' id='word_1_185' title='bbox 710 2169 777 2241; x_wconf 91' lang='lat' dir='ltr'><strong>duo,</strong></span> <span class='ocrx_word' id='word_1_186' title='bbox 790 2171 960 2248; x_wconf 78' lang='lat' dir='ltr'><strong>propagatio</strong></span> <span class='ocrx_word' id='word_1_187' title='bbox 975 2177 1006 2226; x_wconf 88' lang='lat' dir='ltr'><strong>et</strong></span> <span class='ocrx_word' id='word_1_188' title='bbox 1022 2172 1216 2228; x_wconf 82' lang='lat' dir='ltr'><strong>conformatio.</strong></span> 
     </span>
     <span class='ocr_line' id='line_1_24' title="bbox 195 2253 1216 2330; baseline -0.003 -19"><span class='ocrx_word' id='word_1_189' title='bbox 195 2254 254 2312; x_wconf 85' lang='lat' dir='ltr'><strong>Sed</strong></span> <span class='ocrx_word' id='word_1_190' title='bbox 268 2264 406 2330; x_wconf 88' lang='lat' dir='ltr'><strong>quantum</strong></span> <span class='ocrx_word' id='word_1_191' title='bbox 419 2253 455 2309; x_wconf 85' lang='lat' dir='ltr'><strong>ad</strong></span> <span class='ocrx_word' id='word_1_192' title='bbox 468 2260 651 2328; x_wconf 88' lang='lat' dir='ltr'><strong>praesentem</strong></span> <span class='ocrx_word' id='word_1_193' title='bbox 663 2255 789 2327; x_wconf 86' lang='lat' dir='ltr'><strong>pertinet</strong></span> <span class='ocrx_word' id='word_1_194' title='bbox 802 2254 997 2309; x_wconf 89' lang='lat' dir='ltr'><strong>intentionem</strong></span> <span class='ocrx_word' id='word_1_195' title='bbox 1012 2265 1165 2326; x_wconf 86' lang='lat' dir='ltr'><strong>nostram,</strong></span> <span class='ocrx_word' id='word_1_196' title='bbox 1188 2254 1216 2309; x_wconf 85' lang='lat' dir='ltr'><strong>de</strong></span> 
     </span>
     <span class='ocr_line' id='line_1_25' title="bbox 195 2335 1214 2414; baseline 0.001 -20"><span class='ocrx_word' id='word_1_197' title='bbox 195 2339 289 2407; x_wconf 89' lang='lat' dir='ltr'><strong>malis,</strong></span> <span class='ocrx_word' id='word_1_198' title='bbox 313 2355 435 2413; x_wconf 89' lang='lat' dir='ltr'><strong>quorum</strong></span> <span class='ocrx_word' id='word_1_199' title='bbox 447 2355 537 2392; x_wconf 90' lang='lat' dir='ltr'><strong>unum</strong></span> <span class='ocrx_word' id='word_1_200' title='bbox 551 2335 586 2391; x_wconf 93' lang='lat' dir='ltr'><strong>de</strong></span> <span class='ocrx_word' id='word_1_201' title='bbox 602 2345 704 2392; x_wconf 90' lang='lat' dir='ltr'><strong>nostra</strong></span> <span class='ocrx_word' id='word_1_202' title='bbox 715 2339 797 2393; x_wconf 84' lang='lat' dir='ltr'><strong>venit</strong></span> <span class='ocrx_word' id='word_1_203' title='bbox 809 2336 940 2407; x_wconf 87' lang='lat' dir='ltr'><strong>audacia,</strong></span> <span class='ocrx_word' id='word_1_204' title='bbox 962 2335 994 2392; x_wconf 92' lang='lat' dir='ltr'><strong>id</strong></span> <span class='ocrx_word' id='word_1_205' title='bbox 1007 2347 1057 2394; x_wconf 85' lang='lat' dir='ltr'><strong>est</strong></span> <span class='ocrx_word' id='word_1_206' title='bbox 1068 2349 1214 2414; x_wconf 83' lang='lat' dir='ltr'><strong>peecatum,</strong></span> 
     </span>
     <span class='ocr_line' id='line_1_26' title="bbox 133 2418 1211 2494; baseline 0.001 -20"><span class='ocrx_word' id='word_1_207' title='bbox 133 2469 134 2474; x_wconf 73' lang='grc'>,</span> <span class='ocrx_word' id='word_1_208' title='bbox 195 2423 318 2478; x_wconf 88' lang='lat' dir='ltr'><strong>alterum</strong></span> <span class='ocrx_word' id='word_1_209' title='bbox 331 2420 366 2476; x_wconf 92' lang='lat' dir='ltr'><strong>de</strong></span> <span class='ocrx_word' id='word_1_210' title='bbox 379 2419 486 2477; x_wconf 89' lang='lat' dir='ltr'><strong>iudicio</strong></span> <span class='ocrx_word' id='word_1_211' title='bbox 500 2419 575 2492; x_wconf 90' lang='lat' dir='ltr'><strong>Dei,</strong></span> <span class='ocrx_word' id='word_1_212' title='bbox 601 2418 633 2475; x_wconf 91' lang='lat' dir='ltr'><strong>id</strong></span> <span class='ocrx_word' id='word_1_213' title='bbox 651 2428 696 2476; x_wconf 90' lang='lat' dir='ltr'><strong>est</strong></span> <span class='ocrx_word' id='word_1_214' title='bbox 714 2421 902 2494; x_wconf 88' lang='lat' dir='ltr'><strong>supplicium,</strong></span> <span class='ocrx_word' id='word_1_215' title='bbox 927 2421 988 2476; x_wconf 86' lang='lat' dir='ltr'><strong>iam</strong></span> <span class='ocrx_word' id='word_1_216' title='bbox 1001 2424 1078 2479; x_wconf 86' lang='lat' dir='ltr'><strong>satis</strong></span> <span class='ocrx_word' id='word_1_217' title='bbox 1096 2423 1211 2478; x_wconf 79' lang='lat' dir='ltr'><strong>diximus¹</strong></span> 
     </span>
     <span class='ocr_line' id='line_1_27' title="bbox 197 2503 1214 2584; baseline -0.001 -22"><span class='ocrx_word' id='word_1_218' title='bbox 197 2505 284 2562; x_wconf 88' lang='lat' dir='ltr'><strong>Nunc</strong></span> <span class='ocrx_word' id='word_1_219' title='bbox 297 2504 429 2561; x_wconf 88' lang='lat' dir='ltr'><strong>debonis</strong></span> <span class='ocrx_word' id='word_1_220' title='bbox 442 2503 511 2576; x_wconf 91' lang='lat' dir='ltr'><strong>Dei,</strong></span> <span class='ocrx_word' id='word_1_221' title='bbox 532 2521 606 2580; x_wconf 89' lang='lat' dir='ltr'><strong>quae</strong></span> <span class='ocrx_word' id='word_1_222' title='bbox 619 2504 676 2580; x_wconf 83' lang='lat' dir='ltr'><strong>ipsi</strong></span> <span class='ocrx_word' id='word_1_223' title='bbox 688 2519 802 2579; x_wconf 90' lang='lat' dir='ltr'><strong>quoque</strong></span> <span class='ocrx_word' id='word_1_224' title='bbox 814 2505 932 2560; x_wconf 86' lang='lat' dir='ltr'><strong>vitiatae</strong></span> <span class='ocrx_word' id='word_1_225' title='bbox 946 2503 1160 2584; x_wconf 82' lang='lat' dir='ltr'><strong>damnataeque</strong></span> <span class='ocrx_word' id='word_1_226' title='bbox 1171 2525 1214 2562; x_wconf 85' lang='lat' dir='ltr'><strong>na·</strong></span> 
     </span>
     <span class='ocr_line' id='line_1_28' title="bbox 196 2585 1213 2666; baseline -0.001 -21"><span class='ocrx_word' id='word_1_227' title='bbox 196 2598 280 2646; x_wconf 87' lang='lat' dir='ltr'><strong>turae</strong></span> <span class='ocrx_word' id='word_1_228' title='bbox 294 2589 426 2658; x_wconf 89' lang='lat' dir='ltr'><strong>contulit,</strong></span> <span class='ocrx_word' id='word_1_229' title='bbox 440 2589 500 2645; x_wconf 87' lang='lat' dir='ltr'><strong>sive</strong></span> <span class='ocrx_word' id='word_1_230' title='bbox 514 2605 607 2664; x_wconf 89' lang='lat' dir='ltr'><strong>usque</strong></span> <span class='ocrx_word' id='word_1_231' title='bbox 620 2605 698 2644; x_wconf 92' lang='lat' dir='ltr'><strong>nunc</strong></span> <span class='ocrx_word' id='word_1_232' title='bbox 712 2585 834 2658; x_wconf 82' lang='lat' dir='ltr'><strong>confert,</strong></span> <span class='ocrx_word' id='word_1_233' title='bbox 846 2587 942 2643; x_wconf 89' lang='lat' dir='ltr'><strong>dicere</strong></span> <span class='ocrx_word' id='word_1_234' title='bbox 955 2589 1089 2646; x_wconf 89' lang='lat' dir='ltr'><strong>institui.</strong></span> <span class='ocrx_word' id='word_1_235' title='bbox 1128 2591 1213 2666; x_wconf 85' lang='lat' dir='ltr'><strong>Neque</strong></span> 
     </span>
     <span class='ocr_line' id='line_1_29' title="bbox 197 2669 1214 2751; baseline 0 -23"><span class='ocrx_word' id='word_1_236' title='bbox 197 2675 276 2728; x_wconf 85' lang='lat' dir='ltr'><strong>enirn</strong></span> <span class='ocrx_word' id='word_1_237' title='bbox 289 2670 450 2730; x_wconf 90' lang='lat' dir='ltr'><strong>damnando</strong></span> <span class='ocrx_word' id='word_1_238' title='bbox 464 2681 515 2728; x_wconf 89' lang='lat' dir='ltr'><strong>aut</strong></span> <span class='ocrx_word' id='word_1_239' title='bbox 527 2681 619 2728; x_wconf 91' lang='lat' dir='ltr'><strong>totum</strong></span> <span class='ocrx_word' id='word_1_240' title='bbox 633 2671 753 2728; x_wconf 83' lang='lat' dir='ltr'><strong>abstulit</strong></span> <span class='ocrx_word' id='word_1_241' title='bbox 769 2669 844 2744; x_wconf 92' lang='lat' dir='ltr'><strong>quod</strong></span> <span class='ocrx_word' id='word_1_242' title='bbox 862 2671 995 2744; x_wconf 86' lang='lat' dir='ltr'><strong>dederat,</strong></span> <span class='ocrx_word' id='word_1_243' title='bbox 1020 2675 1155 2751; x_wconf 89' lang='lat' dir='ltr'><strong>alioquin</strong></span> <span class='ocrx_word' id='word_1_244' title='bbox 1170 2693 1214 2730; x_wconf 84' lang='lat' dir='ltr'><strong>nec</strong></span> 
     </span>
     <span class='ocr_line' id='line_1_30' title="bbox 197 2756 1213 2829; baseline 0.001 -17"><span class='ocrx_word' id='word_1_245' title='bbox 197 2765 275 2814; x_wconf 88' lang='lat' dir='ltr'><strong>essct</strong></span> <span class='ocrx_word' id='word_1_246' title='bbox 288 2757 423 2828; x_wconf 74' lang='lat' dir='ltr'><strong>omnino,</strong></span> <span class='ocrx_word' id='word_1_247' title='bbox 443 2765 493 2812; x_wconf 89' lang='lat' dir='ltr'><strong>aut</strong></span> <span class='ocrx_word' id='word_1_248' title='bbox 506 2773 569 2812; x_wconf 87' lang='lat' dir='ltr'><strong>earn</strong></span> <span class='ocrx_word' id='word_1_249' title='bbox 582 2756 705 2812; x_wconf 84' lang='lat' dir='ltr'><strong>removit</strong></span> <span class='ocrx_word' id='word_1_250' title='bbox 718 2771 735 2809; x_wconf 90' lang='lat' dir='ltr'><strong>a</strong></span> <span class='ocrx_word' id='word_1_251' title='bbox 748 2771 801 2810; x_wconf 91' lang='lat' dir='ltr'><strong>sua</strong></span> <span class='ocrx_word' id='word_1_252' title='bbox 813 2764 964 2829; x_wconf 82' lang='lat' dir='ltr'><strong>potestate,</strong></span> <span class='ocrx_word' id='word_1_253' title='bbox 979 2758 1074 2813; x_wconf 89' lang='lat' dir='ltr'><strong>ctiam</strong></span> <span class='ocrx_word' id='word_1_254' title='bbox 1088 2777 1152 2815; x_wconf 85' lang='lat' dir='ltr'><strong>cum</strong></span> <span class='ocrx_word' id='word_1_255' title='bbox 1163 2758 1213 2814; x_wconf 81' lang='lat' dir='ltr'><strong>dia-</strong></span> 
     </span>
     <span class='ocr_line' id='line_1_31' title="bbox 196 2838 1212 2916; baseline 0.001 -21"><span class='ocrx_word' id='word_1_256' title='bbox 196 2840 263 2896; x_wconf 92' lang='lat' dir='ltr'><strong>bolo</strong></span> <span class='ocrx_word' id='word_1_257' title='bbox 275 2841 437 2916; x_wconf 87' lang='lat' dir='ltr'><strong>poenaliter</strong></span> <span class='ocrx_word' id='word_1_258' title='bbox 450 2839 607 2910; x_wconf 85' lang='lat' dir='ltr'><strong>subdidit,</strong></span> <span class='ocrx_word' id='word_1_259' title='bbox 622 2857 710 2915; x_wconf 90' lang='lat' dir='ltr'><strong>quum</strong></span> <span class='ocrx_word' id='word_1_260' title='bbox 722 2855 777 2894; x_wconf 88' lang='lat' dir='ltr'><strong>nec</strong></span> <span class='ocrx_word' id='word_1_261' title='bbox 790 2839 882 2912; x_wconf 89' lang='lat' dir='ltr'><strong>ipsum</strong></span> <span class='ocrx_word' id='word_1_262' title='bbox 895 2838 1043 2896; x_wconf 89' lang='lat' dir='ltr'><strong>diabolum</strong></span> <span class='ocrx_word' id='word_1_263' title='bbox 1057 2861 1076 2898; x_wconf 87' lang='lat' dir='ltr'><strong>a</strong></span> <span class='ocrx_word' id='word_1_264' title='bbox 1089 2859 1143 2899; x_wconf 88' lang='lat' dir='ltr'><strong>suo</strong></span> <span class='ocrx_word' id='word_1_265' title='bbox 1155 2845 1212 2898; x_wconf 83' lang='lat' dir='ltr'><strong>alie-</strong></span> 
     </span>
     <span class='ocr_line' id='line_1_32' title="bbox 196 2921 1213 2998; baseline 0.004 -20"><span class='ocrx_word' id='word_1_266' title='bbox 196 2925 311 2979; x_wconf 86' lang='lat' dir='ltr'><strong>naverit</strong></span> <span class='ocrx_word' id='word_1_267' title='bbox 323 2923 456 2997; x_wconf 76' lang='lat' dir='ltr'><strong>imperio,</strong></span> <span class='ocrx_word' id='word_1_268' title='bbox 471 2922 584 2996; x_wconf 87' lang='lat' dir='ltr'><strong>quando</strong></span> <span class='ocrx_word' id='word_1_269' title='bbox 597 2921 713 2997; x_wconf 88' lang='lat' dir='ltr'><strong>quidem</strong></span> <span class='ocrx_word' id='word_1_270' title='bbox 726 2930 759 2978; x_wconf 96' lang='lat' dir='ltr'><strong>ut</strong></span> <span class='ocrx_word' id='word_1_271' title='bbox 769 2923 861 2996; x_wconf 85' lang='lat' dir='ltr'><strong>ipsius</strong></span> <span class='ocrx_word' id='word_1_272' title='bbox 870 2939 983 2998; x_wconf 84' lang='lat' dir='ltr'><strong>quoque</strong></span> <span class='ocrx_word' id='word_1_273' title='bbox 998 2922 1113 2982; x_wconf 87' lang='lat' dir='ltr'><strong>diaboli</strong></span> <span class='ocrx_word' id='word_1_274' title='bbox 1125 2937 1213 2982; x_wconf 77' lang='lat' dir='ltr'><strong>natura</strong></span> 
     </span>
     <span class='ocr_line' id='line_1_33' title="bbox 196 3005 1209 3084; baseline 0.002 -24"><span class='ocrx_word' id='word_1_275' title='bbox 196 3005 346 3076; x_wconf 82' lang='lat' dir='ltr'><strong>subsistat,</strong></span> <span class='ocrx_word' id='word_1_276' title='bbox 364 3006 414 3060; x_wconf 91' lang='lat' dir='ltr'><strong>ille</strong></span> <span class='ocrx_word' id='word_1_277' title='bbox 427 3005 499 3060; x_wconf 78' lang='lat' dir='ltr'><strong>lacit</strong></span> <span class='ocrx_word' id='word_1_278' title='bbox 510 3005 561 3080; x_wconf 90' lang='lat' dir='ltr'><strong>qui</strong></span> <span class='ocrx_word' id='word_1_279' title='bbox 574 3023 683 3061; x_wconf 87' lang='lat' dir='ltr'><strong>summe</strong></span> <span class='ocrx_word' id='word_1_280' title='bbox 697 3015 752 3077; x_wconf 90' lang='lat' dir='ltr'><strong>est,</strong></span> <span class='ocrx_word' id='word_1_281' title='bbox 771 3005 883 3062; x_wconf 81' lang='lat' dir='ltr'><strong>etfacit</strong></span> <span class='ocrx_word' id='word_1_282' title='bbox 896 3025 961 3062; x_wconf 90' lang='lat' dir='ltr'><strong>esse</strong></span> <span class='ocrx_word' id='word_1_283' title='bbox 975 3008 1119 3084; x_wconf 92' lang='lat' dir='ltr'><strong>quicquid</strong></span> <span class='ocrx_word' id='word_1_284' title='bbox 1131 3012 1209 3084; x_wconf 85' lang='lat' dir='ltr'><strong>aliquo</strong></span> 
     </span>
     <span class='ocr_line' id='line_1_34' title="bbox 197 3086 348 3144; baseline -0.02 0"><span class='ocrx_word' id='word_1_285' title='bbox 197 3086 280 3144; x_wconf 90' lang='lat' dir='ltr'><strong>modo</strong></span> <span class='ocrx_word' id='word_1_286' title='bbox 295 3095 348 3142; x_wconf 89' lang='lat' dir='ltr'><strong>est.</strong></span> 
     </span>
    </p>

    <p class='ocr_par' dir='ltr' id='par_1_7' title="bbox 197 3168 1214 3502">
     <span class='ocr_line' id='line_1_35' title="bbox 262 3168 1212 3251; baseline 0.007 -24"><span class='ocrx_word' id='word_1_287' title='bbox 262 3168 394 3227; x_wconf 87' lang='lat' dir='ltr'><strong>Duorum</strong></span> <span class='ocrx_word' id='word_1_288' title='bbox 411 3171 501 3251; x_wconf 88' lang='lat' dir='ltr'><strong>igitur</strong></span> <span class='ocrx_word' id='word_1_289' title='bbox 519 3172 648 3244; x_wconf 89' lang='lat' dir='ltr'><strong>illorum,</strong></span> <span class='ocrx_word' id='word_1_290' title='bbox 672 3191 745 3248; x_wconf 87' lang='lat' dir='ltr'><strong>quae</strong></span> <span class='ocrx_word' id='word_1_291' title='bbox 758 3172 882 3229; x_wconf 88' lang='lat' dir='ltr'><strong>diximus</strong></span> <span class='ocrx_word' id='word_1_292' title='bbox 899 3172 975 3230; x_wconf 90' lang='lat' dir='ltr'><strong>bona</strong></span> <span class='ocrx_word' id='word_1_293' title='bbox 990 3175 1084 3232; x_wconf 86' lang='lat' dir='ltr'><strong>etiam</strong></span> <span class='ocrx_word' id='word_1_294' title='bbox 1096 3178 1129 3233; x_wconf 88' lang='lat' dir='ltr'><strong>in</strong></span> <span class='ocrx_word' id='word_1_295' title='bbox 1141 3187 1212 3234; x_wconf 86' lang='lat' dir='ltr'><strong>ustu-</strong></span> 
     </span>
     <span class='ocr_line' id='line_1_36' title="bbox 198 3256 1214 3334; baseline 0.003 -23"><span class='ocrx_word' id='word_1_296' title='bbox 198 3273 259 3311; x_wconf 88' lang='lat' dir='ltr'><strong>ram</strong></span> <span class='ocrx_word' id='word_1_297' title='bbox 272 3265 390 3331; x_wconf 88' lang='lat' dir='ltr'><strong>peoeato</strong></span> <span class='ocrx_word' id='word_1_298' title='bbox 402 3257 535 3313; x_wconf 82' lang='lat' dir='ltr'><strong>vitiatam</strong></span> <span class='ocrx_word' id='word_1_299' title='bbox 555 3258 751 3334; x_wconf 88' lang='lat' dir='ltr'><strong>supplicioque</strong></span> <span class='ocrx_word' id='word_1_300' title='bbox 769 3257 931 3314; x_wconf 88' lang='lat' dir='ltr'><strong>damnatam</strong></span> <span class='ocrx_word' id='word_1_301' title='bbox 948 3256 983 3312; x_wconf 91' lang='lat' dir='ltr'><strong>de</strong></span> <span class='ocrx_word' id='word_1_302' title='bbox 1001 3257 1145 3316; x_wconf 87' lang='lat' dir='ltr'><strong>bonitatis</strong></span> <span class='ocrx_word' id='word_1_303' title='bbox 1162 3263 1214 3316; x_wconf 83' lang='lat' dir='ltr'><strong>eins</strong></span> 
     </span>
     <span class='ocr_line' id='line_1_37' title="bbox 197 3338 1213 3418; baseline 0.003 -23"><span class='ocrx_word' id='word_1_304' title='bbox 197 3338 320 3416; x_wconf 86' lang='lat' dir='ltr'><strong>quodam</strong></span> <span class='ocrx_word' id='word_1_305' title='bbox 331 3341 421 3396; x_wconf 85' lang='lat' dir='ltr'><strong>veluti</strong></span> <span class='ocrx_word' id='word_1_306' title='bbox 435 3341 516 3396; x_wconf 79' lang='lat' dir='ltr'><strong>fonte</strong></span> <span class='ocrx_word' id='word_1_307' title='bbox 534 3357 667 3414; x_wconf 84' lang='lat' dir='ltr'><strong>manare,</strong></span> <span class='ocrx_word' id='word_1_308' title='bbox 692 3342 929 3418; x_wconf 82' lang='lat' dir='ltr'><strong>propagationem</strong></span> <span class='ocrx_word' id='word_1_309' title='bbox 950 3341 982 3396; x_wconf 91' lang='lat' dir='ltr'><strong>in</strong></span> <span class='ocrx_word' id='word_1_310' title='bbox 999 3343 1108 3416; x_wconf 85' lang='lat' dir='ltr'><strong>primis</strong></span> <span class='ocrx_word' id='word_1_311' title='bbox 1127 3343 1213 3400; x_wconf 85' lang='lat' dir='ltr'><strong>mnudi</strong></span> 
     </span>
     <span class='ocr_line' id='line_1_38' title="bbox 197 3423 1213 3502; baseline 0.004 -22"><span class='ocrx_word' id='word_1_312' title='bbox 197 3424 332 3500; x_wconf 86' lang='lat' dir='ltr'><strong>operibus</strong></span> <span class='ocrx_word' id='word_1_313' title='bbox 345 3423 546 3481; x_wconf 89' lang='lat' dir='ltr'><strong>bencdictione</strong></span> <span class='ocrx_word' id='word_1_314' title='bbox 559 3426 683 3502; x_wconf 86' lang='lat' dir='ltr'><strong>largitus</strong></span> <span class='ocrx_word' id='word_1_315' title='bbox 698 3432 757 3496; x_wconf 89' lang='lat' dir='ltr'><strong>est,</strong></span> <span class='ocrx_word' id='word_1_316' title='bbox 776 3423 908 3499; x_wconf 86' lang='lat' dir='ltr'><strong>aquibus</strong></span> <span class='ocrx_word' id='word_1_317' title='bbox 922 3424 1058 3498; x_wconf 85' lang='lat' dir='ltr'><strong>operibus</strong></span> <span class='ocrx_word' id='word_1_318' title='bbox 1074 3427 1123 3484; x_wconf 90' lang='lat' dir='ltr'><strong>die</strong></span> <span class='ocrx_word' id='word_1_319' title='bbox 1135 3429 1213 3502; x_wconf 87' lang='lat' dir='ltr'><strong>septi·</strong></span> 
     </span>
    </p>
   </div>
   <div class='ocr_carea' id='block_1_5' title="bbox 108 3506 1213 3587">
    <p class='ocr_par' dir='ltr' id='par_1_8' title="bbox 108 3506 1213 3587">
     <span class='ocr_line' id='line_1_39' title="bbox 108 3506 1213 3587; baseline 0.005 -26"><span class='ocrx_word' id='word_1_320' title='bbox 108 3508 116 3514; x_wconf 83' lang='lat'>&#39;</span> <span class='ocrx_word' id='word_1_321' title='bbox 197 3527 244 3564; x_wconf 84' lang='lat' dir='ltr'><strong>mo</strong></span> <span class='ocrx_word' id='word_1_322' title='bbox 257 3507 417 3583; x_wconf 79' lang='lat' dir='ltr'><strong>requievit·</strong></span> <span class='ocrx_word' id='word_1_323' title='bbox 438 3506 635 3565; x_wconf 84' lang='lat' dir='ltr'><strong>Conlormatio</strong></span> <span class='ocrx_word' id='word_1_324' title='bbox 648 3525 717 3564; x_wconf 85' lang='lat' dir='ltr'><strong>vero</strong></span> <span class='ocrx_word' id='word_1_325' title='bbox 731 3509 763 3563; x_wconf 94' lang='lat' dir='ltr'><strong>in</strong></span> <span class='ocrx_word' id='word_1_326' title='bbox 776 3508 826 3563; x_wconf 92' lang='lat' dir='ltr'><strong>illo</strong></span> <span class='ocrx_word' id='word_1_327' title='bbox 841 3507 902 3563; x_wconf 86' lang='lat' dir='ltr'><strong>eius</strong></span> <span class='ocrx_word' id='word_1_328' title='bbox 921 3515 966 3563; x_wconf 92' lang='lat' dir='ltr'><strong>est</strong></span> <span class='ocrx_word' id='word_1_329' title='bbox 977 3525 1078 3583; x_wconf 88' lang='lat' dir='ltr'><strong>opere,</strong></span> <span class='ocrx_word' id='word_1_330' title='bbox 1104 3530 1159 3587; x_wconf 93' lang='lat' dir='ltr'><strong>quo</strong></span> <span class='ocrx_word' id='word_1_331' title='bbox 1171 3530 1213 3567; x_wconf 86' lang='lat' dir='ltr'><strong>ur-</strong></span> 
     </span>
    </p>
   </div>
   <div class='ocr_carea' id='block_1_6' title="bbox 196 3589 1212 3920">
    <p class='ocr_par' dir='ltr' id='par_1_9' title="bbox 196 3589 1212 3920">
     <span class='ocr_line' id='line_1_40' title="bbox 199 3589 1212 3666; baseline 0.003 -21"><span class='ocrx_word' id='word_1_332' title='bbox 199 3609 253 3665; x_wconf 89' lang='lat' dir='ltr'><strong>que</strong></span> <span class='ocrx_word' id='word_1_333' title='bbox 267 3609 344 3647; x_wconf 88' lang='lat' dir='ltr'><strong>nunc</strong></span> <span class='ocrx_word' id='word_1_334' title='bbox 357 3601 500 3666; x_wconf 89' lang='lat' dir='ltr'><strong>operatur.</strong></span> <span class='ocrx_word' id='word_1_335' title='bbox 534 3589 689 3648; x_wconf 86' lang='lat' dir='ltr'><strong>Efficacem</strong></span> <span class='ocrx_word' id='word_1_336' title='bbox 709 3591 813 3666; x_wconf 92' lang='lat' dir='ltr'><strong>quippe</strong></span> <span class='ocrx_word' id='word_1_337' title='bbox 824 3592 985 3665; x_wconf 87' lang='lat' dir='ltr'><strong>potentiam</strong></span> <span class='ocrx_word' id='word_1_338' title='bbox 998 3609 1083 3649; x_wconf 83' lang='lat' dir='ltr'><strong>suam</strong></span> <span class='ocrx_word' id='word_1_339' title='bbox 1097 3597 1124 3650; x_wconf 86' lang='lat' dir='ltr'><strong>si</strong></span> <span class='ocrx_word' id='word_1_340' title='bbox 1136 3595 1212 3650; x_wconf 82' lang='lat' dir='ltr'><strong>rebus</strong></span> 
     </span>
     <span class='ocr_line' id='line_1_41' title="bbox 197 3671 1211 3754; baseline 0.006 -26"><span class='ocrx_word' id='word_1_341' title='bbox 197 3671 361 3743; x_wconf 87' lang='lat' dir='ltr'><strong>subtrahat,</strong></span> <span class='ocrx_word' id='word_1_342' title='bbox 382 3693 436 3731; x_wconf 89' lang='lat' dir='ltr'><strong>nee</strong></span> <span class='ocrx_word' id='word_1_343' title='bbox 448 3673 583 3754; x_wconf 74' lang='lat' dir='ltr'><strong>progredi</strong></span> <span class='ocrx_word' id='word_1_344' title='bbox 596 3684 733 3750; x_wconf 89' lang='lat' dir='ltr'><strong>poterunt</strong></span> <span class='ocrx_word' id='word_1_345' title='bbox 745 3683 775 3730; x_wconf 90' lang='lat' dir='ltr'><strong>et</strong></span> <span class='ocrx_word' id='word_1_346' title='bbox 787 3675 846 3730; x_wconf 87' lang='lat' dir='ltr'><strong>suis</strong></span> <span class='ocrx_word' id='word_1_347' title='bbox 861 3673 999 3731; x_wconf 88' lang='lat' dir='ltr'><strong>dimensis</strong></span> <span class='ocrx_word' id='word_1_348' title='bbox 1012 3677 1142 3734; x_wconf 86' lang='lat' dir='ltr'><strong>motibus</strong></span> <span class='ocrx_word' id='word_1_349' title='bbox 1154 3697 1211 3754; x_wconf 83' lang='lat' dir='ltr'><strong>per·</strong></span> 
     </span>
     <span class='ocr_line' id='line_1_42' title="bbox 196 3755 1209 3837; baseline 0.007 -28"><span class='ocrx_word' id='word_1_350' title='bbox 196 3773 285 3832; x_wconf 86' lang='lat' dir='ltr'><strong>agere</strong></span> <span class='ocrx_word' id='word_1_351' title='bbox 301 3764 447 3830; x_wconf 88' lang='lat' dir='ltr'><strong>tempora,</strong></span> <span class='ocrx_word' id='word_1_352' title='bbox 473 3777 527 3814; x_wconf 90' lang='lat' dir='ltr'><strong>nec</strong></span> <span class='ocrx_word' id='word_1_353' title='bbox 545 3775 664 3831; x_wconf 90' lang='lat' dir='ltr'><strong>prorsus</strong></span> <span class='ocrx_word' id='word_1_354' title='bbox 681 3760 712 3814; x_wconf 92' lang='lat' dir='ltr'><strong>in</strong></span> <span class='ocrx_word' id='word_1_355' title='bbox 726 3775 761 3814; x_wconf 88' lang='lat' dir='ltr'><strong>eo</strong></span> <span class='ocrx_word' id='word_1_356' title='bbox 775 3755 853 3834; x_wconf 91' lang='lat' dir='ltr'><strong>quod</strong></span> <span class='ocrx_word' id='word_1_357' title='bbox 866 3765 980 3814; x_wconf 87' lang='lat' dir='ltr'><strong>creatae</strong></span> <span class='ocrx_word' id='word_1_358' title='bbox 994 3769 1065 3816; x_wconf 88' lang='lat' dir='ltr'><strong>sunt</strong></span> <span class='ocrx_word' id='word_1_359' title='bbox 1080 3763 1209 3837; x_wconf 79' lang='lat' dir='ltr'><strong>aliquate-</strong></span> 
     </span>
     <span class='ocr_line' id='line_1_43' title="bbox 196 3839 1208 3920; baseline 0.008 -28"><span class='ocrx_word' id='word_1_360' title='bbox 196 3851 250 3892; x_wconf 86' lang='lat' dir='ltr'><strong>nus</strong></span> <span class='ocrx_word' id='word_1_361' title='bbox 263 3841 480 3912; x_wconf 84' lang='lat' dir='ltr'><strong>permanebunt.</strong></span> <span class='ocrx_word' id='word_1_362' title='bbox 495 3839 545 3899; x_wconf 90' lang='lat' dir='ltr'><strong>Sic</strong></span> <span class='ocrx_word' id='word_1_363' title='bbox 560 3859 628 3920; x_wconf 86' lang='lat' dir='ltr'><strong>ergo</strong></span> <span class='ocrx_word' id='word_1_364' title='bbox 644 3843 753 3901; x_wconf 83' lang='lat' dir='ltr'><strong>creavit</strong></span> <span class='ocrx_word' id='word_1_365' title='bbox 765 3840 910 3900; x_wconf 88' lang='lat' dir='ltr'><strong>hominem</strong></span> <span class='ocrx_word' id='word_1_366' title='bbox 922 3840 1015 3914; x_wconf 84' lang='lat' dir='ltr'><strong>Deus,</strong></span> <span class='ocrx_word' id='word_1_367' title='bbox 1029 3853 1062 3900; x_wconf 90' lang='lat' dir='ltr'><strong>ut</strong></span> <span class='ocrx_word' id='word_1_368' title='bbox 1075 3845 1119 3900; x_wconf 91' lang='lat' dir='ltr'><strong>illi</strong></span> <span class='ocrx_word' id='word_1_369' title='bbox 1133 3843 1208 3900; x_wconf 79' lang='lat' dir='ltr'><strong>addc·</strong></span> 
     </span>
    </p>
   </div>
   <div class='ocr_carea' id='block_1_7' title="bbox 0 0 1275 4404">
    <p class='ocr_par' dir='ltr' id='par_1_10' title="bbox 0 0 1275 4404">
     <span class='ocr_line' id='line_1_44' title="bbox 0 0 1275 4404; baseline 0 0"><span class='ocrx_word' id='word_1_370' title='bbox 0 0 1275 4404; x_wconf 95' lang='lat' dir='ltr'><strong> </strong></span> 
     </span>
    </p>
   </div>
  </div>
 </body>
</html>
