2576 4396
246 227 305 284 DE
328 225 549 284 ClVlTATE
574 227 651 285 DEl
675 229 755 286 LlB.
778 231 838 288 xl.
1007 243 1069 302 347

37 383 105 440 Nam
118 383 149 437 iu
161 388 306 455 quantum
317 395 380 432 eam
393 380 531 452 capimus,
545 379 577 435 in
589 389 703 436 tautum
717 380 746 436 id
758 399 922 454 possumus.
945 385 1065 449 Verum.

37 476 127 521 tamen
144 465 226 519 inest
245 460 377 517 sensibus
395 461 612 520 irrationalium
632 463 841 536 animantium,
869 470 925 522 etsi
945 473 1067 532 seientia

37 549 108 604 nullo
121 547 225 617 modo,
237 553 271 600 'at
284 553 363 600 eerte
376 545 516 621 quaedam
530 547 671 602 scientiae
685 548 853 604 similitudo.
881 549 1002 609 Caetera
1015 573 1066 612 au-

37 641 88 686 tem
100 649 199 686 rerum
212 629 416 703 corporalium,
431 647 491 685 nou
503 631 570 705 quia
585 631 727 700 sentiunt,
742 628 792 687 sed
804 634 873 707 quia
888 637 1066 710 sentiuntur,

36 714 181 770 sensibilia
201 720 369 785 nuncupata
391 721 469 768 sunt.
514 714 645 782 Quorum
661 715 692 769 iu
707 713 832 771 arbustis
845 714 900 772 1111
913 719 1009 775 simile
1023 731 1068 776 est

36 798 179 866 sensibus,
203 795 281 871 quod
292 796 411 851 aluntur
424 805 454 850 et
466 798 595 876 gignunt
608 791 815 876 [gignuntur]
859 799 1066 858 Verumtamen

36 891 61 936 et
76 881 148 936 haee
166 889 198 934 et
214 880 314 934 omnia
331 881 493 954 corporalia
511 883 634 937 latentes
652 882 684 937 iu
705 889 810 938 usbrra
825 899 927 938 11111111
941 882 1067 956 habent3

35 965 80 1020 sed
91 963 201 1019 formas
214 981 301 1033 suas,
323 961 427 1038 quibus
440 963 542 1020 mundi
555 961 640 1020 buius
654 962 780 1021 visibilis
793 974 942 1024 structura
955 968 1065 1024 formo-

34 1067 61 1103 sa
74 1057 136 1119 est,
159 1046 329 1102 sentiendas
343 1047 476 1102 sensibus
489 1047 641 1122 praebent,
656 1055 690 1103 ut
701 1065 754 1122 pro
767 1065 802 1104 eo
816 1049 894 1123 quod
907 1068 995 1108 nosse
1008 1069 1068 1110 non

33 1139 166 1206 possunt,
193 1129 276 1204 quasi
290 1131 477 1186 innotescere
489 1133 566 1188 ve'lle
578 1131 745 1188 videantur.
787 1128 849 1188 Sed
863 1151 917 1188 uos
930 1151 965 1190 es
980 1152 1068 1192 sensu

34 1216 155 1289 eorporis
175 1214 218 1267 ita
235 1215 384 1286 capimus,
410 1222 444 1268 ut
456 1213 492 1269 de
505 1212 550 1270 his
565 1231 626 1269 uon
639 1231 729 1270 sensu
748 1215 878 1288 eorporis
897 1215 1067 1274 iudicemus.

33 1297 174 1352 Habemus
188 1297 268 1351 enim
282 1297 372 1351 alium
383 1297 533 1352 interioris
544 1295 672 1353 hominis
683 1313 803 1351 sensum
815 1297 872 1352 isto
882 1298 972 1376 longe
984 1317 1068 1372 prae-

32 1383 215 1450 stantiorem,
240 1397 299 1454 quo
316 1379 394 1435 iusta
407 1389 437 1434 et
451 1381 562 1436 iniusta
574 1381 735 1449 sentimus,
761 1379 841 1434 iusta
857 1397 912 1453 per
925 1382 1068 1459 iutelligi-

32 1465 113 1519 bilem
127 1465 265 1538 speeiem,
292 1463 401 1518 iniusta
412 1479 465 1537 per
479 1464 541 1518 eius
555 1464 762 1538 privationem.
805 1461 851 1520 Ad
864 1459 952 1520 huius
965 1481 1068 1519 sensus

32 1547 152 1602 officium
166 1563 228 1601 non
242 1547 320 1600 aeies
332 1548 478 1620 pupillae,
493 1565 553 1604 non
567 1547 698 1603 foramen
712 1547 872 1620 auriculae,
898 1565 960 1603 non
974 1548 1068 1620 spira·

32 1641 126 1685 menta
141 1630 271 1699 narium3
286 1647 346 1684 non
360 1638 464 1706 gustus
479 1630 623 1702 faucium,
638 1648 697 1688 nou
710 1631 786 1686 ullus
801 1647 957 1706 corporeus
971 1639 1068 1686 taetus

31 1714 145 1769 aceedit.
191 1710 235 1766 lbi
248 1729 295 1766 me
309 1721 338 1766 et
351 1729 415 1768 esse
428 1722 459 1767 et
471 1711 525 1769 hoe
539 1731 627 1770 nosse
641 1721 739 1770 certus
753 1731 828 1786 sum,
856 1723 887 1771 et
898 1707 1067 1790 1111111111]

31 1816 89 1851 amo
103 1805 191 1870 atque
205 1811 305 1850 amare
318 1813 365 1851 me
379 1797 514 1852 similiter
527 1805 624 1853 certus
638 1815 712 1853 sum.

360 1960 497 2026 CAP..
526 1959 733 2021 xxviii.

30 2061 66 2112 ‚dn
80 2061 163 2112 etiam
178 2059 268 2125 ipsum
283 2073 415 2122 amorem,
436 2075 486 2126 quo
498 2067 526 2110 et
536 2075 591 2110 esse
604 2069 631 2110 et
646 2057 715 2111 scire
730 2057 882 2128 diligimus,
902 2059 1065 2130 diligeretis·

84 2131 207 2192 11111111,
219 2143 271 2196 quo
281 2127 369 2197 magis
379 2128 486 2180 diuinae
500 2127 649 2180 liiveitutis
659 2127 776 2196 imagini
782 2129 1006 2198 propinquamus.

86 2217 145 2276 Sed
158 2217 197 2273 de
212 2216 327 2274 (luobus
346 2217 421 2289 illis,
448 2217 710 2273 essentia-seilicet
728 2226 758 2272 et
776 2217 897 2288 notitia,
924 2227 1066 2293 quantum

28 2313 159 2358 amentur
173 2304 205 2357 in
219 2301 323 2371 nobis,
349 2310 379 2356 et
402 2299 644 2376 quemadmodum
668 2301 756 2356 etiarn
777 2302 809 2356 iu
832 2303 956 2358 caeteris
979 2301 1066 2358 rebus

28 2405 96 2460 quae
109 2384 192 2441 infra
205 2393 294 2454 suut,
308 2401 410 2440 eorum
422 2387 603 2459 reperiatur,
621 2385 676 2438 etsi
690 2379 845 2454 differens,
865 2383 1006 2458 quaedam
1019 2395 1065 2440 ta·

28 2489 88 2525 men
102 2466 286 2538 similitudo,
313 2477 454 2542 quantum
471 2469 603 2539 suseepti
621 2464 708 2520 huius
727 2463 833 2538 Operis
853 2468 929 2521 ratio
942 2468 1006 2521 visa
1022 2478 1066 2522 est

26 2555 189 2625 postulare,
205 2551 278 2605 satis
292 2547 434 2606 diximus:
462 2547 497 2603 de
511 2565 611 2604 amore
624 2557 721 2602 autem
732 2563 789 2619 quo
802 2556 953 2616 amantur,
968 2557 1064 2602 utrum

26 2647 51 2690 et
63 2639 124 2710 ipse
137 2653 224 2691 amor
238 2643 371 2704 ametur,
386 2651 447 2688 non
461 2629 569 2685 dietum
584 2639 637 2684 est.
680 2627 804 2684 Amatur
817 2635 929 2682 autem:
956 2635 986 2681 et
997 2626 1066 2684 hine

27 2721 197 2791 probamus,
223 2714 301 2792 quod
314 2719 346 2773 in
358 2713 526 2772 hominibus
540 2714 591 2788 qui
603 2712 715 2767 reotius
729 2718 883 2780 amantur,
897 2709 959 2783 ipse
972 2713 1067 2787 magis

26 2813 146 2862 amatur.
192 2799 298 2876 Neque
317 2802 396 2856 enim
414 2799 463 2854 vir
484 2796 579 2852 bonus
597 2795 703 2852 merito
725 2793 834 2850 dieitur
853 2794 903 2868 qui
920 2794 977 2848 soit
990 2793 1068 2867 quod

25 2885 129 2942 bonum
143 2895 208 2955 est,
226 2883 278 2939 sed
292 2885 343 2958 qui
355 2883 461 2960 diligit.
504 2879 565 2937 Cur
578 2897 649 2956 ergo
664 2879 737 2934 etin
752 2877 906 2934 nobiscum
919 2878 991 2952 ipsis
1005 2895 1067 2934 non

27 2979 52 3023 et
69 2971 167 3043 ipsum
185 2984 316 3023 amorem
334 2983 388 3021 nos
406 2981 504 3020 amare
523 2963 683 3032 sentimus,
710 2980 767 3036 quo
785 2979 915 3017 amarum
930 2961 1067 3036 quiequid

27 3050 90 3106 boui
102 3045 259 3108 amamusl
303 3048 358 3104 Est
372 3049 450 3104 enim
466 3057 494 3102 et
508 3063 607 3116 amor,
631 3063 689 3119 quo
703 3055 817 3102 amatim
829 3055 860 3102 et
873 3043 951 3120 quod
964 3061 1066 3102 aman-

26 3132 87 3190 dum
101 3150 166 3191 uon
182 3143 241 3190 est:
267 3143 296 3188 et
310 3134 398 3187 istum
411 3143 540 3186 amorem
553 3129 615 3185 odit
628 3129 660 3184 in
675 3147 706 3184 se
719 3130 771 3205 qui
784 3130 866 3185 illum
880 3127 992 3206 diligit,
1007 3147 1065 3203 quo

27 3217 50 3271 id
64 3228 180 3274 amatur
194 3215 274 3292 quod
288 3213 444 3271 amandum
458 3222 511 3269 est.
547 3211 677 3268 Possunt
690 3213 769 3267 enim
782 3210 866 3267 ambo
881 3229 946 3266 esse
958 3213 991 3267 in
1005 3229 1064 3267 uno

27 3297 154 3372 homine,
185 3310 215 3356 et
228 3298 284 3355 hoo
300 3299 408 3354 bonum
421 3305 466 3352 est
478 3293 608 3365 homini,
622 3303 655 3350 ut
669 3295 721 3350 illo
734 3293 907 3367 proficiente
921 3311 978 3367 quo
991 3293 1066 3349 bene

24 3383 157 3455 sivimus,
172 3386 231 3438 iste
244 3381 362 3437 deficiat
376 3399 433 3454 quo
446 3381 521 3434 male
534 3378 672 3448 vivimus,
689 3375 782 3432 donee
795 3375 832 3429 ad
843 3375 1006 3448 perfeetsun
1019 3393 1066 3430 su-

26 3475 126 3538 netur,
155 3467 232 3522 etin
247 3465 357 3520 bonum
370 3469 564 3518 commutetur
577 3477 664 3516 omno
680 3457 758 3533 quod
771 3458 906 3512 vivimus.
938 3453 972 3510 Si
987 3458 1066 3511 enim

24 3564 127 3617 peoora
140 3565 287 3618 essemus,
302 3547 449 3602 carnalem
461 3545 553 3599 vitam
565 3553 596 3600 et
607 3541 686 3618 quod
696 3538 855 3596 secuudum
868 3553 988 3591 sensum
1002 3538 1066 3591 eins

25 3643 79 3700 est,
109 3645 293 3701 amaremus;
318 3627 407 3704 idque
421 3635 500 3682 eset
519 3625 665 3683 sufficiens
678 3625 787 3680 bonum
800 3628 951 3687 nostrum,
978 3627 1067 3673 etse-

25 3715 150 3771 cundum
174 3715 232 3770 hoe
256 3732 324 3769 oum
343 3721 421 3767 esset
441 3707 524 3766 uobis
543 3709 635 3779 bene,
661 3703 736 3762 nihil
754 3701 835 3759 aliud
849 3719 1065 3776 quaereremus.

26 3791 92 3852 item
107 3801 133 3853 si
152 3799 277 3854 arbores
298 3808 441 3864 essemus,
470 3789 544 3847 nihil
563 3790 680 3866 quidem
699 3787 848 3844 sentiente
865 3791 946 3840 motu
968 3801 1066 3840 amare

24 3893 189 3952 possemus,
218 3887 422 3935 verumtamen
438 3875 467 3932 id
480 3877 564 3951 quasi
578 3881 715 3947 oppetere
734 3869 920 3939 videremur,
947 3885 1005 3944 quo
1021 3867 1066 3925 le·
