2586 4396
234 205 272 259 ta
458 194 557 254 DlVl
577 191 761 250 AVRELll
785 190 1039 250 AVGVSTlNl

235 363 340 422 sceret,
367 360 400 406 ut
413 348 532 406 haberet
548 350 607 406 iam
619 349 718 424 populi
736 349 943 422 quantitatem,
969 357 1038 402 tunc
1051 351 1146 421 potnit
1160 354 1254 429 utique

233 439 314 509 fieri,
341 445 375 492 ut
388 444 417 491 et
429 435 633 505 constitueret,
660 441 689 488 et
701 449 807 489 nomen
820 431 1008 508 primogeniti
1021 432 1068 486 sui
1081 435 1255 492 constitutae

234 525 396 596 imponeret
409 519 529 575 civitati.
573 516 647 574 Tam
665 518 754 593 longa
771 515 875 590 quippe
897 515 960 571 vita
976 514 1094 571 illorum
1108 515 1255 575 bominum

233 605 305 675 tuit,
318 613 351 660 ut
363 604 423 658 illic
435 610 674 670 memoratorum,
687 617 810 675 quorum
819 607 850 653 et
861 599 932 654 anni
944 599 1027 654 taciti
1038 617 1099 656 non
1111 609 1190 670 suut,
1204 606 1256 676 qui.

232 690 383 744 minimum
405 687 482 742 vixit
503 693 571 741 ante
596 683 751 754 diluvium,
776 682 813 738 ad
831 683 1030 760 septingentos
1049 685 1256 762 qninquaginta

232 783 292 829 tres
304 770 478 847 perveniret.
522 767 596 825 Nam
614 769 711 842 plures
732 775 897 844 nongentos
916 784 1008 822 annos
1028 768 1115 823 etiam
1133 772 1255 825 nausie-

233 865 317 926 runt,
343 853 474 929 quamvis
487 871 572 908 nemo
586 851 623 908 ad
635 851 714 906 mille
726 851 902 925 pervenerit.
938 851 1011 916 Quis
1029 851 1128 926 itaque
1146 850 1255 909 dubita·

234 940 326 1008 verit,
351 955 402 1012 pcr
419 937 506 992 unius
524 933 651 991 hominis
664 943 788 990 aetatem
802 943 916 990 tontum
929 935 1118 1009 multiplicari
1130 938 1254 1010 potuisse

235 1039 328 1100 genus
341 1019 515 1088 humanum,
541 1030 575 1075 ut
591 1028 667 1075 esset
685 1018 763 1074 unde
782 1019 1010 1074 constitueretur
1027 1036 1089 1074 non
1111 1037 1185 1090 una,
1209 1020 1255 1075 sed

234 1105 376 1180 plurimae
389 1100 539 1160 civitates'l
573 1101 656 1169 Quod
668 1119 706 1157 ex
718 1100 773 1157 hoc
786 1102 892 1158 coniici
905 1101 1041 1157 facillime
1053 1111 1167 1177 potest,
1194 1105 1256 1178 quia

236 1207 274 1244 ex
287 1207 347 1244 uno
361 1185 504 1244 Abraham
516 1206 577 1244 non
589 1188 679 1242 multo
691 1187 813 1262 amplius
824 1184 1044 1262 quadringentis
1059 1187 1145 1242 annis
1159 1205 1256 1242 nume-

234 1273 341 1328 rositas
356 1270 507 1328 Hebraeae
520 1272 617 1350 gentis
631 1280 715 1328 tanta
732 1277 884 1345 procreata
896 1278 957 1340 est,
984 1279 1017 1325 ut
1032 1270 1064 1325 in
1084 1271 1162 1325 exitu
1179 1271 1255 1325 aius-

237 1355 301 1411 dem
320 1356 419 1430 populi
440 1373 477 1410 ex
490 1357 621 1435 Aegypto
647 1363 786 1410 sexcenta
802 1354 894 1409 millia
909 1350 1059 1409 hominum
1075 1352 1166 1410 fuisse
1183 1353 1256 1408 rele-

237 1449 340 1496 rautur
359 1439 480 1495 bellicae
499 1440 676 1511 inventutis,
703 1447 737 1494 ut
749 1439 913 1494 omittamus
931 1447 1049 1514 gentem
1060 1435 1257 1494 Idumaeorun

236 1541 295 1580 uon
309 1523 503 1596 pertinentem
521 1523 557 1578 ad
576 1525 714 1596 populum
727 1521 831 1592 lsradl,
861 1539 947 1596 quom
970 1523 1074 1600 genuit
1093 1520 1187 1578 frater
1203 1523 1256 1577 eius

235 1604 314 1663 Esau
332 1622 421 1677 nepos
438 1604 585 1678 Abrahae,
611 1615 641 1661 et
658 1608 730 1662 alias
743 1614 826 1662 natas
841 1601 976 1684 (gentes)
994 1623 1032 1662 cx
1046 1606 1159 1662 semine
1173 1608 1255 1682 ipsius

236 1685 381 1759 Abrahae,
396 1706 455 1745 non
468 1708 520 1764 per
533 1688 636 1747 Seram
650 1691 805 1767 coniugem
816 1697 990 1764 procreatas.

234 1937 278 1990 De
288 1941 367 2008 longa
377 1938 433 1990 cito
444 1936 591 2002 domitam,
611 1953 679 2008 quae
688 1937 753 2011 fuit
766 1945 830 1992 cote
840 1937 981 2000 dilucidae,
1001 1944 1028 1990 et
1038 1938 1070 1990 de
1080 1938 1207 2008 ampliore
1218 1938 1259 1990 Ιιιι-

549 2024 689 2062 maaorum
698 2009 948 2080 corporumforma·

298 2117 492 2184 Quamobrem
509 2118 606 2174 nullus
623 2115 751 2192 prudent
765 2133 863 2172 rerum
876 2117 1059 2172 existimator
1077 2117 1258 2188 dubitaverit,

235 2201 322 2272 Cain,
344 2220 404 2258 non
417 2203 510 2257 solum
523 2203 663 2276 aliquam,
687 2201 889 2259 verumetiam
902 2217 1035 2278 maguam
1049 2203 1182 2276 potuisse
1196 2221 1258 2259 con-

235 2284 304 2340 dere
319 2286 481 2354 civitatem,
507 2283 621 2359 quando
634 2287 667 2340 in
681 2294 741 2340 tam
754 2285 877 2361 longum
889 2293 1000 2358 tempus
1013 2283 1194 2360 prodebatur
1205 2289 1258 2342 vita

234 2369 415 2423 mortalium:
434 2369 492 2423 nisi
504 2367 581 2423 forte
594 2367 757 2423 infidelium
770 2369 914 2442 quispiam
926 2385 964 2422 ex
976 2369 1038 2443 ipsa
1051 2373 1257 2426 numerositate

234 2469 377 2508 annorum
390 2451 472 2508 nobis
485 2452 603 2530 ingerat
615 2453 833 2528 quaestionem,
853 2469 909 2528 quo
922 2453 1031 2509 vixisse
1044 2461 1116 2508 tunc
1131 2451 1258 2510 homines

145 2550 147 2555 ·
234 2536 372 2608 scriptum
385 2543 430 2591 ost
441 2537 472 2592 in
487 2536 651 2592 auctoribus
665 2536 788 2608 nostris;
801 2544 830 2590 et
839 2534 894 2591 hoc
905 2545 993 2614 neget
1003 2554 1065 2591 esse
1075 2536 1258 2594 credendum.

233 2616 277 2675 lta
299 2621 404 2694 quippe
426 2638 484 2676 non
509 2619 632 2677 credunt
654 2622 742 2676 etiam
763 2618 981 2697 magnitudines
999 2637 1157 2695 corporum
1176 2623 1258 2698 louge

233 2704 386 2778 ampliores
399 2713 471 2760 tunc
485 2703 576 2760 luisse
590 2721 675 2779 quam
693 2719 771 2760 nunc
788 2712 866 2759 sunt.
908 2701 991 2759 Vnde
1014 2713 1043 2760 et
1063 2703 1259 2760 nobilissimus

232 2805 333 2841 eorum
344 2791 430 2860 poeta
443 2785 599 2864 Virgilius,
622 2788 658 2844 de
670 2788 785 2865 ingenti
798 2785 906 2860 lapide,
931 2805 1017 2862 quern
1029 2789 1061 2844 in
1074 2805 1215 2865 agrorum
1228 2789 1259 2842 li-

231 2869 301 2923 mita
315 2869 454 2942 infixum,
478 2871 525 2926 vir
537 2869 621 2924 fortis
636 2871 750 2927 illorum
763 2880 923 2945 temporum
933 2889 1085 2949 pugnans,
1112 2882 1144 2928 et
1156 2872 1259 2945 rapuit,

232 2959 261 3005 et
275 2953 418 3021 cucurrit,
434 2961 464 3007 et
476 2953 612 3024 intorsit,
627 2961 656 3008 et
668 2954 805 3026 immisit,

245 3107 251 3122 ι
313 3033 372 3088 Vix
384 3036 466 3090 illum
480 3031 608 3115 (inquit)
621 3038 691 3093 lecti
703 3038 747 3094 bis
759 3056 813 3094 sex
826 3041 939 3096 cervice
953 3040 1095 3110 subirent,

315 3117 419 3183 Qualia
433 3137 511 3175 nunc
523 3117 672 3177 homiuum
684 3121 819 3196 producit
832 3140 955 3197 corpora
968 3126 1069 3180 tellus:
1134 3151 1138 3161 ·

232 3199 401 3278 significans
432 3205 542 3260 maiora
567 3213 637 3261 tunc
665 3224 785 3282 corpora
809 3207 968 3283 producere
993 3209 1090 3264 solare
1117 3208 1257 3263 tellurem.

231 3285 347 3350 Quanto
360 3287 453 3365 magis
467 3289 558 3366 igitur
571 3291 747 3364 temporibus
761 3291 975 3348 recentioribus
994 3289 1113 3361 mundi,
1141 3298 1206 3346 ante
1222 3290 1259 3343 il-

229 3367 280 3424 lud
293 3369 391 3426 nobile
405 3368 636 3450 diffamatumque
656 3370 812 3430 dilnvium?
856 3371 914 3431 Sed
931 3375 966 3430 de
979 3392 1134 3449 corporum
1147 3372 1260 3451 magni-

229 3451 330 3508 tudine
354 3455 523 3531 plerumque
545 3455 710 3513 incredulos
734 3457 842 3513 nudata
859 3477 911 3533 per
927 3467 1104 3516 vetustatem
1123 3460 1188 3514 sive
1212 3473 1260 3532 per

229 3537 288 3592 ιίιιι
301 3535 453 3594 fluminum
465 3541 619 3616 variosque
634 3557 719 3594 casus
733 3542 864 3615 sepulcra
883 3545 1075 3612 convincunt,
1103 3541 1157 3598 ubi
1176 3559 1259 3616 appa-

229 3631 368 3692 ruerunt,
393 3623 441 3678 vel
463 3622 541 3679 unde
566 3621 737 3680 ceciderunt
756 3623 935 3682 incredibilis
958 3625 1172 3704 magnitudinis
1196 3641 1260 3679 ossa

230 3711 419 3760 marmorum.
461 3705 528 3761 Vidi
546 3695 687 3782 ipse'uon
707 3708 801 3778 solus,
827 3708 878 3765 sed
897 3700 1008 3785 aliquot
1020 3727 1136 3765 mecum
1150 3711 1182 3764 in
1196 3706 1261 3762 Vti-

233 3783 313 3836 oeusi
330 3785 430 3842 littore
450 3791 588 3846 molarem
601 3788 725 3845 hominis
748 3789 863 3847 dentem
876 3801 936 3849 tam
948 3795 1113 3872 ingentem,
1140 3801 1176 3847 ut
1189 3793 1218 3846 si
1232 3792 1259 3844 in

234 3872 396 3922 nostrorum
409 3868 540 3928 dentium
558 3871 686 3928 modulos
707 3876 872 3931 minutatim
895 3877 1112 3948 concideretur,
1141 3885 1260 3932 centum
