2576 4396
248 224 308 282 DE
333 223 548 283 civitais:
573 226 650 286 DEl
677 229 758 290 LlB.
785 235 844 292 Xl.
1014 246 1075 303 353

37 381 148 434 ruinosa
162 378 274 451 pictate
287 378 490 451 tranquillam,
517 379 603 434 istam
616 381 780 440 tenebrosis
794 388 997 462 cupiditatibus
1012 407 1073 452 tur-

39 463 198 517 bulentam:
227 462 309 516 illam
323 458 381 515 Dei
398 470 473 516 nutu
494 462 653 519 elementer
671 466 911 545 subvenientem,
939 477 1015 532 iuste
1028 483 1073 535 ul-

37 548 211 616 ciscentem,
238 546 326 600 istam
344 561 395 599 suo
415 544 492 600 fastu
508 545 651 603 subdendi
670 558 700 604 et
713 555 839 610 nocendi
852 556 973 613 libidine
988 577 1074 617 exae-

35 637 195 684 stuantem:
223 629 320 698 illam,
346 636 381 682 ut
393 637 535 702 quantum
548 633 614 687 vult
630 636 781 706 cumulat,
808 636 866 693 Dei
880 638 1005 697 bonitati
1019 646 1073 700 mi-

34 714 173 782 nistram3
192 713 296 782 istam,
311 729 349 766 ne
367 721 511 785 quantum
523 715 587 770 vult
599 725 714 787 noceat,
727 717 785 774 Dei
797 731 944 794 potestate
957 724 1069 782 fraena-

33 804 104 850 tam:
133 797 217 850 illam
231 792 300 850 huic
313 793 501 867 illudentem,
527 805 560 852 ut
583 799 685 854 nolens
707 805 801 875 prosit
821 809 1074 878 persecutionibus

33 880 105 950 suis;
132 877 211 934 hanc
230 879 275 932 illi
293 876 490 950 invidentem,
518 899 584 936 cum
597 885 769 960 peregrinos
784 889 897 966 colligit
910 909 993 947 suos:
1020 911 1073 948 nos

33 980 100 1038 ergo
121 960 177 1016 has
197 961 269 1016 duas
284 962 438 1016 societates
457 966 607 1042 angelicas
621 968 700 1022 inter
714 987 745 1023 se
759 969 887 1044 dispares
902 983 989 1049 atque
1002 995 1073 1032 con·

32 1046 148 1116 trarias,
163 1063 253 1101 unam
267 1053 414 1100 sanatura
427 1045 543 1118 bonam,
558 1058 588 1104 et
598 1051 751 1106 voluntate
763 1063 889 1127 rectam3
903 1059 990 1113 aliam
1000 1078 1073 1115 vero

32 1139 137 1184 natura
151 1129 259 1184 bonam
267 1167 277 1198 ,
303 1127 355 1183 sed
367 1131 520 1186 voluntate
532 1151 716 1205 perversam,
743 1136 808 1190 aliis
821 1140 1073 1198 manifestioribus

31 1212 198 1268 divinarum
211 1211 432 1286 scripturarum
444 1215 620 1270 testimoniis
640 1215 820 1289 declaratas,
847 1222 925 1294 quod
939 1225 1029 1280 etiam
1042 1227 1074 1280 in

30 1293 81 1352 lsoc
95 1297 190 1366 libro,
219 1297 266 1352 cui
280 1313 386 1351 nomen
401 1305 446 1352 est
460 1297 602 1368 Genesis,
629 1301 705 1354 lucis
723 1302 966 1378 tenebrarumque
985 1325 1074 1374 voca-

30 1379 101 1434 bulis
116 1379 302 1457 significatas
317 1381 565 1451 existimavimus,
593 1383 709 1437 etiamsi
728 1384 806 1439 aliud
825 1388 918 1441 sensit
936 1386 990 1443 hoc
1009 1391 1075 1443 loco

29 1463 103 1518 forte
116 1465 169 1537 qui
185 1463 314 1536 scripsit,
328 1480 389 1518 non
403 1472 449 1518 est
462 1465 609 1519 inutiliter
622 1465 783 1522 obscuritas
797 1465 882 1524 huius
895 1480 1074 1544 pertractata

29 1548 214 1602 sententiae:
242 1548 312 1620 quia
331 1547 390 1601 etsi
407 1547 586 1604 voluntatem
603 1551 733 1605 auctoris
751 1551 819 1606 libri
831 1550 918 1608 huius
933 1553 1072 1632 indagaro

28 1630 225 1704 nequivimus,
241 1645 259 1683 a
273 1631 378 1706 regula
388 1639 486 1685 tamen
501 1629 579 1701 fidei,
595 1649 668 1706 quae
680 1649 732 1706 per
745 1635 817 1691 alias
830 1636 960 1692 eiusdem
970 1647 1070 1694 aucto-

27 1713 122 1768 ritatis
136 1729 239 1767 sacras
257 1713 360 1767 literas
375 1715 446 1767 satis
459 1713 592 1770 fidelibus
607 1725 677 1771 nota
691 1725 752 1788 cst,
781 1737 840 1774 non
860 1719 1071 1777 aberravimus.

28 1794 89 1851 Etsi
103 1797 187 1851 enim
200 1797 364 1867 corporalia
377 1793 424 1849 hic
438 1807 663 1854 commemorata
677 1810 748 1856 sunt
760 1818 848 1874 opera
860 1801 936 1874 Dei,
963 1803 1073 1859 habent

27 1881 126 1951 procul
150 1876 241 1932 dubio
265 1878 436 1932 nonnullam
453 1879 675 1936 similitudinem
695 1884 884 1956 spiritalium,
912 1886 1072 1943 secundum

27 1981 109 2035 quam
125 1961 199 2016 dicit
211 1960 384 2032 Apostolus:
414 1956 522 2016 Omnes
541 1964 616 2017 enim
636 1981 688 2020 cos
699 1964 766 2034 fitis·
783 1966 857 2023 lacis
877 1971 950 2025 estis
965 1979 995 2025 et
1006 1969 1074 2040 filis·

28 2046 85 2100 diei
89 2063 100 2117 ;
128 2063 188 2100 non
202 2059 304 2099 sumus
317 2045 426 2112 noctis,
449 2055 540 2119 ‘raeque
554 2045 752 2102 tenebrarum.
775 2047 809 2103 Si
822 2060 920 2105 autem
933 2050 987 2105 hcc
1002 2069 1070 2105 scn-

28 2128 64 2180 sit
76 2130 169 2182 etiam
188 2128 239 2181 illc
259 2127 310 2200 qui
329 2127 462 2199 scripsit,
489 2125 526 2181 ad
539 2127 747 2199 perfectiorem
762 2129 968 2204 disputationis
982 2132 1071 2188 finem

27 2220 129 2265 nostra
154 2209 294 2282 pervenit
319 2209 462 2264 intentio:
485 2217 519 2264 ut
535 2208 623 2264 homo
636 2208 694 2265 Dei
713 2221 773 2267 tam
792 2215 918 2269 eximiae
936 2214 1069 2270 divinae-

26 2311 80 2366 que
96 2293 279 2366 sapientine,
307 2292 367 2346 imo
387 2309 439 2366 per
460 2310 527 2348 eum
540 2291 669 2367 Spiritus
683 2293 740 2350 Dei
759 2297 790 2352 in
810 2297 1069 2354 commemorandis

26 2377 162 2449 operibus
176 2373 252 2444 Dei,
280 2391 354 2448 quae
367 2376 464 2431 omnia
477 2384 562 2431 sexto
576 2376 622 2431 die
641 2376 712 2432 dicit
730 2397 795 2435 csse
813 2380 961 2454 perfecta,
987 2384 1070 2438 nullo

24 2459 108 2514 modo
122 2459 248 2536 angelos
260 2459 495 2532 praetermisisse
509 2459 657 2514 credatur:
684 2462 746 2516 sive
759 2459 795 2516 Ie
803 2465 975 2538 principio,
1002 2466 1070 2536 quia

25 2544 116 2614 primo
131 2542 222 2610 fecit3
249 2541 311 2596 sive
324 2541 401 2615 quod
414 2542 640 2596 convenientius
654 2542 846 2618 intelligitur,
860 2541 896 2596 In
904 2545 1070 2618 principio,

24 2627 93 2696 quia
106 2627 140 2680 in
155 2623 254 2680 Verbo
267 2625 422 2701 unigenito
436 2622 520 2690 lecit,
547 2624 687 2696 scriptum
701 2625 753 2692 sit,
779 2621 815 2679 In
824 2624 979 2698 prines‘ps‘o
985 2623 1070 2692 fecit

24 2704 108 2762 Deus
124 2707 238 2764 coelum
252 2718 282 2763 et
295 2717 428 2763 terram:
456 2705 560 2779 quibus
580 2703 745 2759 nominibus
765 2705 942 2761 universalis
963 2713 1009 2759 est
1029 2708 1069 2760 si-

22 2789 167 2864 gnificata
181 2798 332 2860 creatura,
356 2791 405 2846 vel
419 2788 561 2862 spiritalis
576 2795 606 2842 et
619 2789 795 2861 corporalis,
824 2787 900 2864 quod
914 2797 960 2843 est
973 2789 1069 2844 credi-

22 2873 131 2946 bilius;
157 2874 208 2931 vel
230 2890 357 2950 inagnae
379 2872 453 2928 duae
476 2871 577 2926 mundi
601 2879 719 2945 partes,
746 2873 850 2948 quibus
874 2873 972 2928 omnia
994 2891 1069 2948 quac

24 2966 123 3012 creata
137 2966 213 3022 suut
223 2957 430 3026 continentur,
457 2965 489 3010 ut
502 2956 637 3030 primitus
651 2972 715 3010 eam
728 2965 819 3012 totam
832 2966 1020 3032 proponeret,
1035 2975 1068 3012 ac
1119 2972 1125 2986 “

23 3037 129 3095 deinde
142 3049 243 3114 partes
257 3039 320 3094 eius
334 3038 491 3094 secundum
503 3039 660 3113 mysticum
678 3038 792 3096 dierum
811 3059 966 3096 numerum
981 3059 1066 3095 cxsc-

24 3132 172 3192 queretur.

369 3204 482 3262 CAP.
526 3205 720 3263 XXXIV.

22 3296 70 3348 De
83 3317 109 3350 eo
120 3302 191 3368 quod
200 3301 309 3368 paidom
316 3310 419 3369 putant
425 3339 433 3364 ,
452 3302 481 3352 c'n
492 3301 642 3354 conditione
647 3301 818 3371 firtnoments'
827 3319 961 3370 aquaram
971 3304 1068 3354 disere*

22 3376 118 3422 tarum
131 3371 238 3423 nomine
247 3373 360 3440 angelos
373 3369 542 3439 significatos
549 3407 557 3433 ‚
578 3381 606 3422 et
616 3372 687 3439 quod
696 3371 803 3438 quidam
814 3387 899 3438 aquas
909 3370 1068 3423 existimant

452 3456 505 3492 noa
525 3449 641 3492 creatas.

94 3547 264 3623 Quanquam
284 3548 420 3603 nonnulli
440 3547 611 3620 putaverint
624 3564 765 3622 aquarum
781 3545 900 3598 nornine
914 3538 1066 3622 significa·

22 3639 74 3681 tos
98 3631 219 3700 quodam
230 3630 315 3687 modo
329 3633 451 3704 populos
465 3631 651 3705 angelorum3
679 3638 708 3684 et
720 3627 775 3682 hoo
790 3643 854 3680 csse
868 3621 945 3696 quod
958 3621 1069 3676 dictum

23 3721 88 3780 est,
103 3708 171 3768 Fici
177 3713 401 3784 firmamentum
414 3713 496 3768 inter
510 3730 617 3787 aquom
631 3723 660 3769 et
674 3727 798 3786 aquom:
823 3715 857 3762 ut
870 3723 958 3778 supra
971 3703 1068 3760 lisma-

22 3801 160 3849 mcntum
173 3798 271 3872 angeli
285 3797 509 3872 intelligantur,
536 3795 614 3850 infra
629 3811 697 3850 vero
710 3794 758 3848 vel
771 3809 864 3866 aquae
878 3791 953 3843 istae
966 3789 1068 3844 visibi-

22 3877 85 3947 les,
115 3879 310 3936 velmalorum
325 3880 498 3956 asrgelorum
509 3878 681 3948 multitudo,
708 3877 756 3930 vel
770 3876 901 3930 omnium
920 3870 1068 3927 hominum

751 3958 777 4015 Z
