2538 4392
230 207 288 267 188
455 195 553 257 nlvt
574 193 764 256 avuaun
784 192 1040 254 ava-vsutul

232 348 517 430 commemorantum
528 349 667 426 paulatim
679 345 834 406 crescendo
846 345 982 404 robustas
995 364 1046 404 eas
1059 356 1090 406 ct
1101 347 1251 422 bellicoaau

233 450 468 516 quaquaversum
480 430 667 502 dilatabatur,
680 431 804 488 invenit.
840 427 984 506 Tempore
996 431 1091 509 igitur
1103 449 1161 508 quo
1175 432 1252 492 Rom

233 519 352 580 condita
364 526 422 591 ast,
434 516 559 593 populus
572 513 665 574 lsracl
676 511 801 572 habebat
813 514 846 572 in
859 523 938 572 terra
950 515 1158 587 promissionis
1174 535 1253 576 annos

231 603 436 682 septingentos
447 597 549 658 dacem
562 606 592 656 et
605 606 683 657 octo.
696 597 745 656 Ex
754 596 859 673 quibus
872 597 981 675 viginti
993 605 1106 673 septem
1116 602 1253 674 pertineat

231 686 268 744 ad
281 682 487 754 lesumNavc,
511 679 616 738 deinde
631 681 668 737 ad
681 690 793 756 ternpus
806 678 936 738 lodicum
950 683 1078 738 trecenti
1090 683 1199 761 viginti
1209 703 1251 742 no-

230 789 307 828 vam.
341 766 389 824 Ex
404 784 463 842 quo
477 775 576 822 autem
588 764 630 822 ibi
643 763 741 844 Reges
757 782 821 821 csse
834 773 1009 839 coeperant,
1020 766 1094 822 anni
1108 777 1193 824 orant
1205 777 1251 824 trc-

231 854 312 913 conti
324 851 482 928 sexaginta
492 846 562 906 duo.
575 847 616 904 Et
624 865 679 906 rex
684 858 755 904 tuno
767 857 833 906 erat
844 849 876 905 in
888 845 971 920 luda,
987 849 1071 905 cuius
1082 868 1190 907 nomen
1203 861 1251 908 ent

229 934 338 1006 Achae,
348 935 408 1005 vel,
421 933 498 990 sicut
510 933 562 989 alii
576 940 760 1006 computant,
772 932 822 1007 qui
834 932 862 988 ei
875 929 1171 1006 successitEaecbias,
1179 952 1252 1008 quan

230 1017 347 1094 quidam
360 1024 491 1087 constat,
512 1016 653 1096 optimum
667 1023 698 1070 et
708 1015 873 1090 piissimum
883 1031 984 1093 rogem
996 1011 1114 1074 Romuli
1125 1035 1253 1093 regnasse

231 1101 420 1176 temporibus.
453 1097 487 1157 ln
501 1116 618 1156 cavero
629 1096 770 1158 Hebraici
782 1099 1058 1175 populiparthuae
1070 1099 1253 1175 appellabatur

230 1183 332 1256 lsrail,
350 1201 478 1262 regnare
492 1189 628 1260 coeperat
640 1179 726 1240 Osee.

582 1298 705 1358 (lAl’.v
748 1295 915 1358 XXlll.

229 1379 274 1435 De
286 1379 387 1450 Sibylla
398 1377 569 1449 Erythraea,
588 1395 658 1446 puae
672 1377 746 1432 a'ctcr
761 1377 830 1430 alias
842 1378 957 1450 sibyllos
967 1379 1139 1449 cogswtcitar
1150 1380 1181 1431 ce
1189 1377 1251 1432 cart

533 1455 575 1500 tto
585 1446 718 1502 euidentia
732 1447 819 1500 mado
833 1447 966 1502 cecinisse.

310 1523 422 1583 Eodem
441 1531 572 1598 tempore
591 1521 729 1578 nonnulli
750 1517 893 1596 Sibyllam
911 1519 1106 1599 Erythraeam
1125 1524 1251 1580 raticina-

232 1618 293 1664 tam
306 1605 413 1664 icrunt.
451 1602 579 1680 Sibyllas
595 1611 695 1662 autem
708 1601 801 1660 Varro
820 1604 950 1679 prodidit
960 1607 1061 1680 plures
1072 1605 1183 1678 fabae,
1207 1625 1251 1664 noa

231 1707 330 1746 unam.
354 1686 437 1744 Haec
450 1703 521 1744 sanc
533 1684 700 1762 Erythraea
713 1683 826 1762 Sibylla
841 1687 983 1765 quaedam
994 1688 1030 1745 de
1043 1685 1162 1748 Christo
1175 1689 1251 1746 naui

232 1773 310 1830 festa
322 1770 513 1843 conscripsit:
536 1768 615 1844 quod
628 1770 717 1826 ctiam
731 1787 785 1826 nos
797 1773 881 1845 prius
893 1773 925 1830 in
938 1771 1044 1832 Latina
1056 1773 1163 1852 lingna
1174 1775 1251 1832 verri·

232 1855 286 1914 bus
298 1854 375 1910 male
385 1851 500 1910 Latinis
514 1859 544 1908 et
556 1869 618 1909 non
632 1849 777 1910 stantibus
790 1855 926 1933 legimus,
945 1857 1112 1932 per,ncscio
1125 1859 1207 1914 euius
1217 1857 1250 1912 ia·

233 1937 382 2013 terpratis,
395 1935 582 2011 imperitiam,
595 1937 672 1992 sicut
683 1944 752 2011 post
766 1940 967 2015 cognovimus.
988 1937 1064 1997 Nam
1076 1941 1125 1996 vir
1139 1941 1251 1998 clarissi-

232 2039 296 2078 mus
309 2020 498 2092 Flaccianus,
523 2020 575 2095 qui
589 2021 677 2076 etiam
689 2023 845 2095 proconsul
857 2021 930 2094 fuit,
953 2020 1038 2080 hamo
1051 2021 1207 2082 iacilliuuse
1218 2022 1251 2078 ts-

233 2105 370 2176 cuadlae,
382 2103 547 2178 multaeque
560 2101 722 2173 doctrinae,
742 2120 831 2178 quum
844 2104 881 2162 dc
894 2103 1010 2164 (lbristo
1022 2107 1251 2182 colloqueremur,

234 2187 382 2246 Graecum
395 2185 479 2244 nobis
494 2185 626 2252 codicem
638 2186 777 2261 protulit,
801 2189 931 2246 carmina
944 2207 1008 2246 esse
1018 2187 1123 2246 dicans
1137 2187 1251 2266 Sibyla

231 2269 429 2348 Erythraeae,
450 2269 502 2324 ubi
515 2267 645 2327 ostendit
655 2269 780 2345 quodam
792 2270 857 2328 loco
870 2273 903 2328 in
915 2271 1057 2348 capitibus
1069 2291 1207 2330 versuum
1217 2289 1251 2329 ar·

232 2354 329 2410 dinem
341 2354 494 2408 literarum
507 2353 549 2410 ita
562 2371 596 2408 se
607 2349 781 2426 habentem,
805 2362 839 2412 ut
850 2351 922 2412 baec
935 2357 968 2412 in
981 2374 1015 2412 eo
1027 2355 1118 2414 verba
1130 2357 1252 2436 legeres·

231 2446 294 2493 tur:
322 2433 433 2515 Ιησοῦς
444 2428 579 2514 Χριστὸς
595 2431 675 2494 Θεοῦ
689 2426 753 2504 υἱὸς
767 2425 881 2516 σωτήρ,
909 2437 985 2515 qnod
997 2447 1043 2495 est
1054 2437 1172 2512 Latine,
1189 2438 1253 2496 lcsat

232 2517 363 2578 Christus
377 2517 436 2575 Dei
447 2517 542 2576 Filius
555 2517 701 2578 Salvator.
736 2517 776 2574 lli
789 2528 887 2578 autem
904 2540 1007 2580 versus
1021 2540 1148 2597 qnorum
1159 2524 1254 2600 prinae

231 2604 335 2662 literae
348 2604 439 2660 istum
452 2620 581 2675 sensnm,
596 2605 682 2678 quein
695 2601 832 2674 diximus,
845 2603 981 2677 reddunt,
995 2606 1072 2662 sicut
1086 2624 1138 2662 eos
1152 2603 1253 2682 quidus

230 2683 344 2761 Latinis
354 2696 384 2744 ct
390 2683 452 2764 [ex]
460 2687 605 2747 stantibus
612 2685 744 2743 versibus
753 2693 798 2742 est
803 2685 1098 2762 interpretatus,baec
1106 2691 1253 2748 continear

324 2769 352 2813 Ν
365 2767 470 2826 ludicii
483 2770 602 2847 signum
614 2771 700 2833 tellus
714 2768 820 2826 sudore
830 2771 987 2831 madescat.

325 2829 408 2910 &Ec
422 2851 489 2910 Rex
502 2851 641 2910 adveniet
653 2870 707 2926 per
719 2854 815 2910 saecla
828 2853 960 2917 sumtus:

327 2913 355 2978 Μ
366 2933 488 2990 Scilicet
500 2935 533 2990 in
547 2953 637 2990 carne
649 2951 790 3008 praesens
804 2946 838 2994 ut
850 2937 1079 2998 iudicatorbem.

325 3005 355 3056 0
365 3015 450 3082 Vnde
462 3014 558 3074 Deum
574 3025 697 3074 cernent
710 3019 877 3078 incredulus
891 3032 978 3100 atque
989 3022 1086 3080 fidelis

325 3085 354 3142 ¹'3
366 3096 485 3156 Celsum
497 3117 564 3156 oum
577 3102 699 3176 sanctis,
713 3104 779 3162 aeri
792 3105 852 3162 iam
863 3107 989 3164 termino
1001 3108 1034 3165 in
1046 3109 1120 3182 ipso.

325 3160 353 3227 Μ
366 3180 417 3240 Sic
430 3183 545 3242 animae
559 3203 625 3242 curn
638 3203 728 3246 carne
740 3185 876 3261 aderunt,¹
889 3208 962 3266 quas
975 3190 1087 3248 iudicet
1098 3189 1170 3266 ipse.

325 3265 353 3341 bt
366 3267 464 3333 Quum
476 3269 554 3328 iacet
567 3270 698 3328 incultus
711 3269 811 3328 densis
823 3273 856 3330 ia
868 3274 1006 3348 uepribus
1019 3273 1110 3332 orbis.

324 3342 516 3413 l*alleiicicnt
529 3353 685 3410 simulacra
696 3354 766 3426 viri,
784 3365 920 3416 cunctam
934 3375 1052 3434 quoquc
1065 3374 1182 3438 gamm:

324 3431 481 3494 &Exorat
493 3444 587 3492 terras
599 3437 691 3515 ignis,
711 3447 893 3515 pontumque
905 3441 1061 3518 polumque

323 3523 351 3570 Ν
363 3516 530 3593 lnquircns,
544 3521 616 3576 tetri
628 3529 728 3594 portas
744 3519 884 3601 effringet
897 3523 1017 3582 Averni

323 3593 351 3658 lt
364 3598 541 3659 Sanctorum
554 3601 606 3658 sed
619 3605 697 3660 eninr
711 3614 836 3664 cunctae
848 3609 901 3664 lux
913 3609 1006 3667 libera
1017 3609 1102 3666 carni

323 3685 351 3736 N
365 3681 521 3756 Tradetur,
535 3694 634 3742 sontes
648 3695 802 3746 aeternum
815 3687 931 3750 flamma
943 3693 1093 3751 cremabit.

323 3765 352 3815 Ο
365 3763 501 3823 Occultos
515 3776 597 3824 actus
610 3778 760 3847 retegens,
773 3780 844 3830 tunc
858 3775 981 3850 quisque
994 3775 1129 3851 loquetur

323 3839 495 3919 tesseram,
508 3858 594 3926 atque
607 3849 689 3914 Dauo
702 3854 844 3934 reserabit
854 3866 975 3934 pectora
987 3857 1057 3915 luci.
