2538 4392
237 233 297 295 DE
321 232 544 296 ClVlTh'l'E
569 239 647 299 DEl
678 241 761 301 als.
783 243 891 305 XVII.
1019 257 1077 311 tos

2 413 5 439 l
38 389 116 448 tium
130 383 194 444 Dei
202 403 234 444 se
246 384 368 460 habere,
382 397 412 446 et
416 387 518 461 filium
532 387 596 450 Dei
603 407 634 450 se
644 395 785 454 nominat.
816 395 1077 464 Factusestnobit

1 503 2 524 l
35 475 69 530 in
96 471 315 529 traductionem
341 475 553 549 cogitationum
577 485 756 536 nostrarum.
797 479 908 539 Craris
930 495 975 542 est
995 488 1076 545 nobie

1 585 3 594 ν
35 557 133 613 etiem
152 555 196 612 ad
205 555 375 627 videndum,
401 559 538 636 quoniam
551 559 704 617 dissimilis
717 571 763 620 est
773 563 845 621 aliie
855 567 920 624 uita
934 567 1029 639 illiue,
1046 581 1076 628 et

1 671 2 674 =
35 639 219 695 immutatae
238 640 306 696 viae
322 641 394 698 eius.
434 639 587 720 Tanquam
604 661 734 720 nugaces
753 650 908 705 aestimati
925 665 1023 708 sumas
1040 653 1077 709 ab

33 722 105 792 illo,
129 731 162 778 et
176 721 351 780 obstinatae
364 743 384 780 a
394 725 453 782 niis
465 728 577 783 nostrie
593 729 680 804 quasi
696 727 733 784 ab
752 731 964 790 immunditiis:
982 751 1078 811 prae·

24 805 106 878 fert
117 805 279 862 amissima
291 807 451 877 iustorum,
465 820 495 867 et
506 809 672 886 gloriatur,
678 821 802 890 patrem
813 813 908 872 Deum
917 833 949 874 se
959 815 1076 874 habero.

36 887 201 946 Videamus
214 907 284 965 ergo
297 893 327 946 ei
341 905 489 949 sermones
506 892 588 950 illius
605 896 673 950 oeri
689 906 773 966 eunt,
799 907 830 955 et
846 907 991 956 tentemus
1002 918 1078 976 puae

29 982 167 1030 oentecra
190 983 261 1029 suut
282 973 343 1042 illi,
370 984 400 1030 et
415 977 539 1032 sciemus
558 995 634 1053 puae
653 989 742 1036 erunt
760 983 917 1038 nocmeimo
931 985 1003 1039 eiua.
1042 980 1077 1040 Se

28 1058 112 1113 enim
126 1056 224 1110 iustus
237 1055 379 1127 estfiliue
393 1055 468 1128 Dei,
481 1062 623 1136 susciperet
634 1059 728 1130 illum,
743 1071 773 1119 et
786 1063 926 1121 liberabit
940 1066 976 1122 de
988 1080 1077 1122 manu

28 1139 267 1196 contrariorum.
294 1137 477 1198 Contumelia
491 1153 521 1199 et
534 1153 678 1200 tormento
693 1145 908 1222 interrogemus
921 1147 1019 1217 illum,
1042 1155 1078 1206 ut

28 1225 169 1278 sciamus
193 1224 390 1279 reverentiam
415 1223 513 1294 illius,
538 1236 570 1282 et
586 1225 746 1304 probemus
764 1232 949 1306 patientiam
974 1232 1076 1308 psoius.

27 1303 135 1362 Morte
160 1305 334 1380 turpissima
357 1307 578 1364 condemnemus
598 1307 696 1364 illum:
723 1313 783 1367 erit
797 1313 873 1368 enim
886 1314 916 1368 ei
926 1321 1077 1390 reopoectue

27 1407 67 1445 ec·
80 1386 271 1444 sermonibus
283 1387 376 1444 illius.
389 1387 476 1447 Haec
489 1393 708 1466 cogitauerunt,
722 1403 753 1449 et
766 1405 961 1452 erraverunt:
974 1413 1076 1452 encoe-

24 1472 117 1528 carit
132 1470 210 1526 enim
221 1469 289 1526 illos
302 1471 420 1528 malitia
432 1475 572 1550 ipsorum.
615 1471 651 1530 ln
663 1473 873 1532 Ecclesiastico
888 1485 986 1533 eutem
1004 1476 1076 1533 lides

24 1555 173 1632 gentium
190 1551 289 1608 futura
308 1554 489 1628 praedicitur
507 1558 565 1612 isto
582 1555 683 1614 mode:
709 1557 856 1618 Miserere
872 1562 972 1616 nostri
984 1558 1076 1618 domi·

22 1647 125 1696 nator
139 1633 226 1693 Deus
247 1639 388 1707 omnium,
412 1649 442 1696 et
464 1641 589 1698 immitto
611 1641 746 1698 timorem
770 1652 852 1699 tuum
870 1659 961 1720 super
979 1659 1077 1699 omnes

20 1729 160 1798 gentes:
187 1719 294 1776 ectolle
307 1739 424 1778 manum
436 1732 518 1779 tuam
531 1739 622 1801 super·
634 1734 740 1798 gentes
754 1725 888 1796 alienas,
912 1735 943 1782 et
955 1726 1078 1782 videant

13 1803 203 1884 potentiam
228 1813 319 1859 tuam.
362 1802 449 1861 Sicut
469 1823 570 1862 coram
589 1805 649 1861 illis
671 1807 881 1878 sanctificatus
895 1823 927 1865 es
939 1807 970 1864 in
983 1807 1077 1878 nobie,

19 1892 72 1947 ita
87 1903 199 1944 coram
210 1885 294 1942 nobie
306 1885 511 1962 magnificeris
520 1889 551 1943 in
564 1889 637 1958 illis,
652 1897 683 1945 et
695 1899 863 1964 agnoscant
875 1899 907 1947 te
919 1891 1077 1948 seeundum

19 1971 109 2050 quod
124 1977 160 2026 et
172 1985 225 2024 nos
239 1971 458 2044 agnovimus,
472 1969 926 2048 quianonestlieuspraeterte‚
941 1969 1076 2038 Domine.

15 2054 119 2114 Hanc
140 2051 263 2126 optandi
281 2060 311 2108 et
327 2053 467 2126 precandi
487 2055 587 2126 speeie
604 2051 785 2126 prophetiam
803 2071 856 2127 per
875 2052 973 2110 lesum
991 2051 1076 2111 Chri·

15 2148 108 2196 etum
133 2133 269 2192 videmus
293 2136 452 2210 impletam.
495 2134 556 2192 Sed
577 2135 718 2192 adversus
743 2135 992 2192 contradictiones
1015 2154 1077 2194 non

14 2229 117 2280 tanta
139 2217 280 2275 firmitate
302 2218 511 2293 proferuntur,
539 2235 613 2293 quae
633 2218 742 2292 scripta
756 2236 817 2276 non
835 2219 950 2276 suntin
962 2236 1077 2277 canone

11 2304 218 2364 ludaeorum.

90 2386 133 2444 In
149 2385 243 2442 tribus
255 2402 327 2442 vero
340 2385 416 2455 illis,
441 2401 512 2459 quos
528 2381 692 2442 Salomonis
707 2403 772 2442 esse
786 2394 918 2457 constat,
937 2395 967 2443 et
978 2383 1078 2446 ludaei

8 2470 195 2530 canonieus
219 2466 347 2540 hebent,
373 2475 408 2524 ut
432 2467 623 2537 ostendatur,
646 2467 683 2524 ad
697 2467 846 2525 Christum
864 2477 895 2526 et
912 2467 1077 2526 Ecclesiam

6 2556 186 2633 pertinere
200 2550 276 2624 quod
287 2553 320 2606 in
332 2551 376 2606 eis
390 2549 534 2606 eiusmodi
544 2551 698 2622 reperitur,
714 2569 837 2626 operosa
850 2551 1010 2626 disputatio
1023 2570 1076 2608 ne·

4 2636 165 2697 cessaria
185 2643 246 2702 est,
273 2651 348 2709 quae
361 2649 415 2689 nos
429 2633 507 2688 ultra
521 2649 607 2707 quam
623 2642 754 2706 oportet,
780 2635 807 2690 si
821 2652 900 2690 nune
913 2631 1076 2706 adhibetur,

4 2717 180 2785 extendit.
225 2715 339 2774 Tame-n
352 2714 429 2791 quod
441 2715 474 2772 in
486 2713 654 2772 Proverbiis
667 2717 792 2794 legitur,
817 2719 896 2774 virm
912 2717 1016 2790 impios
1032 2717 1076 2774 di·

24 2822 112 2864 ere:
143 2799 368 2858 Abscondamus
382 2801 413 2856 in
426 2809 513 2856 terra
526 2800 623 2856 airum
635 2800 746 2858 iustum
762 2800 891 2871 iniuste,
918 2799 1076 2858 absorbea-

0 2927 4 2940 ,
22 2907 86 2949 aas
105 2902 185 2944 uero
205 2903 268 2942 eum
282 2893 423 2960 tanquam
438 2884 578 2955 infernus
590 2883 750 2955 cicentem,
777 2895 807 2942 et
820 2883 998 2956 auferamus
1011 2885 1075 2942 eius

0 3007 4 3016 ‹
27 2969 206 3033 emerium
219 2967 255 3024 de
268 2976 373 3038 terra,
380 2968 600 3044 possessionem
614 2968 678 3024 eius
684 2970 856 3045 pretiosam
869 2965 1075 3046 apprehenda-
1119 3008 1121 3034 ,
1149 2983 1151 2988 ·

32 3075 104 3126 us,
135 3069 202 3108 non
214 3052 257 3106 ita
271 3049 426 3108 obscurum
440 3059 500 3123 est,
527 3059 561 3108 ut
574 3047 610 3106 de
625 3047 742 3108 Christo
758 3061 787 3108 et
804 3053 992 3127 possessione
1012 3052 1075 3108 eius

31 3136 169 3198 eclesia
187 3135 253 3190 sine
271 3132 418 3192 laboriosa
437 3135 622 3207 expositione
640 3153 701 3192 non
714 3137 808 3210 possit
820 3136 957 3212 intelligi.
1001 3134 1075 3194 Tale

0 3254 3 3293 ,
16 3227 138 3298 uippe
154 3217 266 3292 aliquid
279 3215 517 3274 etiamDominus
530 3218 593 3291 ipse
607 3213 687 3274 lesus
699 3236 753 3292 per
765 3217 976 3295 Evangelicam
988 3235 1074 3292 para·

0 3311 123 3367 ‚olam
145 3301 278 3358 ostendit
295 3299 406 3356 dixisse
418 3300 510 3356 malos
525 3301 659 3358 colonos:
685 3297 747 3356 Hic
760 3311 806 3358 eet
819 3297 941 3368 haeres,
965 3300 1074 3368 uenite,

8 3388 202 3452 ece'damus
227 3403 306 3454 eum,
332 3391 363 3440 et
384 3391 491 3439 nostra
509 3383 569 3440 erit
587 3381 769 3440 baereditas.
813 3380 944 3454 Itemque
955 3379 1030 3442 illud
1041 3382 1073 3440 in

7 3475 134 3535 odem
147 3467 242 3538 libro,
268 3464 417 3542 quodiam
431 3474 499 3522 ante
512 3466 755 3540 perstrinximus,
770 3481 860 3538 quum
870 3481 1025 3538 ageremus
1039 3461 1075 3520 de

1 3555 123 3620 ter-ili
139 3569 219 3626 quae
231 3549 345 3626 peperit
357 3557 479 3624 septem,
504 3566 564 3606 non
576 3549 635 3606 nisi
648 3546 807 3606 deChristo
822 3546 994 3607 etEeolesia
1005 3565 1075 3608 mcx

1 3657 25 3704 ¹t
46 3635 173 3700 fuerit
183 3635 423 3709 pronuntiatum,
438 3633 592 3690 consuevit
604 3631 733 3710 intelligi
746 3631 782 3688 ah
795 3631 848 3699 eis,
862 3629 913 3703 qui
926 3627 1075 3701 Christum

9 3719 219 3805 apientiam
232 3717 291 3774 Dei
305 3735 371 3776 esse
384 3725 539 3774 noverunt.
582 3713 742 3794 Sapientia
759 3711 934 3784 aedificaoit
951 3713 1010 3772 sibi
1023 3711 1075 3772 do·

11 3827 125 3875 um,
157 3811 188 3859 et
200 3799 338 3878 suffulsit
350 3800 501 3858 columnas
514 3805 642 3876 septem3
666 3796 826 3854 immolauit
843 3809 916 3854 suas
925 3797 1076 3867 victimas,

10 3888 156 3958 §scuit
170 3885 200 3942 in
214 3893 336 3947 cratere
348 3885 447 3944 vinum
460 3901 560 3953 suum,
579 3892 609 3940 et
616 3881 746 3959 paravit
758 3895 887 4020 zeacum
900 3895 993 3938 suum
1010 3877 1075 3939 'Mi-
