2602 4416
215 183 252 238 rs
433 173 533 234 nrvr
564 168 752 234 svnanu
776 147 1031 229 nvavsrmu

212 329 404 405 persolvitur.
448 325 527 384 Sunt
540 321 658 398 quidem
671 329 701 375 et
714 320 788 390 alia,
812 337 887 394 qnae
901 319 999 374 sancti
1011 315 1208 378 Patriarehae
1225 317 1273 380 de

214 411 391 485 corporibus
418 411 481 466 suis
507 407 556 464 vel
580 400 743 460 condendis
769 403 818 459 vel
834 399 1050 460 transferendis
1077 399 1272 476 prophetico

214 496 322 570 spiritu
336 492 415 550 dicta
427 491 555 566 intelligi
567 489 738 544 voluerunt.
782 483 850 542 Non
863 493 962 542 autem
975 482 1023 541 hio
1036 485 1120 542 locus
1133 493 1192 558 est,
1227 497 1273 544 ut

215 597 251 636 ca
273 585 510 652 pertractemus,
543 589 633 646 quum
654 567 803 626 sufficiant
826 570 884 626 ista
910 585 985 642 quae
1009 566 1147 626 diximus.
1193 569 1273 628 Sed

216 664 243 720 si
262 681 296 718 ea
330 677 405 735 quae
431 653 634 712 sustentandis
660 651 831 710 viventibus
857 659 928 708 sunt
953 652 1142 724 neccssaria,
1174 654 1274 712 sicut

216 747 313 804 victus
328 752 358 797 et
370 741 511 809 amiotus,
539 737 672 812 quamvis
695 754 762 792 cum
775 737 861 812 gravi
883 734 1042 792 afflictione
1055 731 1169 808 desint,
1192 754 1273 794 non

217 828 362 902 frangunt
374 824 406 878 in
419 823 505 878 bonis
526 817 697 894 perferendi
714 819 919 894 tolerandique
934 820 1090 890 virtutem,
1117 837 1174 876 nec
1188 837 1272 877 ara-

218 909 319 964 dicant
333 923 371 962 ex
385 905 484 960 animo
498 905 657 977 pietatem,
685 900 737 958 sed
751 903 945 958 exercitatam
957 901 1072 959 faciunt
1097 901 1272 960 fecundio-·

217 1004 298 1062 rem,
321 995 433 1064 quanto
447 989 554 1064 magis,
569 1003 660 1060 quum
673 985 781 1042 desunt
794 1003 839 1057 ea,
853 1003 929 1062 quae
945 985 1084 1042 curandis
1097 985 1271 1044 funeribus

219 1069 441 1146 condendisque
455 1070 630 1144 corporibus
646 1068 853 1127 detunctorum
866 1068 998 1126 adhiberi
1011 1070 1119 1140 solent,
1132 1086 1196 1125 non
1216 1069 1273 1126 ef-

218 1155 324 1213 ficiunt
335 1155 461 1212 miseros
487 1155 520 1210 in
539 1153 665 1210 occultis
691 1155 809 1226 piorum
834 1151 953 1210 sedibus
979 1153 1038 1209 iam
1051 1147 1188 1226 quietosi
1220 1153 1274 1210 Ac

218 1257 272 1314 per
284 1237 353 1310 hoc,
367 1237 485 1312 quando
499 1239 558 1294 ista
571 1235 764 1294 cadaveribus
772 1234 1009 1297 Christianorum
1021 1237 1054 1292 in
1066 1237 1117 1290 illa
1129 1251 1275 1312 magnae

219 1323 314 1393 urhis,
339 1322 388 1378 vel
402 1321 491 1377 etiam
504 1321 631 1377 aliorum
643 1319 817 1393 oppidorum
829 1321 997 1376 vastatione
1010 1317 1182 1388 defuerunt,
1204 1336 1275 1376 nec

220 1407 359 1461 vivorum
372 1405 459 1474 culpa
470 1413 531 1474 est,
551 1405 602 1476 qui
614 1421 676 1459 non
688 1403 922 1474 potueruntista
935 1400 1086 1474 praebere,
1113 1416 1170 1454 nec
1185 1416 1274 1472 poe-

222 1503 260 1542 na
274 1493 475 1552 mortuorum,
502 1485 628 1556 quinon
642 1493 770 1554 possunt
782 1486 839 1540 ista
855 1486 975 1540 sentire.

595 1595 718 1652 CAP.
775 1595 881 1652 XlV.

221 1679 264 1733 De
275 1677 438 1746 captivitate
448 1685 616 1739 sanctorum,
633 1674 730 1743 quibus
740 1691 876 1743 nunquam
886 1675 977 1729 diuina
987 1675 1089 1727 solatia
1100 1675 1273 1748 defuerunt.

284 1749 345 1808 Sed
357 1751 459 1820 multi,
481 1750 640 1824 inquiunt,
668 1745 831 1804 Christiani
849 1750 938 1805 etiam
957 1749 1068 1822 captivi
1081 1747 1165 1805 ducti
1179 1763 1272 1810 sunt.

221 1833 287 1893 Hoc
301 1851 374 1890 sane
386 1833 586 1890 miserrimum
599 1841 656 1903 est,
683 1833 710 1886 si
723 1833 823 1906 aliquo
838 1830 908 1888 duci
920 1840 1100 1906 potuerunt,
1127 1833 1180 1891 ubi
1197 1833 1271 1892 De-

221 1937 273 1974 um
287 1933 374 1978 suum
388 1935 449 1972 uon
462 1917 652 1973 invenerunt.
698 1913 778 1973 Sunt
800 1915 833 1970 in
857 1913 1021 1989 Scripturis
1042 1915 1154 1972 sanetis
1168 1913 1271 1975 huius

223 2001 312 2058 etiam
326 1998 418 2056 cladis
431 2015 540 2076 magna
553 1997 668 2054 solatia.
700 1997 836 2054 Fuerunt
848 1999 881 2054 in
895 1999 1066 2072 captivitato
1079 2007 1141 2054 tres
1154 2003 1270 2074 puari3

224 2083 284 2141 tuit
296 2082 420 2154 Daniel,
437 2082 561 2138 fuerunt
572 2080 624 2135 alii
637 2077 817 2154 Prophetae:
844 2099 900 2137 nec
913 2081 996 2138 Deus
1009 2081 1106 2137 deluit
1119 2084 1267 2140 oonsola-

222 2175 280 2223 tor.
298 2185 302 2192 ’
324 2164 462 2242 sicergo
477 2162 686 2220 non‘desaruit
698 2163 799 2220 fideles
814 2181 884 2220 suos
898 2164 951 2220 sub
967 2163 1169 2221 dominatione
1182 2183 1267 2241 gen-

223 2249 273 2320 tis,
298 2249 369 2304 licet
380 2248 533 2318 barbarae,
559 2256 659 2303 tamen
670 2245 831 2319 humanae,
862 2249 914 2322 qui
926 2247 1103 2321 Prophetam
1116 2263 1177 2303 uon
1205 2247 1265 2304 de-

223 2331 386 2388 seruitute
399 2331 431 2386 in
444 2331 609 2388 viscerihus
622 2330 748 2387 belluae.
777 2328 860 2386 Haeo
874 2347 992 2406 quoque
1011 2332 1055 2386 illi
1068 2349 1135 2386 cum
1149 2331 1265 2404 quibus

222 2415 338 2490 agimus
350 2415 465 2470 malunt
479 2413 622 2484 irridere,
643 2431 731 2488 quarn
745 2413 878 2470 credere:
907 2415 959 2488 qui
970 2421 1069 2472 tamen
1083 2415 1115 2468 in
1128 2413 1192 2468 suis
1206 2414 1265 2469 lit-

221 2497 295 2551 teris
321 2495 447 2554 credunt
471 2497 613 2553 Arionem
629 2495 869 2572 Methymnaeum
894 2497 1110 2554 nobilissimum
1135 2493 1266 2552 cithari-

222 2587 315 2650 stam,
343 2599 411 2638 oum
427 2589 507 2637 esset
520 2581 632 2636 eiectus
656 2599 672 2636 e
697 2581 783 2652 navi,
808 2587 964 2654 exceptum
988 2575 1127 2651 Delphini
1154 2576 1264 2650 dorso,

222 2661 295 2718 etad
307 2671 403 2719 terras
417 2682 482 2720 esse
496 2671 677 2736 pervectum.
702 2662 813 2721 Verum
825 2662 1040 2719 illudnostrum
1053 2657 1174 2716 dolona
1187 2679 1265 2734 pro-

223 2743 312 2816 pheta
325 2745 530 2801 incredibilius
544 2741 608 2800 asti
635 2743 727 2800 Plane
748 2744 968 2818 incredibilius,
996 2745 1065 2820 qula
1077 2742 1265 2816 mirabilius;

223 2835 253 2880 et
279 2827 459 2897 mirabilius,
489 2829 557 2900 quia
571 2828 732 2898 potentius.

618 2906 741 2964 cAP.
784 2907 864 2964 XV.

222 2985 265 3038 De
276 2984 395 3054 Regulo,
414 2950 506 3055 induo
521 2985 708 3054 captivitatis,
728 2986 759 3038 ob
774 2988 932 3058 religionem
942 2991 1027 3042 etium
1038 2997 1132 3058 sponte
1143 2991 1266 3044 toleran-

222 3055 280 3118 dae,
290 3064 368 3108 estut
380 3057 544 3122 exemplum:
554 3055 626 3123 quod
634 3063 725 3112 tumea
735 3056 778 3110 e'lls'
788 3059 849 3110 deos
858 3060 1088 3127 colmtiprodesse
1097 3075 1150 3112 oon
1155 3060 1263 3127 potuit.

281 3126 401 3184 Habent
427 3137 527 3184 tamen
553 3129 606 3183 isti
632 3129 668 3184 dc
689 3131 860 3203 captivitate
883 3134 1039 3210 religionis
1059 3150 1150 3189 eausa
1170 3133 1263 3188 etiam

222 3218 327 3284 sponte
358 3209 514 3267 toleranda
544 3219 575 3266 ct
599 3212 631 3282 in
658 3213 720 3268 suis
757 3216 917 3286 praeclaris
942 3216 1016 3272 viris
1040 3215 1262 3274 nobilissimum

222 3293 398 3366 exemplum.
426 3291 544 3350 Marcus
558 3294 679 3350 Attilius
695 3293 841 3373 Regulus,
861 3299 1023 3372 imperator
1035 3299 1138 3374 populi
1151 3296 1263 3356 Roma-

224 3377 267 3446 ni,
282 3375 415 3448 captivus
429 3374 507 3448 apud
520 3375 781 3455 Carthaginienses
795 3379 862 3436 fuit.
907 3381 967 3447 Qui
987 3399 1055 3438 oum
1069 3381 1126 3438 sibi
1138 3382 1262 3438 mallent

221 3457 392 3514 aRomanis
410 3475 481 3514 suos
494 3457 594 3530 reddi,
621 3477 709 3536 quam
728 3479 831 3517 eornm
847 3472 951 3518 tenere
964 3466 1115 3537 captivos,
1143 3462 1180 3522 ad
1201 3462 1258 3518 hoe

226 3540 444 3614 impetrandum
470 3542 559 3596 etiam
581 3543 671 3598 istum
696 3545 855 3616 praecipue
882 3543 1033 3621 Regulum
1061 3567 1128 3604 cum
1152 3547 1259 3623 legatis

221 3624 284 3680 ruis
303 3621 427 3680 Romam
445 3625 607 3694 miseruut,
634 3625 717 3697 prius
734 3626 884 3682 iuratione
903 3629 1116 3700 constrictum,
1143 3626 1260 3702 siquod

220 3705 359 3762 volebant
373 3707 492 3763 minime
504 3707 683 3781 peregisset,
696 3706 863 3764 rediturum
878 3726 943 3764 esse
955 3707 1173 3789 Carthaginem.
1187 3710 1258 3766 Per-

220 3790 299 3844 rexit
322 3789 392 3858 ille,
425 3797 514 3866 atque
541 3789 572 3846 in
597 3795 704 3844 senatu
730 3791 880 3846 contraria
901 3795 1071 3866 persuasit:
1104 3795 1174 3867 quia
1198 3810 1256 3850 non
