2586 4396
227 173 265 228 56
432 167 529 224 DlVl
555 163 739 222 nv'nssnll
764 161 1017 220 AVGVSTINI

225 320 371 378 Tontillus
385 319 488 392 quippe
501 335 604 388 annus,
619 319 644 372 si
655 317 773 390 antiquo
783 333 862 370 more
874 313 929 371 hoc
943 333 1049 371 nomen
1062 320 1189 392 occepit,
1203 332 1252 377 ant

225 425 284 462 non
297 402 384 458 habet
395 419 521 472 menses,
534 410 586 456 aut
598 400 704 455 mensis
719 400 779 454 eius
793 409 837 454 est
849 399 995 469 triduum,
1015 408 1049 455 ut
1060 397 1167 457 habeat
1179 402 1252 460 duo·
1273 407 1274 410 ’

224 488 316 544 decim
332 501 455 540 menses.
468 533 471 538 ,
482 483 632 550 Quomodo
652 484 741 561 igitur
759 479 806 537 hio
826 481 1006 552 dictumest,
1031 479 1252 542 Sexcentese'mo

223 588 310 639 anno,
323 568 444 624 secundi
456 569 572 637 mensis,
587 569 713 644 septima
726 577 755 622 et
767 567 904 623 vicesima
918 565 965 622 die
977 567 1095 636 mensis,
1107 567 1164 622 nisi
1177 571 1251 643 qnia

222 654 296 709 tales
311 653 408 726 quales
423 659 592 720 nunctum,
607 651 694 705 etiarn
707 659 778 705 tunc
791 657 874 704 erant
886 644 1019 706 menses?
1037 648 1111 705 Nam
1124 667 1180 724 qno
1194 671 1249 726 pa-

223 745 270 792 cto
283 736 368 791 aliter
383 735 519 790 vicesimo
532 743 561 789 et
573 735 693 806 septimo
708 732 754 788 die
769 732 890 788 secundi
902 734 1010 788 mensis
1024 731 1169 788 diceretur
1183 753 1249 790 coe-

221 829 302 894 ptum
320 837 382 874 esse
401 814 557 874 diluviuml
584 815 698 872 Deinde
715 825 816 891 postea
833 817 865 872 in
881 815 940 871 fine
953 815 1055 872 diluvii
1071 817 1115 872 ita
1127 818 1249 895 legitur:

222 903 263 958 Et
276 903 354 958 sedit
363 921 436 958 arco
450 904 480 958 ia
493 917 588 958 mense
601 903 732 978 septimo,
747 902 872 978 septima
882 910 911 956 et
920 901 1058 956 vicesima
1071 901 1119 956 die
1129 904 1248 972 mensis,

224 1003 313 1063 super
324 995 435 1041 caerites
447 983 572 1040 Aruerat.
598 983 682 1060 Aque
696 994 792 1042 cutem
806 983 989 1040 minuebatur
1003 1001 1093 1061 usque
1106 985 1149 1040 ad
1159 985 1247 1041 unde-

224 1071 327 1126 cimum
345 1085 485 1124 mensem:
512 1069 542 1124 in
563 1069 710 1124 andecimo
731 1077 828 1123 autem
846 1083 942 1124 mense
953 1069 1057 1144 prima
1076 1067 1124 1124 die
1141 1070 1247 1124 mensis

218 1162 389 1231 paruerunt
408 1153 510 1229 capita
526 1153 671 1208 montium.
714 1148 747 1207 si
761 1151 851 1227 igitur
864 1151 937 1206 tales
949 1168 1064 1206 menses
1080 1160 1176 1221 erant,
1204 1160 1248 1206 ιι-

223 1237 266 1290 les
280 1235 409 1308 profecto
423 1244 452 1290 et
465 1236 535 1290 anni
547 1244 639 1305 erant,
654 1235 753 1308 quales
767 1252 844 1289 nune
856 1231 1001 1290 habemus.
1016 1233 1127 1290 Menses
1141 1235 1248 1308 quippe

223 1321 267 1374 illi
287 1319 430 1390 triduani,
458 1319 565 1396 viginti
582 1327 693 1392 septem
706 1319 768 1374 dies
781 1316 887 1373 habere
901 1335 960 1375 non
973 1327 1116 1392 poterant.
1149 1317 1209 1373 Αιιι
1225 1320 1249 1373 si

223 1421 291 1478 pars
308 1403 454 1458 tricesima
472 1402 562 1458 tridui
574 1411 645 1458 tunc
658 1402 854 1477 appellabatur
871 1400 949 1473 dies,
974 1411 1007 1457 ut
1019 1403 1116 1458 omnia
1128 1419 1247 1476 propor-

224 1488 305 1542 tione
318 1487 502 1557 minuantur3
530 1504 599 1563 ergo
613 1504 667 1541 nec
681 1495 744 1541 toto
755 1484 907 1560 quatriduo
922 1493 1022 1541 nostro
1035 1485 1144 1540 facem
1157 1495 1204 1540 est
1215 1487 1247 1540 il-

223 1568 275 1624 lud
289 1577 347 1625 ιιιιι
360 1569 470 1645 grande
484 1570 640 1638 diluvium,
659 1569 736 1643 quod
748 1577 924 1625 memoratur
937 1569 1045 1624 factum
1058 1567 1248 1646 quadraginta

167 1651 174 1666 ‘
225 1651 325 1707 diebus
340 1661 369 1706 et
382 1653 525 1708 noctibus.
551 1653 622 1718 Quis
635 1650 710 1708 hano
724 1651 930 1709 absurditatem
944 1661 973 1706 et
983 1653 1144 1707 vanitatem
1157 1647 1246 1707 serati

140 1811 141 1814 Ἰ
226 1734 350 1791 Proinde
367 1745 549 1793 removeatur
568 1733 615 1790 hic
634 1753 724 1806 error,
739 1737 789 1809 qui
802 1735 969 1790 coniectura
981 1735 1055 1790 falsa
1067 1737 1110 1799 ita
1122 1737 1186 1791 vult
1200 1735 1246 1791 ad·

225 1828 337 1874 struere
351 1818 567 1892 Scripturarum
579 1827 746 1874 nostrarum
759 1817 855 1889 fidem,
868 1827 902 1874 ut
914 1819 982 1874 alibi
996 1817 1135 1874 destruat.
1161 1818 1246 1874 Pror-

225 1921 273 1958 sus
288 1911 387 1957 tantus
402 1903 569 1956 etiamtunc
583 1899 643 1956 dies
655 1901 727 1973 fnit,
752 1909 876 1977 quantus
890 1911 920 1957 et
931 1921 1009 1958 nune
1022 1911 1082 1973 est,
1107 1919 1192 1976 quem
1204 1904 1247 1958 vi-

225 1986 301 2064 ginti
320 1994 350 2040 et
368 1993 489 2059 quatuor
506 1981 594 2040 horae
613 1983 718 2041 diurno
736 1987 880 2042 curriculo
899 1994 1102 2061 nocturnoque
1115 1985 1246 2042 determi-

225 2078 312 2126 nant:
326 2077 423 2124 tantus
436 2069 559 2138 mensis,
580 2077 704 2142 quantus
718 2078 747 2125 et
759 2087 837 2124 nunc
850 2079 910 2141 est,
930 2087 1013 2144 quem
1025 2071 1095 2126 luna
1109 2080 1211 2145 coepta
1223 2080 1247 2124 et

225 2151 309 2208 linita
322 2151 482 2208 concludit:
508 2160 606 2208 tantus
620 2170 725 2224 annus,
739 2161 864 2228 quantus
878 2171 908 2209 es
921 2171 1000 2209 nunc
1014 2161 1068 2224 est,
1082 2171 1172 2228 quem
1184 2153 1247 2210 duo-

227 2235 319 2289 decim
332 2253 447 2290 menses
460 2237 588 2305 lunares,
609 2235 713 2292 additis
726 2245 844 2310 propter
855 2255 973 2293 cursum
986 2238 1110 2292 solarem
1124 2239 1247 2313 quinque

227 2317 327 2372 diebus
347 2325 376 2371 et
394 2317 570 2391 quadrante,
591 2329 805 2376 consummant:
833 2323 935 2395 quanti
955 2322 1025 2376 anni
1044 2323 1247 2378 sexcentesimi

225 2401 304 2456 vitae
321 2399 384 2456 Noe
403 2401 547 2457 secundus
566 2410 628 2456 erat
645 2403 753 2458 mensis
773 2404 893 2478 eiusque
915 2405 1021 2461 mensis
1043 2404 1206 2462 vicerimus
1223 2414 1247 2459 et

225 2485 362 2559 septimus
383 2483 460 2554 dies,
480 2485 593 2560 quando
610 2487 706 2560 coepit
727 2505 791 2542 esse
808 2485 961 2560 diluvium3
986 2489 1086 2562 inquo
1103 2487 1169 2544 dies
1183 2507 1245 2564 qua·
1273 2531 1274 2536 1

226 2568 362 2646 draginta
385 2571 569 2626 continuatae
593 2571 728 2648 ingentes
745 2572 860 2646 pluviae
877 2580 1089 2642 memorantur,
1116 2575 1169 2648 qni
1192 2572 1247 2628 dies
1273 2581 1274 2614 l

225 2671 286 2708 non
299 2653 381 2708 binas
395 2672 428 2709 ac
441 2656 527 2726 paulo
541 2654 661 2728 amplius
674 2651 760 2709 horas
775 2653 928 2726 habebant,
942 2655 992 2710 sed
1004 2656 1123 2712 vicenas
1139 2666 1171 2712 et
1183 2675 1246 2731 qna·
1273 2665 1274 2668 ’

226 2745 323 2792 ternas
337 2736 383 2792 die
397 2746 543 2812 noctuque
555 2745 726 2792 transactas.
757 2737 798 2794 Ao
815 2757 865 2812 per
883 2737 936 2794 hoc
949 2747 1009 2794 tam
1022 2756 1145 2816 magnos
1159 2756 1259 2806 annos,

225 2821 365 2875 vixerunt
382 2821 426 2873 illi
443 2821 557 2892 antiqui
575 2837 667 2893 usque
687 2822 807 2894 amplius
821 2839 906 2895 quam
918 2831 1101 2900 nongentos,
1126 2832 1246 2898 quantos

225 2910 327 2975 postea
339 2902 414 2956 vixit
426 2899 568 2958 Abraham
582 2911 698 2958 centum
713 2906 894 2981 septuaginta
907 2906 1048 2981 quinque,
1067 2915 1097 2962 et
1108 2915 1247 2981 postcom

226 2983 303 3039 lilius
318 2984 379 3038 eius
393 2981 474 3040 lsaac
487 2993 602 3041 centurn
615 2989 775 3064 octoginta,
790 2996 819 3042 et
828 2987 904 3042 filius
917 2989 977 3044 cius
988 2987 1072 3046 Iacob
1083 3007 1168 3064 prope
1177 3007 1246 3043 cen-

225 3076 287 3121 tum
299 3067 520 3144 quinquaginta,
547 3078 576 3124 et
586 3079 707 3144 quantos
721 3071 891 3145 interposita
902 3073 1051 3147 aliquanta
1063 3081 1157 3129 aetate
1166 3071 1246 3147 Moy·

227 3167 273 3205 ses
292 3159 409 3206 centurn
426 3153 551 3229 viginti,
578 3161 606 3208 et
618 3162 740 3228 quantos
754 3156 840 3210 etiam
854 3173 932 3210 nuno
944 3157 1048 3212 vivunt
1059 3153 1190 3213 homines
1201 3173 1243 3210 se-

225 3235 378 3312 ptuaginta
389 3236 436 3290 vel
449 3237 614 3314 octoginta,
640 3239 687 3293 vel
703 3256 762 3293 non
777 3240 866 3294 multo
878 3240 1016 3312 amplius,
1044 3238 1190 3315 dequibus
1204 3238 1246 3294 di-

228 3329 306 3376 ctum
319 3327 376 3374 est:
402 3317 444 3376 Et
457 3320 582 3397 amplius
596 3323 637 3377 eis
654 3321 737 3376 labor
750 3331 780 3378 et
792 3321 882 3378 dolor.

289 3399 342 3458 Illa
354 3420 424 3458 vero
440 3421 624 3460 numerorum
636 3405 773 3474 varietas,
796 3421 870 3479 quae
884 3407 962 3462 inter
976 3405 1089 3462 codices
1103 3407 1246 3465 Hebraeos

227 3489 377 3545 invenitur
395 3495 424 3542 et
440 3496 571 3557 nostros,
594 3504 686 3561 neque
709 3485 744 3542 de
767 3485 820 3543 hac
841 3491 1027 3566 antiquorum
1052 3492 1247 3570 longaevitate

228 3570 372 3640 dissentit,
387 3579 416 3626 et
428 3572 454 3626 si
467 3569 537 3645 quid
549 3569 635 3626 habet
647 3571 688 3625 ita
701 3569 856 3642 diversum,
869 3583 901 3629 ut
909 3592 1010 3630 verum
1021 3591 1087 3629 esse
1098 3585 1246 3651 utrumqne
1273 3575 1274 3646 l

229 3671 289 3708 non
301 3654 402 3726 possit,
416 3662 672 3732 rerumgestarum
686 3653 755 3709 fides
769 3655 804 3710 ab
818 3673 851 3710 ea
864 3658 966 3735 lingua
978 3658 1136 3733 repetenda
1150 3670 1204 3731 cst,
1217 3675 1247 3712 ex

229 3751 285 3807 qua
298 3736 518 3810 interpretatum
532 3747 577 3793 est
589 3735 663 3811 quod
676 3735 821 3794 habemus.
842 3740 922 3806 Quae
935 3741 1056 3798 facultas
1071 3761 1140 3799 cnm
1154 3746 1246 3800 volen-

228 3817 305 3871 tibus
318 3818 424 3892 ubiqne
438 3821 566 3896 gentium
579 3830 695 3894 praesto
708 3823 760 3895 sit;
784 3840 843 3879 non
861 3833 960 3882 temen
982 3834 1081 3895 vacat,
1110 3827 1187 3901 qnod
1200 3826 1235 3882 Se
