2576 4396
217 179 277 236 296
443 170 542 229 DlVl
562 168 748 227 AVRELll
774 167 1026 228 AVGVSTlNl

219 346 349 400 cursum,
367 334 399 381 ut
412 321 649 398 quemadmodum
662 320 739 393 dixi,
766 323 838 378 etin
852 321 970 378 Actibus
983 321 1193 394 Apostolorum
1208 325 1252 378 le-

218 413 313 490 gitur,
327 411 377 464 lex
389 409 420 463 in
435 404 721 482 edictisAngelorum
735 404 853 462 daretur
867 406 1004 462 de'unius
1015 403 1144 462 veriDei
1158 408 1252 476 cultu,

219 498 250 550 in
264 494 366 569 quibus
381 500 411 546 et
422 507 547 564 persona
559 489 650 562 ipsius
664 487 732 560 Dei,
747 507 804 544 non
820 489 935 564 quidem
948 506 1000 562 per
1013 497 1097 543 suam
1110 490 1251 545 substan-

219 579 304 648 tiam,
331 594 407 650 quae
425 591 539 647 semper
557 571 793 647 corruptibilibus
811 573 903 628 oculis
916 571 1071 628 invisibilis
1084 582 1251 647 permanet,

219 660 270 716 sed
284 660 373 716 certis
392 655 510 712 indiciis
528 673 581 728 per
594 655 751 712 subiectam
764 654 897 712 Creatori
910 664 1072 712 ereaturam
1091 657 1251 712 visibiliter

174 777 179 794 ι
218 751 385 818 appareret,
400 749 429 794 et
443 738 607 814 syllabatim
615 757 668 813 per
680 741 866 795 mansitorias
877 749 1038 814 temporum
1048 741 1178 795 morulas
1193 736 1249 796 hu-

219 844 321 881 manae
334 826 454 901 linguae
467 821 587 877 vocibus
607 823 789 896 loqueretur,
815 825 865 898 qui
880 824 911 879 in
925 841 977 880 sua
990 831 1095 878 natura
1107 815 1168 879 non
1183 841 1249 878 cor-

217 909 372 984 poraliter,
386 904 437 961 sed
450 906 636 978 spiritaliter3
661 924 721 961 non
735 905 928 978 sensibiliter,
943 905 994 962 sed
1007 907 1250 984 intelligibiliter3

218 1010 279 1048 non
292 990 507 1064 temporaliter,
527 987 593 1058 scd,
608 997 642 1044 ut
654 989 696 1044 ita
710 988 820 1061 dicam,
846 991 1050 1060 aeternaliter,
1074 1008 1130 1045 nec
1143 990 1252 1063 incipit

219 1075 315 1150 loqui,
329 1092 384 1129 nec
397 1071 520 1127 desinit:
534 1071 611 1146 quod
624 1072 701 1146 apud
713 1073 796 1128 illum
809 1075 952 1129 sincerius
963 1072 1094 1144 audiunt,
1108 1091 1167 1130 non
1181 1092 1250 1129 ccr-

218 1159 297 1232 poris
312 1175 397 1228 eure,
417 1154 468 1211 sed
480 1156 602 1225 mentis,
628 1156 756 1211 ministri
770 1157 833 1212 eius
848 1166 877 1212 ct
889 1157 1002 1228 nuntii,
1027 1157 1078 1230 qui
1091 1157 1154 1212 eius
1167 1159 1249 1213 veri-

219 1251 278 1297 tate
293 1239 522 1296 ineommutabili
534 1239 726 1314 perfruuntur
738 1241 940 1297 immortaliter
952 1239 1046 1311 beati3
1073 1249 1102 1294 et
1114 1238 1188 1314 quod
1201 1240 1250 1294 sa-

221 1324 356 1380 ciendum
369 1323 461 1398 modis
476 1321 669 1379 ineffabilibus
683 1323 826 1395 audiunt,
852 1333 882 1380 et
895 1341 989 1399 usque
1007 1325 1039 1378 in
1052 1323 1108 1379 ista
1120 1323 1252 1378 visibilia

220 1417 306 1483 atque
319 1407 467 1463 sensibilia
480 1405 716 1480 perducendum,
738 1410 944 1464 incunctanter
956 1415 1042 1483 atque
1062 1403 1252 1462 indifficulter

220 1490 356 1547 efficiunt.
375 1489 457 1546 Haec
470 1498 567 1546 autern
580 1492 629 1554 lex
642 1510 707 1547 curn
720 1491 925 1548 distributione
938 1499 1101 1564 temporum
1113 1489 1180 1546 data
1194 1499 1249 1556 cst,

220 1593 293 1650 quae
307 1575 387 1648 prius
405 1573 540 1643 haberet,
564 1583 598 1630 ut
610 1573 719 1630 dictum
734 1583 797 1646 est,
822 1577 965 1649 promissa
982 1583 1117 1644 terrena,
1144 1571 1249 1648 quibus

221 1667 300 1714 certe
314 1657 552 1736 significarentur
564 1666 700 1728 aeterna,
727 1676 800 1733 quae
817 1659 980 1715 visibilibus
999 1658 1188 1714 sacramentis
1203 1675 1248 1710 ce-

221 1742 368 1798 lelrrarent
380 1741 481 1811 multi,
508 1741 710 1818 intelligerent
728 1742 823 1816 pauci.
866 1740 960 1798 Vnius
974 1749 1070 1798 tamen
1084 1739 1142 1797 Dei
1155 1742 1249 1797 cultus

220 1825 403 1899 apertissima
416 1825 475 1880 illie
489 1832 518 1878 et
530 1841 636 1879 vocum
647 1833 677 1879 et
688 1842 788 1880 rerum
800 1825 930 1880 omnium
940 1825 1153 1896 contestatione
1165 1841 1249 1897 prae-

221 1910 344 1984 cipitur,
370 1927 430 1964 non
444 1907 530 1962 unius
546 1905 695 1979 deturba,
710 1907 761 1964 sed
775 1909 824 1983 qui
837 1907 907 1964 fecit
921 1909 1032 1965 coelum
1046 1917 1075 1963 et
1088 1916 1206 1977 terram,
1220 1916 1250 1962 et

220 2011 334 2048 ornnem
349 1993 490 2062 animam,
517 1998 546 2044 et
569 2009 684 2047 omnem
707 1992 856 2066 spiritum,
884 1993 1009 2068 quinon
1027 2000 1071 2046 est
1089 1989 1166 2066 quod
1178 1991 1247 2064 ipse.

220 2074 271 2132 llle
296 2077 373 2132 enirn
396 2073 483 2144 feeit,
509 2071 580 2129 haec
598 2072 676 2130 facta
696 2084 781 2131 sunt:
808 2085 896 2152 atque
909 2085 941 2132 ut
954 2077 1015 2132 sint
1027 2083 1057 2131 et
1068 2074 1142 2132 bene
1155 2092 1186 2129 se
1197 2072 1248 2130 ha·
1274 2095 1275 2100 ¹

214 2160 324 2230 beant,
352 2161 413 2216 eius
428 2155 593 2234 indigente
607 2175 662 2234 quo
678 2159 756 2215 faeta
772 2169 852 2215 sunt.

597 2325 721 2382 CAP.
764 2323 869 2382 XVI.
966 2347 968 2352 ·

219 2419 262 2472 An
277 2421 307 2471 de
318 2421 494 2488 promerendo
510 2421 589 2474 beata
605 2422 662 2474 cito
677 2421 720 2474 bis
735 2422 841 2492 angelis
855 2423 892 2474 sit
907 2423 1077 2488 credendum,
1088 2423 1145 2544 'qus'
1159 2441 1186 2474 se
1201 2423 1251 2474 coli

220 2489 335 2560 exigunt
345 2489 442 2543 bonore
456 2490 544 2544 divino
551 2509 562 2552 ;
582 2509 617 2545 on
627 2509 688 2544 aero
698 2492 753 2544 illis
767 2493 814 2560 qui
828 2493 956 2555 nonsibi,
976 2494 1022 2545 sed
1031 2491 1080 2545 uni

1117 2509 1147 2545 eo
1156 2502 1250 2545 sancta

518 2562 691 2630 praecipiunt
705 2562 836 2632 religione
845 2563 949 2614 serviri.
1134 2557 1137 2567 '

284 2667 395 2736 Quibus
405 2657 495 2747 igitur
507 2671 619 2747 angelis
630 2669 761 2725 debeata
774 2679 803 2724 et
815 2671 992 2744 sempiterna
1002 2671 1064 2726 vita
1076 2667 1250 2724 credendum

216 2749 285 2808 ‘esse
300 2748 471 2808 censemus?
497 2750 601 2808 Vtrum
615 2753 656 2808 eis
671 2754 720 2828 qui
734 2771 765 2807 se
777 2754 931 2830 religionis
944 2753 1048 2809 ritibus
1064 2752 1249 2821 colivolunt,

221 2837 276 2892 sibi
290 2853 373 2890 sacre
388 2843 417 2890 et
430 2834 574 2890 sacrificia
586 2833 755 2912 flagitantes
771 2854 787 2891 a
802 2837 973 2894 mortalibus
987 2836 1133 2908 exhiberi3
1155 2855 1193 2890 an
1208 2837 1250 2890 eis

222 2921 271 2992 qui
289 2917 366 2973 hune
387 2935 502 2973 omnem
521 2919 630 2975 cultum
648 2919 701 2975 uni
713 2917 777 2974 Deo
797 2921 924 2976 creatori
944 2921 1074 2978 omnium
1092 2919 1190 2976 deberi
1203 2918 1248 2972 di-

222 3010 307 3072 cunt,
334 3002 418 3076 cique
431 2999 610 3056 reddendum
622 3021 693 3058 vera
705 3004 815 3078 pietate
829 3005 1027 3078 praecipiunt,
1054 3004 1137 3060 cuius
1151 3011 1180 3057 et
1192 3004 1249 3076 ipsi

223 3085 465 3158 contemplatione
478 3083 555 3140 beati
569 3095 652 3157 sunt,
667 3096 696 3142 et
708 3106 762 3143 nos
775 3086 890 3143 futuros
905 3105 968 3142 esse
981 3079 1171 3162 promittuntl
1196 3084 1249 3141 llla

223 3167 432 3240 namque'visio
440 3167 496 3223 Dei
509 3177 608 3224 tantae
618 3169 844 3245 pulchritudinis
857 3171 932 3227 visio
944 3180 999 3242 est,
1014 3179 1043 3226 et
1056 3162 1137 3226 tanto
1152 3187 1249 3225 amore

223 3249 408 3326 dignissima,
427 3261 461 3307 ut
474 3253 538 3308 sinc
551 3251 605 3309 hac
619 3253 797 3330 quibuslibet
809 3255 874 3309 aliis
888 3253 973 3310 bonis
986 3253 1151 3330 praeditum
1163 3261 1249 3328 atque

222 3332 430 3406 abundantem,
457 3355 517 3392 non
531 3336 642 3393 dubitet
654 3335 789 3394 Plotinus
802 3337 1036 3395 infelicissimum
1048 3335 1156 3394 dicere.
1178 3335 1250 3394 Cum

223 3436 293 3496 crgo
307 3416 434 3474 adhunc
448 3439 540 3476 unum
553 3420 669 3496 quidam
683 3421 792 3498 angeli,
807 3421 924 3496 quidam
936 3441 1006 3478 vero
1020 3421 1055 3477 ed
1069 3440 1101 3476 se
1114 3423 1194 3496 ipsos
1206 3420 1249 3475 la-

221 3503 279 3557 tria
292 3503 426 3558 colendos
441 3505 533 3582 signis
545 3504 726 3560 mirabilibus
740 3503 885 3576 excitent3
912 3515 943 3560 et
954 3504 1009 3562 hoc
1023 3507 1064 3560 ite
1077 3513 1109 3560 ut
1120 3505 1165 3560 illi
1178 3506 1249 3560 istos

223 3587 280 3640 coli
291 3583 478 3658 prohibeant,
504 3588 553 3642 isti
565 3597 663 3643 autem
678 3587 761 3644 illum
777 3585 933 3661 prohibere
947 3608 1005 3645 non
1019 3587 1159 3659 audeant3
1188 3588 1249 3663 qni-

222 3669 275 3724 bus
287 3669 385 3741 potius
398 3669 437 3724 sit
450 3669 640 3741 eredendum,
663 3669 860 3744 respondeant
871 3669 1031 3744 Platonici,
1054 3670 1252 3745 respondeant

223 3751 388 3827 quicunque
399 3749 573 3826 philosophi,
586 3753 782 3826 respondeant
794 3751 923 3833 theurgi,
937 3757 984 3812 vel
996 3756 1091 3832 potius
1103 3755 1250 3832 periurgi:

222 3833 278 3890 hoc
291 3835 369 3892 enim
382 3844 451 3892 sunt
463 3835 531 3892 illac
543 3854 642 3894 omnes
656 3847 733 3896 artes
746 3835 887 3897 vocabulo
903 3839 1061 3920 digniores.
1098 3837 1250 3897 Postremo
