<?xml version="1.0" encoding="UTF-8"?>
<!DOCTYPE html PUBLIC "-//W3C//DTD XHTML 1.0 Transitional//EN"
    "http://www.w3.org/TR/xhtml1/DTD/xhtml1-transitional.dtd">
<html xmlns="http://www.w3.org/1999/xhtml" xml:lang="en" lang="en">
 <head>
  <title>
</title>
<meta http-equiv="Content-Type" content="text/html;charset=utf-8" />
  <meta name='ocr-system' content='tesseract 3.04.00' />
  <meta name='ocr-capabilities' content='ocr_page ocr_carea ocr_par ocr_line ocrx_word'/>
</head>
<body>
  <div class='ocr_page' id='page_1' title='image "./saureliiaugusti02augugoog_0126.png"; bbox 0 0 2590 4396; ppageno 0'>
   <div class='ocr_carea' id='block_1_1' title="bbox 284 184 1099 258">
    <p class='ocr_par' dir='ltr' id='par_1_1' title="bbox 284 184 1099 258">
     <span class='ocr_line' id='line_1_1' title="bbox 284 184 1099 258; baseline 0.022 -17"><span class='ocrx_word' id='word_1_1' title='bbox 284 185 346 242; x_wconf 90' lang='lat' dir='ltr'><strong>DE</strong></span> <span class='ocrx_word' id='word_1_2' title='bbox 370 184 586 244; x_wconf 83' lang='lat' dir='ltr'><strong>ClVlTATE</strong></span> <span class='ocrx_word' id='word_1_3' title='bbox 609 186 690 246; x_wconf 83' lang='lat' dir='ltr'><strong>DEI</strong></span> <span class='ocrx_word' id='word_1_4' title='bbox 712 189 795 248; x_wconf 76' lang='lat' dir='ltr'><strong>Lis.</strong></span> <span class='ocrx_word' id='word_1_5' title='bbox 817 192 870 252; x_wconf 74' lang='lat' dir='ltr'><strong>it.</strong></span> <span class='ocrx_word' id='word_1_6' title='bbox 1041 202 1099 258; x_wconf 81' lang='lat' dir='ltr'><strong>lle</strong></span> 
     </span>
    </p>
   </div>
   <div class='ocr_carea' id='block_1_2' title="bbox 56 335 1100 2634">
    <p class='ocr_par' dir='ltr' id='par_1_2' title="bbox 56 335 1100 2634">
     <span class='ocr_line' id='line_1_2' title="bbox 65 335 1099 418; baseline 0.011 -22"><span class='ocrx_word' id='word_1_7' title='bbox 65 341 154 396; x_wconf 81' lang='lat' dir='ltr'><strong>nrdtis</strong></span> <span class='ocrx_word' id='word_1_8' title='bbox 167 339 271 396; x_wconf 79' lang='lat' dir='ltr'><strong>fuerat</strong></span> <span class='ocrx_word' id='word_1_9' title='bbox 285 335 487 410; x_wconf 79' lang='lat' dir='ltr'><strong>praeferenda.</strong></span> <span class='ocrx_word' id='word_1_10' title='bbox 531 335 570 394; x_wconf 87' lang='lat' dir='ltr'><strong>Et</strong></span> <span class='ocrx_word' id='word_1_11' title='bbox 582 356 660 396; x_wconf 92' lang='lat' dir='ltr'><strong>nunc</strong></span> <span class='ocrx_word' id='word_1_12' title='bbox 673 341 742 416; x_wconf 90' lang='lat' dir='ltr'><strong>quia</strong></span> <span class='ocrx_word' id='word_1_13' title='bbox 756 340 810 398; x_wconf 87' lang='lat' dir='ltr'><strong>dea</strong></span> <span class='ocrx_word' id='word_1_14' title='bbox 824 362 883 402; x_wconf 91' lang='lat' dir='ltr'><strong>non</strong></span> <span class='ocrx_word' id='word_1_15' title='bbox 897 356 956 418; x_wconf 88' lang='lat' dir='ltr'><strong>est,</strong></span> <span class='ocrx_word' id='word_1_16' title='bbox 984 349 1034 405; x_wconf 81' lang='lat' dir='ltr'><strong>red</strong></span> <span class='ocrx_word' id='word_1_17' title='bbox 1047 349 1099 407; x_wconf 91' lang='lat' dir='ltr'><strong>do-</strong></span> 
     </span>
     <span class='ocr_line' id='line_1_3' title="bbox 65 419 1100 506; baseline 0.009 -27"><span class='ocrx_word' id='word_1_18' title='bbox 65 442 125 479; x_wconf 87' lang='lat' dir='ltr'><strong>num</strong></span> <span class='ocrx_word' id='word_1_19' title='bbox 138 422 221 492; x_wconf 84' lang='lat' dir='ltr'><strong>Dei,</strong></span> <span class='ocrx_word' id='word_1_20' title='bbox 249 423 313 495; x_wconf 86' lang='lat' dir='ltr'><strong>ipso</strong></span> <span class='ocrx_word' id='word_1_21' title='bbox 326 419 361 476; x_wconf 88' lang='lat' dir='ltr'><strong>ab</strong></span> <span class='ocrx_word' id='word_1_22' title='bbox 376 421 428 476; x_wconf 95' lang='lat' dir='ltr'><strong>illo</strong></span> <span class='ocrx_word' id='word_1_23' title='bbox 441 421 627 494; x_wconf 81' lang='lat' dir='ltr'>impetretur,</span> <span class='ocrx_word' id='word_1_24' title='bbox 654 440 741 498; x_wconf 83' lang='lat' dir='ltr'><strong>aquo</strong></span> <span class='ocrx_word' id='word_1_25' title='bbox 761 427 823 482; x_wconf 86' lang='lat' dir='ltr'><strong>solo</strong></span> <span class='ocrx_word' id='word_1_26' title='bbox 849 427 912 484; x_wconf 89' lang='lat' dir='ltr'><strong>dari</strong></span> <span class='ocrx_word' id='word_1_27' title='bbox 936 439 1043 506; x_wconf 87' lang='lat' dir='ltr'><strong>potest:</strong></span> <span class='ocrx_word' id='word_1_28' title='bbox 1070 441 1100 488; x_wconf 84' lang='lat' dir='ltr'><strong>et</strong></span> 
     </span>
     <span class='ocr_line' id='line_1_4' title="bbox 64 502 1100 573; baseline 0.002 -11"><span class='ocrx_word' id='word_1_29' title='bbox 64 507 150 562; x_wconf 84' lang='lat' dir='ltr'><strong>omnis</strong></span> <span class='ocrx_word' id='word_1_30' title='bbox 165 505 313 570; x_wconf 84' lang='lat' dir='ltr'><strong>falsorum</strong></span> <span class='ocrx_word' id='word_1_31' title='bbox 326 502 447 560; x_wconf 90' lang='lat' dir='ltr'><strong>deorum</strong></span> <span class='ocrx_word' id='word_1_32' title='bbox 469 503 552 560; x_wconf 89' lang='lat' dir='ltr'><strong>turba</strong></span> <span class='ocrx_word' id='word_1_33' title='bbox 575 516 721 562; x_wconf 77' lang='lat' dir='ltr'><strong>vanescet.</strong></span> <span class='ocrx_word' id='word_1_34' title='bbox 766 507 827 568; x_wconf 83' lang='lat' dir='ltr'><strong>Sed</strong></span> <span class='ocrx_word' id='word_1_35' title='bbox 840 528 890 567; x_wconf 88' lang='lat' dir='ltr'><strong>cur</strong></span> <span class='ocrx_word' id='word_1_36' title='bbox 904 521 933 568; x_wconf 84' lang='lat' dir='ltr'><strong>et</strong></span> <span class='ocrx_word' id='word_1_37' title='bbox 946 512 1032 572; x_wconf 70' lang='lat' dir='ltr'><strong>Fides</strong></span> <span class='ocrx_word' id='word_1_38' title='bbox 1046 515 1100 573; x_wconf 63' lang='lat' dir='ltr'><strong>dea</strong></span> 
     </span>
     <span class='ocr_line' id='line_1_5' title="bbox 62 587 1097 672; baseline 0.01 -28"><span class='ocrx_word' id='word_1_39' title='bbox 62 589 166 646; x_wconf 88' lang='lat' dir='ltr'><strong>credita</strong></span> <span class='ocrx_word' id='word_1_40' title='bbox 179 597 239 659; x_wconf 85' lang='lat' dir='ltr'><strong>est,</strong></span> <span class='ocrx_word' id='word_1_41' title='bbox 254 595 284 642; x_wconf 91' lang='lat' dir='ltr'><strong>et</strong></span> <span class='ocrx_word' id='word_1_42' title='bbox 297 587 409 660; x_wconf 89' lang='lat' dir='ltr'><strong>accepit</strong></span> <span class='ocrx_word' id='word_1_43' title='bbox 422 587 509 642; x_wconf 89' lang='lat' dir='ltr'><strong>etiam</strong></span> <span class='ocrx_word' id='word_1_44' title='bbox 521 589 584 660; x_wconf 87' lang='lat' dir='ltr'><strong>ipsa</strong></span> <span class='ocrx_word' id='word_1_45' title='bbox 596 591 733 664; x_wconf 86' lang='lat' dir='ltr'><strong>templum</strong></span> <span class='ocrx_word' id='word_1_46' title='bbox 747 601 777 648; x_wconf 89' lang='lat' dir='ltr'><strong>et</strong></span> <span class='ocrx_word' id='word_1_47' title='bbox 789 589 901 650; x_wconf 81' lang='lat' dir='ltr'><strong>altarci</strong></span> <span class='ocrx_word' id='word_1_48' title='bbox 915 596 1008 662; x_wconf 80' lang='lat' dir='ltr'><strong>Quam</strong></span> <span class='ocrx_word' id='word_1_49' title='bbox 1019 601 1097 672; x_wconf 81' lang='lat' dir='ltr'><strong>quis-</strong></span> 
     </span>
     <span class='ocr_line' id='line_1_6' title="bbox 61 668 1099 750; baseline 0.008 -24"><span class='ocrx_word' id='word_1_50' title='bbox 61 674 117 746; x_wconf 86' lang='lat' dir='ltr'><strong>quis</strong></span> <span class='ocrx_word' id='word_1_51' title='bbox 130 671 299 746; x_wconf 89' lang='lat' dir='ltr'><strong>prudenter</strong></span> <span class='ocrx_word' id='word_1_52' title='bbox 312 671 463 746; x_wconf 79' lang='lat' dir='ltr'><strong>agnoseit,</strong></span> <span class='ocrx_word' id='word_1_53' title='bbox 490 668 739 730; x_wconf 87' lang='lat' dir='ltr'><strong>habitaculumilli</strong></span> <span class='ocrx_word' id='word_1_54' title='bbox 752 693 784 732; x_wconf 83' lang='lat' dir='ltr'><strong>se</strong></span> <span class='ocrx_word' id='word_1_55' title='bbox 798 676 892 750; x_wconf 84' lang='lat' dir='ltr'><strong>ipsum</strong></span> <span class='ocrx_word' id='word_1_56' title='bbox 906 678 985 734; x_wconf 83' lang='lat' dir='ltr'><strong>facit.</strong></span> <span class='ocrx_word' id='word_1_57' title='bbox 1018 679 1099 736; x_wconf 83' lang='lat' dir='ltr'>Vnde</span> 
     </span>
     <span class='ocr_line' id='line_1_7' title="bbox 60 751 1098 830; baseline 0.009 -20"><span class='ocrx_word' id='word_1_58' title='bbox 60 764 150 812; x_wconf 84' lang='lat' dir='ltr'><strong>autem</strong></span> <span class='ocrx_word' id='word_1_59' title='bbox 164 755 269 810; x_wconf 86' lang='lat' dir='ltr'><strong>sciunt</strong></span> <span class='ocrx_word' id='word_1_60' title='bbox 280 753 324 808; x_wconf 89' lang='lat' dir='ltr'><strong>illi</strong></span> <span class='ocrx_word' id='word_1_61' title='bbox 338 751 408 826; x_wconf 88' lang='lat' dir='ltr'><strong>quid</strong></span> <span class='ocrx_word' id='word_1_62' title='bbox 421 753 460 807; x_wconf 88' lang='lat' dir='ltr'><strong>sit</strong></span> <span class='ocrx_word' id='word_1_63' title='bbox 471 751 557 824; x_wconf 85' lang='lat' dir='ltr'><strong>fides,</strong></span> <span class='ocrx_word' id='word_1_64' title='bbox 585 756 667 810; x_wconf 83' lang='lat' dir='ltr'><strong>cuius</strong></span> <span class='ocrx_word' id='word_1_65' title='bbox 684 757 809 830; x_wconf 87' lang='lat' dir='ltr'><strong>primum</strong></span> <span class='ocrx_word' id='word_1_66' title='bbox 823 768 853 814; x_wconf 90' lang='lat' dir='ltr'><strong>et</strong></span> <span class='ocrx_word' id='word_1_67' title='bbox 866 763 1023 818; x_wconf 86' lang='lat' dir='ltr'><strong>maximum</strong></span> <span class='ocrx_word' id='word_1_68' title='bbox 1036 761 1098 820; x_wconf 85' lang='lat' dir='ltr'><strong>offi-</strong></span> 
     </span>
     <span class='ocr_line' id='line_1_8' title="bbox 60 835 1100 906; baseline 0.006 -14"><span class='ocrx_word' id='word_1_69' title='bbox 60 840 129 892; x_wconf 88' lang='lat' dir='ltr'><strong>cium</strong></span> <span class='ocrx_word' id='word_1_70' title='bbox 143 845 210 906; x_wconf 85' lang='lat' dir='ltr'><strong>est,</strong></span> <span class='ocrx_word' id='word_1_71' title='bbox 236 837 314 892; x_wconf 88' lang='lat' dir='ltr'><strong>utin</strong></span> <span class='ocrx_word' id='word_1_72' title='bbox 332 853 435 890; x_wconf 86' lang='lat' dir='ltr'><strong>verum</strong></span> <span class='ocrx_word' id='word_1_73' title='bbox 448 835 581 890; x_wconf 90' lang='lat' dir='ltr'><strong>credatur</strong></span> <span class='ocrx_word' id='word_1_74' title='bbox 595 835 710 894; x_wconf 80' lang='lat' dir='ltr'><strong>Deuml</strong></span> <span class='ocrx_word' id='word_1_75' title='bbox 737 838 796 896; x_wconf 87' lang='lat' dir='ltr'><strong>Sed</strong></span> <span class='ocrx_word' id='word_1_76' title='bbox 810 859 861 898; x_wconf 88' lang='lat' dir='ltr'><strong>cur</strong></span> <span class='ocrx_word' id='word_1_77' title='bbox 874 862 934 900; x_wconf 92' lang='lat' dir='ltr'><strong>non</strong></span> <span class='ocrx_word' id='word_1_78' title='bbox 946 840 1100 900; x_wconf 82' lang='lat' dir='ltr'><strong>suffecerat</strong></span> 
     </span>
     <span class='ocr_line' id='line_1_9' title="bbox 61 915 1098 998; baseline 0.008 -24"><span class='ocrx_word' id='word_1_79' title='bbox 61 916 165 976; x_wconf 71' lang='lat' dir='ltr'><strong>virtusi</strong></span> <span class='ocrx_word' id='word_1_80' title='bbox 209 916 318 974; x_wconf 84' lang='lat' dir='ltr'><strong>Nonne</strong></span> <span class='ocrx_word' id='word_1_81' title='bbox 333 915 573 974; x_wconf 83' lang='lat' dir='ltr'><strong>ibiestetlidesl</strong></span> <span class='ocrx_word' id='word_1_82' title='bbox 613 920 734 986; x_wconf 77' lang='lat' dir='ltr'><strong>Quando</strong></span> <span class='ocrx_word' id='word_1_83' title='bbox 761 922 877 998; x_wconf 89' lang='lat' dir='ltr'><strong>quidem</strong></span> <span class='ocrx_word' id='word_1_84' title='bbox 902 927 1040 982; x_wconf 87' lang='lat' dir='ltr'><strong>virtutem</strong></span> <span class='ocrx_word' id='word_1_85' title='bbox 1066 928 1098 983; x_wconf 92' lang='lat' dir='ltr'><strong>in</strong></span> 
     </span>
     <span class='ocr_line' id='line_1_10' title="bbox 61 999 1097 1080; baseline 0.01 -24"><span class='ocrx_word' id='word_1_86' title='bbox 61 1012 178 1076; x_wconf 88' lang='lat' dir='ltr'><strong>quatuor</strong></span> <span class='ocrx_word' id='word_1_87' title='bbox 196 1001 312 1074; x_wconf 85' lang='lat' dir='ltr'><strong>species</strong></span> <span class='ocrx_word' id='word_1_88' title='bbox 327 999 556 1056; x_wconf 86' lang='lat' dir='ltr'><strong>distribuendam</strong></span> <span class='ocrx_word' id='word_1_89' title='bbox 571 1020 634 1057; x_wconf 83' lang='lat' dir='ltr'><strong>esse</strong></span> <span class='ocrx_word' id='word_1_90' title='bbox 647 1003 800 1076; x_wconf 87' lang='lat' dir='ltr'><strong>viderunt,</strong></span> <span class='ocrx_word' id='word_1_91' title='bbox 826 1008 1024 1080; x_wconf 76' lang='lat' dir='ltr'><strong>prudentiam,</strong></span> <span class='ocrx_word' id='word_1_92' title='bbox 1052 1011 1097 1064; x_wconf 93' lang='lat' dir='ltr'><strong>iu-</strong></span> 
     </span>
     <span class='ocr_line' id='line_1_11' title="bbox 59 1082 1097 1169; baseline 0.008 -29"><span class='ocrx_word' id='word_1_93' title='bbox 59 1087 180 1154; x_wconf 86' lang='lat' dir='ltr'><strong>stitiam,</strong></span> <span class='ocrx_word' id='word_1_94' title='bbox 196 1082 420 1151; x_wconf 86' lang='lat' dir='ltr'><strong>fortitudinem,</strong></span> <span class='ocrx_word' id='word_1_95' title='bbox 435 1087 664 1156; x_wconf 77' lang='lat' dir='ltr'><strong>temperantiam.</strong></span> <span class='ocrx_word' id='word_1_96' title='bbox 707 1085 747 1142; x_wconf 88' lang='lat' dir='ltr'><strong>Et</strong></span> <span class='ocrx_word' id='word_1_97' title='bbox 758 1091 895 1161; x_wconf 87' lang='lat' dir='ltr'><strong>quoniam</strong></span> <span class='ocrx_word' id='word_1_98' title='bbox 908 1092 981 1146; x_wconf 84' lang='lat' dir='ltr'><strong>istae</strong></span> <span class='ocrx_word' id='word_1_99' title='bbox 994 1093 1097 1169; x_wconf 82' lang='lat' dir='ltr'><strong>singu-</strong></span> 
     </span>
     <span class='ocr_line' id='line_1_12' title="bbox 59 1162 1097 1240; baseline 0.008 -20"><span class='ocrx_word' id='word_1_100' title='bbox 59 1169 97 1222; x_wconf 86' lang='lat' dir='ltr'><strong>lae</strong></span> <span class='ocrx_word' id='word_1_101' title='bbox 120 1167 239 1240; x_wconf 86' lang='lat' dir='ltr'><strong>speeies</strong></span> <span class='ocrx_word' id='word_1_102' title='bbox 265 1181 332 1220; x_wconf 81' lang='lat' dir='ltr'><strong>suaa</strong></span> <span class='ocrx_word' id='word_1_103' title='bbox 359 1162 481 1234; x_wconf 86' lang='lat' dir='ltr'><strong>hubent,</strong></span> <span class='ocrx_word' id='word_1_104' title='bbox 507 1166 679 1240; x_wconf 83' lang='lat' dir='ltr'><strong>inpartibus</strong></span> <span class='ocrx_word' id='word_1_105' title='bbox 693 1170 822 1226; x_wconf 85' lang='lat' dir='ltr'><strong>iustitiae</strong></span> <span class='ocrx_word' id='word_1_106' title='bbox 835 1170 906 1227; x_wconf 88' lang='lat' dir='ltr'><strong>fides</strong></span> <span class='ocrx_word' id='word_1_107' title='bbox 920 1181 977 1230; x_wconf 84' lang='lat' dir='ltr'><strong>est:</strong></span> <span class='ocrx_word' id='word_1_108' title='bbox 1002 1175 1097 1229; x_wconf 84' lang='lat' dir='ltr'><strong>maxi-</strong></span> 
     </span>
     <span class='ocr_line' id='line_1_13' title="bbox 58 1245 1097 1329; baseline 0.006 -25"><span class='ocrx_word' id='word_1_109' title='bbox 58 1267 189 1324; x_wconf 87' lang='lat' dir='ltr'><strong>mumque</strong></span> <span class='ocrx_word' id='word_1_110' title='bbox 204 1250 303 1303; x_wconf 78' lang='lat' dir='ltr'><strong>locuni</strong></span> <span class='ocrx_word' id='word_1_111' title='bbox 316 1245 392 1320; x_wconf 92' lang='lat' dir='ltr'><strong>apud</strong></span> <span class='ocrx_word' id='word_1_112' title='bbox 405 1264 458 1304; x_wconf 81' lang='lat' dir='ltr'><strong>uos</strong></span> <span class='ocrx_word' id='word_1_113' title='bbox 472 1245 572 1318; x_wconf 85' lang='lat' dir='ltr'><strong>habet,</strong></span> <span class='ocrx_word' id='word_1_114' title='bbox 586 1250 751 1324; x_wconf 86' lang='lat' dir='ltr'><strong>quicunque</strong></span> <span class='ocrx_word' id='word_1_115' title='bbox 764 1253 869 1308; x_wconf 81' lang='lat' dir='ltr'><strong>scimus</strong></span> <span class='ocrx_word' id='word_1_116' title='bbox 881 1255 949 1328; x_wconf 87' lang='lat' dir='ltr'><strong>quid</strong></span> <span class='ocrx_word' id='word_1_117' title='bbox 960 1256 1009 1325; x_wconf 87' lang='lat' dir='ltr'><strong>sit,</strong></span> <span class='ocrx_word' id='word_1_118' title='bbox 1022 1256 1097 1329; x_wconf 91' lang='lat' dir='ltr'><strong>quod</strong></span> 
     </span>
     <span class='ocr_line' id='line_1_14' title="bbox 59 1328 1098 1406; baseline 0.006 -20"><span class='ocrx_word' id='word_1_119' title='bbox 59 1335 150 1389; x_wconf 82' lang='lat' dir='ltr'><strong>iustus</strong></span> <span class='ocrx_word' id='word_1_120' title='bbox 178 1349 220 1388; x_wconf 74' lang='lat' dir='ltr'><strong>ex</strong></span> <span class='ocrx_word' id='word_1_121' title='bbox 238 1329 308 1401; x_wconf 85' lang='lat' dir='ltr'><strong>fide</strong></span> <span class='ocrx_word' id='word_1_122' title='bbox 333 1331 417 1388; x_wconf 77' lang='lat' dir='ltr'><strong>eivit-</strong></span> <span class='ocrx_word' id='word_1_123' title='bbox 461 1328 520 1388; x_wconf 84' lang='lat' dir='ltr'><strong>Sed</strong></span> <span class='ocrx_word' id='word_1_124' title='bbox 533 1331 599 1386; x_wconf 91' lang='lat' dir='ltr'><strong>illos</strong></span> <span class='ocrx_word' id='word_1_125' title='bbox 612 1333 703 1388; x_wconf 88' lang='lat' dir='ltr'><strong>miror</strong></span> <span class='ocrx_word' id='word_1_126' title='bbox 716 1335 891 1406; x_wconf 77' lang='lat' dir='ltr'><strong>appetitores</strong></span> <span class='ocrx_word' id='word_1_127' title='bbox 904 1337 1098 1392; x_wconf 81' lang='lat' dir='ltr'><strong>multitudinis</strong></span> 
     </span>
     <span class='ocr_line' id='line_1_15' title="bbox 59 1411 1098 1488; baseline 0.005 -19"><span class='ocrx_word' id='word_1_128' title='bbox 59 1415 191 1485; x_wconf 86' lang='lat' dir='ltr'><strong>deorum,</strong></span> <span class='ocrx_word' id='word_1_129' title='bbox 208 1415 234 1470; x_wconf 88' lang='lat' dir='ltr'><strong>si</strong></span> <span class='ocrx_word' id='word_1_130' title='bbox 248 1411 323 1468; x_wconf 85' lang='lat' dir='ltr'><strong>fides</strong></span> <span class='ocrx_word' id='word_1_131' title='bbox 336 1411 391 1468; x_wconf 90' lang='lat' dir='ltr'><strong>dea</strong></span> <span class='ocrx_word' id='word_1_132' title='bbox 405 1422 459 1483; x_wconf 87' lang='lat' dir='ltr'><strong>cst,</strong></span> <span class='ocrx_word' id='word_1_133' title='bbox 474 1431 563 1488; x_wconf 88' lang='lat' dir='ltr'><strong>quare</strong></span> <span class='ocrx_word' id='word_1_134' title='bbox 577 1415 643 1468; x_wconf 87' lang='lat' dir='ltr'><strong>aliis</strong></span> <span class='ocrx_word' id='word_1_135' title='bbox 657 1422 716 1470; x_wconf 89' lang='lat' dir='ltr'><strong>tam</strong></span> <span class='ocrx_word' id='word_1_136' title='bbox 730 1417 828 1472; x_wconf 89' lang='lat' dir='ltr'><strong>multis</strong></span> <span class='ocrx_word' id='word_1_137' title='bbox 842 1417 948 1474; x_wconf 79' lang='lat' dir='ltr'><strong>deabus</strong></span> <span class='ocrx_word' id='word_1_138' title='bbox 961 1419 1098 1474; x_wconf 85' lang='lat' dir='ltr'><strong>iniuriam</strong></span> 
     </span>
     <span class='ocr_line' id='line_1_16' title="bbox 58 1495 1097 1571; baseline 0.006 -21"><span class='ocrx_word' id='word_1_139' title='bbox 58 1497 199 1568; x_wconf 86' lang='lat' dir='ltr'><strong>fecerint,</strong></span> <span class='ocrx_word' id='word_1_140' title='bbox 227 1495 490 1571; x_wconf 82' lang='lat' dir='ltr'><strong>praetermittendo</strong></span> <span class='ocrx_word' id='word_1_141' title='bbox 505 1513 569 1566; x_wconf 86' lang='lat' dir='ltr'><strong>eas,</strong></span> <span class='ocrx_word' id='word_1_142' title='bbox 593 1495 696 1571; x_wconf 87' lang='lat' dir='ltr'><strong>quibus</strong></span> <span class='ocrx_word' id='word_1_143' title='bbox 722 1499 857 1556; x_wconf 85' lang='lat' dir='ltr'><strong>similiter</strong></span> <span class='ocrx_word' id='word_1_144' title='bbox 881 1501 967 1556; x_wconf 88' lang='lat' dir='ltr'><strong>aedos</strong></span> <span class='ocrx_word' id='word_1_145' title='bbox 982 1510 1012 1556; x_wconf 90' lang='lat' dir='ltr'><strong>et</strong></span> <span class='ocrx_word' id='word_1_146' title='bbox 1032 1520 1097 1558; x_wconf 89' lang='lat' dir='ltr'><strong>aras</strong></span> 
     </span>
     <span class='ocr_line' id='line_1_17' title="bbox 58 1574 1097 1655; baseline 0.008 -22"><span class='ocrx_word' id='word_1_147' title='bbox 58 1579 190 1636; x_wconf 86' lang='lat' dir='ltr'><strong>dedicare</strong></span> <span class='ocrx_word' id='word_1_148' title='bbox 205 1574 387 1653; x_wconf 79' lang='lat' dir='ltr'><strong>potueruntl</strong></span> <span class='ocrx_word' id='word_1_149' title='bbox 406 1577 464 1636; x_wconf 82' lang='lat' dir='ltr'><strong>Cur</strong></span> <span class='ocrx_word' id='word_1_150' title='bbox 478 1581 669 1654; x_wconf 83' lang='lat' dir='ltr'><strong>temperantia</strong></span> <span class='ocrx_word' id='word_1_151' title='bbox 683 1580 738 1637; x_wconf 88' lang='lat' dir='ltr'><strong>dea</strong></span> <span class='ocrx_word' id='word_1_152' title='bbox 751 1599 814 1638; x_wconf 85' lang='lat' dir='ltr'><strong>esse</strong></span> <span class='ocrx_word' id='word_1_153' title='bbox 828 1601 888 1640; x_wconf 91' lang='lat' dir='ltr'><strong>non</strong></span> <span class='ocrx_word' id='word_1_154' title='bbox 901 1586 1018 1655; x_wconf 88' lang='lat' dir='ltr'><strong>meruit,</strong></span> <span class='ocrx_word' id='word_1_155' title='bbox 1033 1603 1097 1640; x_wconf 89' lang='lat' dir='ltr'><strong>eum</strong></span> 
     </span>
     <span class='ocr_line' id='line_1_18' title="bbox 59 1661 1097 1744; baseline 0.005 -27"><span class='ocrx_word' id='word_1_156' title='bbox 59 1664 114 1718; x_wconf 88' lang='lat' dir='ltr'><strong>eius</strong></span> <span class='ocrx_word' id='word_1_157' title='bbox 141 1663 270 1718; x_wconf 89' lang='lat' dir='ltr'><strong>nomine</strong></span> <span class='ocrx_word' id='word_1_158' title='bbox 297 1664 433 1718; x_wconf 90' lang='lat' dir='ltr'><strong>nonnulli</strong></span> <span class='ocrx_word' id='word_1_159' title='bbox 446 1661 571 1719; x_wconf 86' lang='lat' dir='ltr'><strong>Romani</strong></span> <span class='ocrx_word' id='word_1_160' title='bbox 595 1664 742 1739; x_wconf 87' lang='lat' dir='ltr'><strong>principes</strong></span> <span class='ocrx_word' id='word_1_161' title='bbox 769 1685 828 1724; x_wconf 89' lang='lat' dir='ltr'><strong>non</strong></span> <span class='ocrx_word' id='word_1_162' title='bbox 841 1685 960 1740; x_wconf 87' lang='lat' dir='ltr'><strong>parvam</strong></span> <span class='ocrx_word' id='word_1_163' title='bbox 973 1668 1097 1744; x_wconf 77' lang='lat' dir='ltr'><strong>gloriam</strong></span> 
     </span>
     <span class='ocr_line' id='line_1_19' title="bbox 58 1740 1097 1824; baseline 0.006 -26"><span class='ocrx_word' id='word_1_164' title='bbox 58 1740 272 1820; x_wconf 65' lang='lat' dir='ltr'><strong>compararint?</strong></span> <span class='ocrx_word' id='word_1_165' title='bbox 298 1743 357 1802; x_wconf 83' lang='lat' dir='ltr'><strong>Cur</strong></span> <span class='ocrx_word' id='word_1_166' title='bbox 372 1743 496 1821; x_wconf 89' lang='lat' dir='ltr'><strong>denique</strong></span> <span class='ocrx_word' id='word_1_167' title='bbox 511 1745 651 1804; x_wconf 88' lang='lat' dir='ltr'><strong>fortitudo</strong></span> <span class='ocrx_word' id='word_1_168' title='bbox 666 1746 720 1804; x_wconf 88' lang='lat' dir='ltr'><strong>dea</strong></span> <span class='ocrx_word' id='word_1_169' title='bbox 732 1766 794 1806; x_wconf 88' lang='lat' dir='ltr'><strong>non</strong></span> <span class='ocrx_word' id='word_1_170' title='bbox 814 1757 874 1820; x_wconf 86' lang='lat' dir='ltr'><strong>est,</strong></span> <span class='ocrx_word' id='word_1_171' title='bbox 901 1768 976 1824; x_wconf 90' lang='lat' dir='ltr'><strong>quae</strong></span> <span class='ocrx_word' id='word_1_172' title='bbox 1002 1750 1097 1806; x_wconf 84' lang='lat' dir='ltr'><strong>adluit</strong></span> 
     </span>
     <span class='ocr_line' id='line_1_20' title="bbox 58 1826 1096 1907; baseline 0.004 -23"><span class='ocrx_word' id='word_1_173' title='bbox 58 1827 158 1900; x_wconf 83' lang='lat' dir='ltr'><strong>llutio,</strong></span> <span class='ocrx_word' id='word_1_174' title='bbox 174 1846 244 1884; x_wconf 89' lang='lat' dir='ltr'><strong>eum</strong></span> <span class='ocrx_word' id='word_1_175' title='bbox 259 1826 411 1884; x_wconf 86' lang='lat' dir='ltr'><strong>dexteram</strong></span> <span class='ocrx_word' id='word_1_176' title='bbox 423 1829 556 1904; x_wconf 87' lang='lat' dir='ltr'><strong>porrexit</strong></span> <span class='ocrx_word' id='word_1_177' title='bbox 568 1831 600 1886; x_wconf 91' lang='lat' dir='ltr'><strong>in</strong></span> <span class='ocrx_word' id='word_1_178' title='bbox 613 1827 758 1904; x_wconf 56' lang='lat' dir='ltr'><strong>flammam</strong></span> <span class='ocrx_word' id='word_1_179' title='bbox 785 1850 859 1907; x_wconf 86' lang='lat' dir='ltr'><strong>quae</strong></span> <span class='ocrx_word' id='word_1_180' title='bbox 877 1831 972 1889; x_wconf 83' lang='lat' dir='ltr'><strong>adluit</strong></span> <span class='ocrx_word' id='word_1_181' title='bbox 984 1831 1096 1900; x_wconf 86' lang='lat' dir='ltr'><strong>Curtio,</strong></span> 
     </span>
     <span class='ocr_line' id='line_1_21' title="bbox 58 1910 1096 1990; baseline 0.004 -25"><span class='ocrx_word' id='word_1_182' title='bbox 58 1929 115 1966; x_wconf 87' lang='lat' dir='ltr'><strong>cum</strong></span> <span class='ocrx_word' id='word_1_183' title='bbox 125 1930 157 1967; x_wconf 85' lang='lat' dir='ltr'><strong>se</strong></span> <span class='ocrx_word' id='word_1_184' title='bbox 170 1929 228 1985; x_wconf 90' lang='lat' dir='ltr'><strong>pro</strong></span> <span class='ocrx_word' id='word_1_185' title='bbox 242 1911 340 1985; x_wconf 87' lang='lat' dir='ltr'><strong>patria</strong></span> <span class='ocrx_word' id='word_1_186' title='bbox 353 1910 386 1966; x_wconf 92' lang='lat' dir='ltr'><strong>in</strong></span> <span class='ocrx_word' id='word_1_187' title='bbox 400 1910 550 1986; x_wconf 82' lang='lat' dir='ltr'><strong>abruptam</strong></span> <span class='ocrx_word' id='word_1_188' title='bbox 563 1923 671 1969; x_wconf 89' lang='lat' dir='ltr'><strong>terrem</strong></span> <span class='ocrx_word' id='word_1_189' title='bbox 691 1915 879 1990; x_wconf 89' lang='lat' dir='ltr'><strong>praeeipitem</strong></span> <span class='ocrx_word' id='word_1_190' title='bbox 901 1915 997 1985; x_wconf 82' lang='lat' dir='ltr'><strong>dedit3</strong></span> <span class='ocrx_word' id='word_1_191' title='bbox 1023 1933 1096 1990; x_wconf 88' lang='lat' dir='ltr'><strong>quae</strong></span> 
     </span>
     <span class='ocr_line' id='line_1_22' title="bbox 57 1993 1095 2070; baseline 0 -20"><span class='ocrx_word' id='word_1_192' title='bbox 57 1995 142 2050; x_wconf 81' lang='lat' dir='ltr'><strong>adluit</strong></span> <span class='ocrx_word' id='word_1_193' title='bbox 155 1995 255 2052; x_wconf 90' lang='lat' dir='ltr'><strong>Decio</strong></span> <span class='ocrx_word' id='word_1_194' title='bbox 282 1994 376 2067; x_wconf 86' lang='lat' dir='ltr'><strong>patri,</strong></span> <span class='ocrx_word' id='word_1_195' title='bbox 403 2002 433 2048; x_wconf 92' lang='lat' dir='ltr'><strong>et</strong></span> <span class='ocrx_word' id='word_1_196' title='bbox 447 1993 539 2050; x_wconf 83' lang='lat' dir='ltr'><strong>Decio</strong></span> <span class='ocrx_word' id='word_1_197' title='bbox 564 1994 643 2066; x_wconf 89' lang='lat' dir='ltr'><strong>filio,</strong></span> <span class='ocrx_word' id='word_1_198' title='bbox 670 2014 801 2070; x_wconf 87' lang='lat' dir='ltr'><strong>cumpro</strong></span> <span class='ocrx_word' id='word_1_199' title='bbox 815 1998 946 2052; x_wconf 89' lang='lat' dir='ltr'><strong>exercitu</strong></span> <span class='ocrx_word' id='word_1_200' title='bbox 960 2015 992 2052; x_wconf 82' lang='lat' dir='ltr'><strong>sc</strong></span> <span class='ocrx_word' id='word_1_201' title='bbox 1005 2015 1095 2054; x_wconf 85' lang='lat' dir='ltr'><strong>rove-</strong></span> 
     </span>
     <span class='ocr_line' id='line_1_23' title="bbox 56 2073 1096 2148; baseline 0.002 -16"><span class='ocrx_word' id='word_1_202' title='bbox 56 2074 136 2134; x_wconf 80' lang='lat' dir='ltr'><strong>runti</strong></span> <span class='ocrx_word' id='word_1_203' title='bbox 163 2075 200 2135; x_wconf 91' lang='lat' dir='ltr'><strong>Si</strong></span> <span class='ocrx_word' id='word_1_204' title='bbox 217 2085 319 2132; x_wconf 88' lang='lat' dir='ltr'><strong>tamen</strong></span> <span class='ocrx_word' id='word_1_205' title='bbox 332 2073 377 2130; x_wconf 89' lang='lat' dir='ltr'><strong>his</strong></span> <span class='ocrx_word' id='word_1_206' title='bbox 392 2075 526 2132; x_wconf 89' lang='lat' dir='ltr'><strong>omnibus</strong></span> <span class='ocrx_word' id='word_1_207' title='bbox 539 2095 609 2134; x_wconf 81' lang='lat' dir='ltr'><strong>vera</strong></span> <span class='ocrx_word' id='word_1_208' title='bbox 622 2079 719 2134; x_wconf 91' lang='lat' dir='ltr'><strong>inerat</strong></span> <span class='ocrx_word' id='word_1_209' title='bbox 736 2077 892 2148; x_wconf 86' lang='lat' dir='ltr'><strong>fortitudo,</strong></span> <span class='ocrx_word' id='word_1_210' title='bbox 919 2079 998 2134; x_wconf 90' lang='lat' dir='ltr'><strong>unde</strong></span> <span class='ocrx_word' id='word_1_211' title='bbox 1011 2077 1096 2134; x_wconf 92' lang='lat' dir='ltr'><strong>modo</strong></span> 
     </span>
     <span class='ocr_line' id='line_1_24' title="bbox 58 2158 1096 2239; baseline 0.002 -25"><span class='ocrx_word' id='word_1_212' title='bbox 58 2178 109 2218; x_wconf 91' lang='lat' dir='ltr'><strong>non</strong></span> <span class='ocrx_word' id='word_1_213' title='bbox 134 2162 249 2239; x_wconf 79' lang='lat' dir='ltr'><strong>agitur.</strong></span> <span class='ocrx_word' id='word_1_214' title='bbox 296 2159 394 2225; x_wconf 77' lang='lat' dir='ltr'><strong>Quere</strong></span> <span class='ocrx_word' id='word_1_215' title='bbox 407 2158 578 2233; x_wconf 88' lang='lat' dir='ltr'><strong>prudentio,</strong></span> <span class='ocrx_word' id='word_1_216' title='bbox 606 2178 681 2235; x_wconf 90' lang='lat' dir='ltr'><strong>quae</strong></span> <span class='ocrx_word' id='word_1_217' title='bbox 694 2162 838 2234; x_wconf 84' lang='lat' dir='ltr'><strong>sapientia</strong></span> <span class='ocrx_word' id='word_1_218' title='bbox 851 2162 931 2217; x_wconf 90' lang='lat' dir='ltr'><strong>nulla</strong></span> <span class='ocrx_word' id='word_1_219' title='bbox 944 2162 1096 2217; x_wconf 88' lang='lat' dir='ltr'><strong>numinum</strong></span> 
     </span>
     <span class='ocr_line' id='line_1_25' title="bbox 57 2237 1095 2322; baseline 0.002 -26"><span class='ocrx_word' id='word_1_220' title='bbox 57 2243 112 2300; x_wconf 90' lang='lat' dir='ltr'><strong>loca</strong></span> <span class='ocrx_word' id='word_1_221' title='bbox 135 2237 333 2300; x_wconf 69' lang='lat' dir='ltr'><strong>meruerunt?</strong></span> <span class='ocrx_word' id='word_1_222' title='bbox 371 2241 419 2298; x_wconf 84' lang='lat' dir='ltr'><strong>An</strong></span> <span class='ocrx_word' id='word_1_223' title='bbox 433 2243 500 2316; x_wconf 87' lang='lat' dir='ltr'><strong>quia</strong></span> <span class='ocrx_word' id='word_1_224' title='bbox 518 2243 551 2297; x_wconf 93' lang='lat' dir='ltr'><strong>in</strong></span> <span class='ocrx_word' id='word_1_225' title='bbox 565 2244 684 2300; x_wconf 88' lang='lat' dir='ltr'><strong>nomine</strong></span> <span class='ocrx_word' id='word_1_226' title='bbox 707 2245 840 2322; x_wconf 82' lang='lat' dir='ltr'><strong>generali</strong></span> <span class='ocrx_word' id='word_1_227' title='bbox 864 2245 955 2318; x_wconf 87' lang='lat' dir='ltr'><strong>ipsius</strong></span> <span class='ocrx_word' id='word_1_228' title='bbox 978 2245 1095 2300; x_wconf 85' lang='lat' dir='ltr'><strong>virtutis</strong></span> 
     </span>
     <span class='ocr_line' id='line_1_26' title="bbox 58 2319 1095 2402; baseline 0.002 -22"><span class='ocrx_word' id='word_1_229' title='bbox 58 2344 149 2383; x_wconf 82' lang='lat' dir='ltr'><strong>ornnes</strong></span> <span class='ocrx_word' id='word_1_230' title='bbox 164 2319 331 2384; x_wconf 83' lang='lat' dir='ltr'><strong>colunturi</strong></span> <span class='ocrx_word' id='word_1_231' title='bbox 357 2322 409 2380; x_wconf 87' lang='lat' dir='ltr'><strong>Sic</strong></span> <span class='ocrx_word' id='word_1_232' title='bbox 425 2342 495 2401; x_wconf 82' lang='lat' dir='ltr'><strong>ergo</strong></span> <span class='ocrx_word' id='word_1_233' title='bbox 508 2333 607 2399; x_wconf 87' lang='lat' dir='ltr'><strong>posset</strong></span> <span class='ocrx_word' id='word_1_234' title='bbox 616 2334 646 2382; x_wconf 93' lang='lat' dir='ltr'><strong>et</strong></span> <span class='ocrx_word' id='word_1_235' title='bbox 658 2344 733 2396; x_wconf 81' lang='lat' dir='ltr'><strong>unus</strong></span> <span class='ocrx_word' id='word_1_236' title='bbox 746 2323 827 2384; x_wconf 87' lang='lat' dir='ltr'><strong>Deus</strong></span> <span class='ocrx_word' id='word_1_237' title='bbox 841 2329 913 2398; x_wconf 91' lang='lat' dir='ltr'><strong>coli,</strong></span> <span class='ocrx_word' id='word_1_238' title='bbox 933 2329 1014 2384; x_wconf 87' lang='lat' dir='ltr'><strong>cuius</strong></span> <span class='ocrx_word' id='word_1_239' title='bbox 1027 2345 1095 2402; x_wconf 90' lang='lat' dir='ltr'><strong>par-</strong></span> 
     </span>
     <span class='ocr_line' id='line_1_27' title="bbox 57 2405 1096 2482; baseline 0 -18"><span class='ocrx_word' id='word_1_240' title='bbox 57 2419 94 2464; x_wconf 77' lang='lat' dir='ltr'><strong>tes</strong></span> <span class='ocrx_word' id='word_1_241' title='bbox 108 2410 220 2466; x_wconf 85' lang='lat' dir='ltr'><strong>caeteri</strong></span> <span class='ocrx_word' id='word_1_242' title='bbox 235 2406 277 2464; x_wconf 94' lang='lat' dir='ltr'><strong>dii</strong></span> <span class='ocrx_word' id='word_1_243' title='bbox 290 2415 440 2482; x_wconf 88' lang='lat' dir='ltr'><strong>putantur.</strong></span> <span class='ocrx_word' id='word_1_244' title='bbox 484 2405 544 2464; x_wconf 85' lang='lat' dir='ltr'><strong>Sed</strong></span> <span class='ocrx_word' id='word_1_245' title='bbox 557 2409 588 2466; x_wconf 92' lang='lat' dir='ltr'><strong>in</strong></span> <span class='ocrx_word' id='word_1_246' title='bbox 603 2409 653 2464; x_wconf 89' lang='lat' dir='ltr'><strong>illa</strong></span> <span class='ocrx_word' id='word_1_247' title='bbox 666 2428 725 2466; x_wconf 89' lang='lat' dir='ltr'><strong>una</strong></span> <span class='ocrx_word' id='word_1_248' title='bbox 737 2411 846 2466; x_wconf 84' lang='lat' dir='ltr'><strong>virtute</strong></span> <span class='ocrx_word' id='word_1_249' title='bbox 861 2419 891 2466; x_wconf 89' lang='lat' dir='ltr'><strong>et</strong></span> <span class='ocrx_word' id='word_1_250' title='bbox 903 2409 974 2466; x_wconf 87' lang='lat' dir='ltr'><strong>fides</strong></span> <span class='ocrx_word' id='word_1_251' title='bbox 989 2419 1044 2481; x_wconf 87' lang='lat' dir='ltr'><strong>cst,</strong></span> <span class='ocrx_word' id='word_1_252' title='bbox 1067 2420 1096 2466; x_wconf 90' lang='lat' dir='ltr'><strong>et</strong></span> 
     </span>
     <span class='ocr_line' id='line_1_28' title="bbox 56 2491 1094 2566; baseline 0.002 -22"><span class='ocrx_word' id='word_1_253' title='bbox 56 2493 207 2565; x_wconf 80' lang='lat' dir='ltr'><strong>pudicitia,</strong></span> <span class='ocrx_word' id='word_1_254' title='bbox 235 2509 311 2566; x_wconf 87' lang='lat' dir='ltr'><strong>quae</strong></span> <span class='ocrx_word' id='word_1_255' title='bbox 333 2499 433 2548; x_wconf 86' lang='lat' dir='ltr'><strong>tamen</strong></span> <span class='ocrx_word' id='word_1_256' title='bbox 460 2499 543 2546; x_wconf 83' lang='lat' dir='ltr'><strong>extra</strong></span> <span class='ocrx_word' id='word_1_257' title='bbox 569 2491 740 2548; x_wconf 80' lang='lat' dir='ltr'><strong>insedibus</strong></span> <span class='ocrx_word' id='word_1_258' title='bbox 766 2493 891 2565; x_wconf 87' lang='lat' dir='ltr'><strong>propriis</strong></span> <span class='ocrx_word' id='word_1_259' title='bbox 917 2493 1021 2548; x_wconf 88' lang='lat' dir='ltr'><strong>altaria</strong></span> <span class='ocrx_word' id='word_1_260' title='bbox 1034 2511 1094 2548; x_wconf 89' lang='lat' dir='ltr'><strong>me-</strong></span> 
     </span>
     <span class='ocr_line' id='line_1_29' title="bbox 56 2585 181 2634; baseline 0.016 -6"><span class='ocrx_word' id='word_1_261' title='bbox 56 2585 181 2634; x_wconf 86' lang='lat' dir='ltr'><strong>ruerunt.</strong></span> 
     </span>
    </p>
   </div>
   <div class='ocr_carea' id='block_1_3' title="bbox 435 2717 713 2780">
    <p class='ocr_par' dir='ltr' id='par_1_3' title="bbox 435 2717 713 2780">
     <span class='ocr_line' id='line_1_30' title="bbox 435 2717 713 2780; baseline -0.018 0"><span class='ocrx_word' id='word_1_262' title='bbox 435 2721 557 2780; x_wconf 81' lang='lat' dir='ltr'><strong>cnP.</strong></span> <span class='ocrx_word' id='word_1_263' title='bbox 600 2717 713 2776; x_wconf 84' lang='lat' dir='ltr'><strong>xxl.</strong></span> 
     </span>
    </p>
   </div>
   <div class='ocr_carea' id='block_1_4' title="bbox 57 2814 1097 2940">
    <p class='ocr_par' dir='ltr' id='par_1_4' title="bbox 57 2814 1097 2940">
     <span class='ocr_line' id='line_1_31' title="bbox 57 2814 1097 2900; baseline -0.001 -30"><span class='ocrx_word' id='word_1_264' title='bbox 57 2820 135 2884; x_wconf 83' lang='lat' dir='ltr'><strong>Quod</strong></span> <span class='ocrx_word' id='word_1_265' title='bbox 143 2822 208 2874; x_wconf 83' lang='lat' dir='ltr'><strong>dona</strong></span> <span class='ocrx_word' id='word_1_266' title='bbox 219 2838 274 2876; x_wconf 83' lang='lat' dir='ltr'><strong>non</strong></span> <span class='ocrx_word' id='word_1_267' title='bbox 294 2819 480 2900; x_wconf 62' lang='lat' dir='ltr'><strong>intelligentta</strong></span> <span class='ocrx_word' id='word_1_268' title='bbox 490 2817 558 2880; x_wconf 87' lang='lat' dir='ltr'><strong>Dei,</strong></span> <span class='ocrx_word' id='word_1_269' title='bbox 584 2816 692 2870; x_wconf 82' lang='lat' dir='ltr'><strong>Virtute</strong></span> <span class='ocrx_word' id='word_1_270' title='bbox 698 2817 798 2899; x_wconf 36' lang='lat' dir='ltr'><strong>&#39;saltem</strong></span> <span class='ocrx_word' id='word_1_271' title='bbox 814 2825 840 2868; x_wconf 91' lang='lat' dir='ltr'><strong>et</strong></span> <span class='ocrx_word' id='word_1_272' title='bbox 850 2814 993 2868; x_wconf 80' lang='lat' dir='ltr'><strong>Felicitate</strong></span> <span class='ocrx_word' id='word_1_273' title='bbox 1005 2816 1097 2869; x_wconf 82' lang='lat' dir='ltr'><strong>deduc·</strong></span> 
     </span>
     <span class='ocr_line' id='line_1_32' title="bbox 439 2896 711 2940; baseline -0.007 -2"><span class='ocrx_word' id='word_1_274' title='bbox 439 2898 498 2940; x_wconf 79' lang='lat' dir='ltr'><strong>rent</strong></span> <span class='ocrx_word' id='word_1_275' title='bbox 513 2903 568 2939; x_wconf 81' lang='lat' dir='ltr'><strong>esse</strong></span> <span class='ocrx_word' id='word_1_276' title='bbox 582 2896 711 2939; x_wconf 80' lang='lat' dir='ltr'><strong>contente.</strong></span> 
     </span>
    </p>
   </div>
   <div class='ocr_carea' id='block_1_5' title="bbox 45 2992 1096 3906">
    <p class='ocr_par' dir='ltr' id='par_1_5' title="bbox 45 2992 1096 3906">
     <span class='ocr_line' id='line_1_33' title="bbox 114 2992 1096 3066; baseline -0.002 -12"><span class='ocrx_word' id='word_1_277' title='bbox 114 2997 176 3054; x_wconf 88' lang='lat' dir='ltr'><strong>Has</strong></span> <span class='ocrx_word' id='word_1_278' title='bbox 190 2997 262 3054; x_wconf 85' lang='lat' dir='ltr'><strong>deas</strong></span> <span class='ocrx_word' id='word_1_279' title='bbox 275 3015 337 3052; x_wconf 88' lang='lat' dir='ltr'><strong>non</strong></span> <span class='ocrx_word' id='word_1_280' title='bbox 351 2997 480 3066; x_wconf 81' lang='lat' dir='ltr'><strong>veritas,</strong></span> <span class='ocrx_word' id='word_1_281' title='bbox 507 2994 558 3050; x_wconf 83' lang='lat' dir='ltr'><strong>sed</strong></span> <span class='ocrx_word' id='word_1_282' title='bbox 581 2996 697 3051; x_wconf 87' lang='lat' dir='ltr'><strong>vanitas</strong></span> <span class='ocrx_word' id='word_1_283' title='bbox 721 2994 799 3050; x_wconf 85' lang='lat' dir='ltr'><strong>fecit.</strong></span> <span class='ocrx_word' id='word_1_284' title='bbox 844 2992 926 3050; x_wconf 89' lang='lat' dir='ltr'><strong>Haec</strong></span> <span class='ocrx_word' id='word_1_285' title='bbox 940 2995 1020 3052; x_wconf 88' lang='lat' dir='ltr'><strong>enirn</strong></span> <span class='ocrx_word' id='word_1_286' title='bbox 1032 2997 1096 3052; x_wconf 84' lang='lat' dir='ltr'><strong>veri</strong></span> 
     </span>
     <span class='ocr_line' id='line_1_34' title="bbox 52 3074 1096 3153; baseline -0.004 -15"><span class='ocrx_word' id='word_1_287' title='bbox 52 3080 107 3138; x_wconf 88' lang='lat' dir='ltr'><strong>Dei</strong></span> <span class='ocrx_word' id='word_1_288' title='bbox 120 3099 248 3138; x_wconf 87' lang='lat' dir='ltr'><strong>munera</strong></span> <span class='ocrx_word' id='word_1_289' title='bbox 262 3088 349 3150; x_wconf 85' lang='lat' dir='ltr'><strong>eunt,</strong></span> <span class='ocrx_word' id='word_1_290' title='bbox 376 3097 437 3136; x_wconf 86' lang='lat' dir='ltr'><strong>non</strong></span> <span class='ocrx_word' id='word_1_291' title='bbox 449 3080 530 3153; x_wconf 87' lang='lat' dir='ltr'><strong>ipsae</strong></span> <span class='ocrx_word' id='word_1_292' title='bbox 542 3087 611 3136; x_wconf 85' lang='lat' dir='ltr'><strong>sunt</strong></span> <span class='ocrx_word' id='word_1_293' title='bbox 624 3077 705 3134; x_wconf 88' lang='lat' dir='ltr'><strong>deae.</strong></span> <span class='ocrx_word' id='word_1_294' title='bbox 748 3074 956 3136; x_wconf 87' lang='lat' dir='ltr'><strong>Verumtamen</strong></span> <span class='ocrx_word' id='word_1_295' title='bbox 979 3077 1029 3134; x_wconf 90' lang='lat' dir='ltr'><strong>ubi</strong></span> <span class='ocrx_word' id='word_1_296' title='bbox 1052 3088 1096 3134; x_wconf 90' lang='lat' dir='ltr'><strong>est</strong></span> 
     </span>
     <span class='ocr_line' id='line_1_35' title="bbox 50 3157 1095 3237; baseline -0.006 -16"><span class='ocrx_word' id='word_1_297' title='bbox 50 3167 143 3222; x_wconf 70' lang='lat' dir='ltr'><strong>runis</strong></span> <span class='ocrx_word' id='word_1_298' title='bbox 173 3173 204 3220; x_wconf 92' lang='lat' dir='ltr'><strong>et</strong></span> <span class='ocrx_word' id='word_1_299' title='bbox 228 3163 370 3232; x_wconf 83' lang='lat' dir='ltr'><strong>felicitas,</strong></span> <span class='ocrx_word' id='word_1_300' title='bbox 395 3161 464 3236; x_wconf 89' lang='lat' dir='ltr'><strong>quid</strong></span> <span class='ocrx_word' id='word_1_301' title='bbox 477 3161 557 3219; x_wconf 91' lang='lat' dir='ltr'><strong>aliud</strong></span> <span class='ocrx_word' id='word_1_302' title='bbox 575 3157 744 3237; x_wconf 78' lang='lat' dir='ltr'><strong>quaeriturl</strong></span> <span class='ocrx_word' id='word_1_303' title='bbox 771 3161 846 3228; x_wconf 82' lang='lat' dir='ltr'><strong>Quid</strong></span> <span class='ocrx_word' id='word_1_304' title='bbox 860 3163 888 3216; x_wconf 91' lang='lat' dir='ltr'><strong>ei</strong></span> <span class='ocrx_word' id='word_1_305' title='bbox 902 3159 1021 3232; x_wconf 85' lang='lat' dir='ltr'><strong>suffieit,</strong></span> <span class='ocrx_word' id='word_1_306' title='bbox 1049 3163 1095 3218; x_wconf 92' lang='lat' dir='ltr'><strong>eui</strong></span> 
     </span>
     <span class='ocr_line' id='line_1_36' title="bbox 51 3241 1095 3322; baseline -0.004 -18"><span class='ocrx_word' id='word_1_307' title='bbox 51 3250 143 3306; x_wconf 80' lang='lat' dir='ltr'><strong>virtus</strong></span> <span class='ocrx_word' id='word_1_308' title='bbox 157 3247 344 3322; x_wconf 80' lang='lat' dir='ltr'><strong>felicitasque</strong></span> <span class='ocrx_word' id='word_1_309' title='bbox 368 3263 428 3301; x_wconf 92' lang='lat' dir='ltr'><strong>non</strong></span> <span class='ocrx_word' id='word_1_310' title='bbox 451 3241 574 3302; x_wconf 83' lang='lat' dir='ltr'><strong>sufficiti</strong></span> <span class='ocrx_word' id='word_1_311' title='bbox 602 3245 709 3302; x_wconf 90' lang='lat' dir='ltr'><strong>Omnia</strong></span> <span class='ocrx_word' id='word_1_312' title='bbox 722 3245 827 3320; x_wconf 90' lang='lat' dir='ltr'><strong>quippe</strong></span> <span class='ocrx_word' id='word_1_313' title='bbox 841 3243 956 3322; x_wconf 82' lang='lat' dir='ltr'><strong>agenda</strong></span> <span class='ocrx_word' id='word_1_314' title='bbox 969 3246 1095 3319; x_wconf 87' lang='lat' dir='ltr'><strong>comple·</strong></span> 
     </span>
     <span class='ocr_line' id='line_1_37' title="bbox 48 3325 1094 3404; baseline -0.007 -16"><span class='ocrx_word' id='word_1_315' title='bbox 48 3334 135 3390; x_wconf 88' lang='lat' dir='ltr'><strong>etitur</strong></span> <span class='ocrx_word' id='word_1_316' title='bbox 149 3332 265 3401; x_wconf 69' lang='lat' dir='ltr'><strong>ruma,</strong></span> <span class='ocrx_word' id='word_1_317' title='bbox 279 3329 380 3388; x_wconf 88' lang='lat' dir='ltr'><strong>omnia</strong></span> <span class='ocrx_word' id='word_1_318' title='bbox 393 3327 519 3402; x_wconf 90' lang='lat' dir='ltr'><strong>optanda</strong></span> <span class='ocrx_word' id='word_1_319' title='bbox 533 3328 667 3384; x_wconf 85' lang='lat' dir='ltr'><strong>felicitas.</strong></span> <span class='ocrx_word' id='word_1_320' title='bbox 713 3326 748 3384; x_wconf 87' lang='lat' dir='ltr'><strong>Si</strong></span> <span class='ocrx_word' id='word_1_321' title='bbox 761 3326 886 3404; x_wconf 90' lang='lat' dir='ltr'><strong>Iupiter,</strong></span> <span class='ocrx_word' id='word_1_322' title='bbox 913 3336 945 3384; x_wconf 90' lang='lat' dir='ltr'><strong>ut</strong></span> <span class='ocrx_word' id='word_1_323' title='bbox 958 3325 1029 3384; x_wconf 88' lang='lat' dir='ltr'><strong>haee</strong></span> <span class='ocrx_word' id='word_1_324' title='bbox 1043 3327 1094 3382; x_wconf 87' lang='lat' dir='ltr'><strong>da-</strong></span> 
     </span>
     <span class='ocr_line' id='line_1_38' title="bbox 47 3409 1093 3488; baseline -0.011 -15"><span class='ocrx_word' id='word_1_325' title='bbox 47 3426 106 3488; x_wconf 86' lang='lat' dir='ltr'><strong>ret,</strong></span> <span class='ocrx_word' id='word_1_326' title='bbox 134 3416 205 3472; x_wconf 88' lang='lat' dir='ltr'><strong>ideo</strong></span> <span class='ocrx_word' id='word_1_327' title='bbox 231 3412 397 3483; x_wconf 89' lang='lat' dir='ltr'><strong>colebatur;</strong></span> <span class='ocrx_word' id='word_1_328' title='bbox 424 3413 492 3487; x_wconf 89' lang='lat' dir='ltr'><strong>quia</strong></span> <span class='ocrx_word' id='word_1_329' title='bbox 514 3412 541 3466; x_wconf 87' lang='lat' dir='ltr'><strong>si</strong></span> <span class='ocrx_word' id='word_1_330' title='bbox 563 3411 672 3468; x_wconf 89' lang='lat' dir='ltr'><strong>bonum</strong></span> <span class='ocrx_word' id='word_1_331' title='bbox 695 3411 804 3485; x_wconf 87' lang='lat' dir='ltr'><strong>aliquid</strong></span> <span class='ocrx_word' id='word_1_332' title='bbox 817 3420 861 3468; x_wconf 82' lang='lat' dir='ltr'><strong>eat</strong></span> <span class='ocrx_word' id='word_1_333' title='bbox 873 3409 995 3467; x_wconf 89' lang='lat' dir='ltr'><strong>latitudo</strong></span> <span class='ocrx_word' id='word_1_334' title='bbox 1009 3410 1093 3485; x_wconf 81' lang='lat' dir='ltr'><strong>regni</strong></span> 
     </span>
     <span class='ocr_line' id='line_1_39' title="bbox 47 3491 1095 3575; baseline -0.01 -19"><span class='ocrx_word' id='word_1_335' title='bbox 47 3511 134 3575; x_wconf 88' lang='lat' dir='ltr'><strong>atque</strong></span> <span class='ocrx_word' id='word_1_336' title='bbox 149 3499 349 3566; x_wconf 84' lang='lat' dir='ltr'><strong>diuturnitas,</strong></span> <span class='ocrx_word' id='word_1_337' title='bbox 374 3495 410 3550; x_wconf 89' lang='lat' dir='ltr'><strong>ad</strong></span> <span class='ocrx_word' id='word_1_338' title='bbox 424 3494 547 3551; x_wconf 88' lang='lat' dir='ltr'><strong>eandem</strong></span> <span class='ocrx_word' id='word_1_339' title='bbox 560 3495 688 3569; x_wconf 88' lang='lat' dir='ltr'><strong>pertinet</strong></span> <span class='ocrx_word' id='word_1_340' title='bbox 701 3494 886 3563; x_wconf 66' lang='lat' dir='ltr'><strong>felicitatem</strong></span> <span class='ocrx_word' id='word_1_341' title='bbox 911 3510 963 3548; x_wconf 90' lang='lat' dir='ltr'><strong>cur</strong></span> <span class='ocrx_word' id='word_1_342' title='bbox 975 3508 1036 3548; x_wconf 86' lang='lat' dir='ltr'><strong>non</strong></span> <span class='ocrx_word' id='word_1_343' title='bbox 1048 3491 1095 3546; x_wconf 92' lang='lat' dir='ltr'><strong>in-</strong></span> 
     </span>
     <span class='ocr_line' id='line_1_40' title="bbox 48 3573 1096 3648; baseline -0.01 -10"><span class='ocrx_word' id='word_1_344' title='bbox 48 3585 201 3640; x_wconf 86' lang='lat' dir='ltr'><strong>tellectum</strong></span> <span class='ocrx_word' id='word_1_345' title='bbox 215 3589 261 3636; x_wconf 87' lang='lat' dir='ltr'><strong>est</strong></span> <span class='ocrx_word' id='word_1_346' title='bbox 275 3579 353 3636; x_wconf 89' lang='lat' dir='ltr'><strong>dona</strong></span> <span class='ocrx_word' id='word_1_347' title='bbox 366 3577 422 3634; x_wconf 89' lang='lat' dir='ltr'><strong>Dei</strong></span> <span class='ocrx_word' id='word_1_348' title='bbox 439 3596 518 3648; x_wconf 85' lang='lat' dir='ltr'><strong>esre,</strong></span> <span class='ocrx_word' id='word_1_349' title='bbox 545 3597 605 3636; x_wconf 92' lang='lat' dir='ltr'><strong>non</strong></span> <span class='ocrx_word' id='word_1_350' title='bbox 625 3573 714 3634; x_wconf 81' lang='lat' dir='ltr'><strong>deaei</strong></span> <span class='ocrx_word' id='word_1_351' title='bbox 741 3575 775 3634; x_wconf 84' lang='lat' dir='ltr'><strong>Si</strong></span> <span class='ocrx_word' id='word_1_352' title='bbox 788 3586 886 3632; x_wconf 87' lang='lat' dir='ltr'><strong>autem</strong></span> <span class='ocrx_word' id='word_1_353' title='bbox 898 3581 1015 3647; x_wconf 88' lang='lat' dir='ltr'><strong>putatae</strong></span> <span class='ocrx_word' id='word_1_354' title='bbox 1028 3582 1096 3630; x_wconf 80' lang='lat' dir='ltr'><strong>erint</strong></span> 
     </span>
     <span class='ocr_line' id='line_1_41' title="bbox 45 3653 1095 3737; baseline -0.009 -17"><span class='ocrx_word' id='word_1_355' title='bbox 45 3666 137 3737; x_wconf 89' lang='lat' dir='ltr'><strong>deae,</strong></span> <span class='ocrx_word' id='word_1_356' title='bbox 166 3667 274 3723; x_wconf 90' lang='lat' dir='ltr'><strong>saltem</strong></span> <span class='ocrx_word' id='word_1_357' title='bbox 284 3662 343 3718; x_wconf 85' lang='lat' dir='ltr'><strong>alie</strong></span> <span class='ocrx_word' id='word_1_358' title='bbox 356 3670 437 3718; x_wconf 85' lang='lat' dir='ltr'><strong>tanta</strong></span> <span class='ocrx_word' id='word_1_359' title='bbox 451 3660 571 3718; x_wconf 84' lang='lat' dir='ltr'><strong>‹leorunr</strong></span> <span class='ocrx_word' id='word_1_360' title='bbox 585 3661 669 3718; x_wconf 85' lang='lat' dir='ltr'><strong>turba</strong></span> <span class='ocrx_word' id='word_1_361' title='bbox 683 3678 743 3716; x_wconf 91' lang='lat' dir='ltr'><strong>non</strong></span> <span class='ocrx_word' id='word_1_362' title='bbox 756 3664 954 3735; x_wconf 88' lang='lat' dir='ltr'><strong>quaereretur.</strong></span> <span class='ocrx_word' id='word_1_363' title='bbox 990 3653 1095 3714; x_wconf 84' lang='lat' dir='ltr'><strong>Consi·</strong></span> 
     </span>
     <span class='ocr_line' id='line_1_42' title="bbox 46 3740 1094 3818; baseline -0.008 -14"><span class='ocrx_word' id='word_1_364' title='bbox 46 3747 159 3806; x_wconf 85' lang='lat' dir='ltr'><strong>deratis</strong></span> <span class='ocrx_word' id='word_1_365' title='bbox 175 3749 257 3806; x_wconf 81' lang='lat' dir='ltr'><strong>eninr</strong></span> <span class='ocrx_word' id='word_1_366' title='bbox 272 3743 375 3802; x_wconf 85' lang='lat' dir='ltr'><strong>officiis</strong></span> <span class='ocrx_word' id='word_1_367' title='bbox 390 3744 509 3802; x_wconf 87' lang='lat' dir='ltr'><strong>deorum</strong></span> <span class='ocrx_word' id='word_1_368' title='bbox 523 3743 699 3818; x_wconf 84' lang='lat' dir='ltr'><strong>dearumque</strong></span> <span class='ocrx_word' id='word_1_369' title='bbox 714 3743 853 3810; x_wconf 85' lang='lat' dir='ltr'><strong>omnium,</strong></span> <span class='ocrx_word' id='word_1_370' title='bbox 868 3757 941 3814; x_wconf 88' lang='lat' dir='ltr'><strong>quae</strong></span> <span class='ocrx_word' id='word_1_371' title='bbox 955 3740 1031 3795; x_wconf 80' lang='lat' dir='ltr'><strong>sicut</strong></span> <span class='ocrx_word' id='word_1_372' title='bbox 1042 3758 1094 3796; x_wconf 89' lang='lat' dir='ltr'><strong>vo-</strong></span> 
     </span>
     <span class='ocr_line' id='line_1_43' title="bbox 45 3823 1096 3906; baseline -0.01 -20"><span class='ocrx_word' id='word_1_373' title='bbox 45 3834 168 3890; x_wconf 87' lang='lat' dir='ltr'><strong>luerunt</strong></span> <span class='ocrx_word' id='word_1_374' title='bbox 184 3850 239 3906; x_wconf 92' lang='lat' dir='ltr'><strong>pro</strong></span> <span class='ocrx_word' id='word_1_375' title='bbox 266 3846 321 3886; x_wconf 83' lang='lat' dir='ltr'><strong>sua</strong></span> <span class='ocrx_word' id='word_1_376' title='bbox 343 3829 511 3900; x_wconf 86' lang='lat' dir='ltr'><strong>opinatione</strong></span> <span class='ocrx_word' id='word_1_377' title='bbox 536 3827 702 3895; x_wconf 87' lang='lat' dir='ltr'><strong>finxerunt,</strong></span> <span class='ocrx_word' id='word_1_378' title='bbox 728 3825 898 3891; x_wconf 87' lang='lat' dir='ltr'><strong>inveniant,</strong></span> <span class='ocrx_word' id='word_1_379' title='bbox 926 3823 952 3878; x_wconf 85' lang='lat' dir='ltr'><strong>si</strong></span> <span class='ocrx_word' id='word_1_380' title='bbox 965 3832 1096 3898; x_wconf 87' lang='lat' dir='ltr'><strong>possunt,</strong></span> 
     </span>
    </p>
   </div>
   <div class='ocr_carea' id='block_1_6' title="bbox 0 0 1300 4396">
    <p class='ocr_par' dir='ltr' id='par_1_6' title="bbox 0 0 1300 4396">
     <span class='ocr_line' id='line_1_44' title="bbox 0 0 1300 4396; baseline 0 4"><span class='ocrx_word' id='word_1_381' title='bbox 0 0 1300 4396; x_wconf 95' lang='lat' dir='ltr'><strong> </strong></span> 
     </span>
    </p>
   </div>
  </div>
 </body>
</html>
