2592 4396
266 185 324 244 DE
348 185 563 244 CIVITATE
586 185 663 244 DEI
686 187 773 246 .LIB.
794 188 874 246 XII.
1019 197 1080 253 375

49 351 114 406 tate
128 335 314 408 condiderit,
341 355 406 394 cum
424 339 487 394 sinc
501 340 559 396 illis
575 355 612 394 ex
630 340 805 396 aeternitate
818 342 905 398 initio
919 355 1036 402 carente
1049 348 1079 404 in

51 444 114 480 non
128 424 246 480 minore
258 420 397 478 beatitate
408 424 575 495 permansit.

407 569 529 629 cAP.
570 570 728 630 XVIII.

70 669 181 722 Contra
193 683 237 720 eos
247 666 294 736 qui
303 667 407 732 dicunt,
426 684 457 720 eo
472 684 539 738 quae
549 668 659 792 hippias
672 678 736 723 sunt
745 659 792 724 uec
802 668 857 723 Dei
867 689 944 740 posse
954 673 1066 726 scientia

476 754 579 806 compre
647 756 665 790 a.

120 827 199 901 Illdd
212 853 312 900 autem
328 843 406 900 aliud
423 843 501 919 quod
516 843 633 917 dicunt,
658 863 713 902 nec
724 841 782 902 Dei
793 848 916 906 scientia
929 867 1002 924 quae
1015 851 1082 907 inli-

51 933 116 988 nita
128 937 202 986 sunt
213 946 301 1002 posse
314 926 531 1004 comprehendi:
556 937 648 985 restat
661 929 703 986 eis
717 938 749 986 ut
761 929 857 988 dicere
870 932 1011 1005 audeant,
1037 943 1082 990 at·

51 1034 110 1091 que
121 1011 195 1070 huic
208 1031 241 1068 se
251 1013 387 1090 voragini
398 1010 559 1086 profundae
570 1013 726 1087 impietatis
736 1013 920 1093 immergant,
934 1017 1009 1093 quod
1023 1037 1082 1074 non

51 1116 158 1155 omnes
172 1113 311 1154 numeros
324 1095 404 1152 Deus
418 1097 543 1154 noverit.
584 1093 645 1152 Eos
658 1099 762 1172 quippe
775 1098 907 1156 infinitos
921 1118 998 1170 esse,
1018 1120 1082 1157 cer-

50 1183 202 1240 tissimum
214 1188 274 1256 est:
299 1181 438 1254 quonism
450 1181 482 1236 in
495 1195 666 1255 quocunque
679 1199 801 1237 numero
817 1179 905 1238 finem
918 1183 1083 1240 laciendum

49 1265 222 1341 putareris,
235 1261 313 1320 idem
324 1264 403 1338 ipse,
418 1281 477 1320 non
490 1263 555 1320 dico
569 1280 627 1318 uno
641 1262 741 1320 addito
754 1265 873 1342 augeri,
897 1265 948 1321 sed
960 1268 1082 1341 quemli-

50 1351 106 1406 bet
119 1349 161 1404 sit
173 1365 295 1425 magnus
310 1356 339 1404 et
352 1347 510 1423 quamlibet
525 1347 675 1424 ingentem
695 1345 909 1404 multitudinem
930 1350 1083 1405 continent

51 1435 88 1489 in
102 1433 169 1506 ipsa
180 1433 291 1488 ratione
304 1440 391 1506 etque
403 1431 528 1487 scientia
540 1447 737 1501 numerorum,
751 1448 811 1487 non
823 1432 918 1487 solum
930 1430 1083 1506 duplicari,

48 1533 161 1574 verum
175 1515 259 1570 etiam
276 1514 465 1588 multiplicari
483 1522 588 1588 potest.
630 1511 675 1570 lta
689 1531 759 1570 vero
773 1514 833 1570 suis
846 1516 968 1591 quisque
980 1533 1082 1572 nnme-

48 1619 103 1658 rns
123 1599 352 1673 proprietatibus
374 1598 565 1669 terminatur,
592 1605 626 1653 ut
645 1599 741 1654 nullus
759 1615 860 1655 eorum
877 1616 931 1673 par
944 1616 1008 1654 esse
1021 1601 1083 1656 cui-

50 1701 179 1758 cumque
191 1683 278 1740 alteri
289 1683 390 1756 possit.
431 1680 513 1762 Ergo
532 1691 562 1738 et
580 1679 711 1756 dispares
730 1682 808 1738 inter
829 1699 862 1738 se
873 1691 962 1758 atque
975 1681 1084 1740 diversi

51 1777 140 1839 eunt,
155 1775 187 1822 et
200 1767 310 1844 singuli
323 1768 429 1842 quique
441 1765 519 1824 liniti
532 1773 611 1836 sunt,
624 1773 655 1822 et
664 1783 765 1822 omnes
778 1765 888 1824 Infiniti
900 1776 979 1826 sunt.
1000 1765 1083 1824 Itane

49 1869 190 1910 numeros
209 1857 329 1924 propter
345 1849 521 1907 infinitatem
538 1850 634 1906 nescit
650 1867 751 1906 ornnes
771 1846 978 1927 [omnipotens]
992 1849 1083 1922 Deus,

49 1949 79 1994 et
92 1953 190 2011 usque
204 1931 242 1990 ad
255 1931 400 2008 quandam
418 1951 561 1992 summam
572 1951 761 1992 numerorum
773 1935 898 1990 scientia
910 1933 967 1992 Dei
979 1953 1082 2009 perve-

49 2023 106 2091 nit,
121 2027 258 2076 caeteros
272 2012 407 2096 ignorot
438 2016 580 2086 Quishoe
593 2017 682 2074 etiam
692 2018 741 2074 vel
753 2016 987 2074 dementissimus
1000 2017 1083 2074 dixe-

48 2100 111 2162 ritl
134 2101 199 2160 Nec
212 2099 362 2159 audebunt
375 2101 426 2159 isti
439 2109 628 2159 contemere
641 2117 792 2170 numeros,
818 2109 848 2156 et
865 2117 913 2156 cos
934 2099 1032 2156 dicere
1048 2100 1085 2156 ad

47 2189 110 2246 Dei
131 2186 289 2244 scientiam
311 2203 372 2242 non
393 2185 559 2260 pertinere,
584 2181 661 2258 apud
673 2200 747 2258 quos
759 2181 843 2240 Plato
859 2180 956 2240 Dcum
977 2202 1085 2261 magna

49 2271 230 2328 anctoritate
244 2267 427 2326 commendat
438 2266 577 2326 mundum
590 2267 718 2324 numeris
732 2265 936 2324 fabricantem:
965 2277 994 2324 et
1006 2267 1082 2342 apud

50 2373 108 2413 nos
123 2352 186 2410 Deo
199 2351 311 2410 dictum
326 2352 451 2431 legitur,
481 2349 589 2412 onata
610 2352 642 2408 io
663 2368 820 2422 mensura,
847 2361 877 2409 et
897 2369 1031 2422 oausam,
1054 2362 1084 2408 et

45 2438 182 2519 pondere
204 2436 389 2512 disposuisti.
431 2435 478 2494 De
490 2453 547 2512 qno
566 2435 638 2491 dicit
649 2443 679 2491 et
690 2433 850 2508 Propheta,
878 2433 942 2503 Qui
956 2435 1083 2510 profert

48 2535 206 2580 numerose
221 2515 364 2596 [summ]
378 2517 536 2579 soscslsss.
577 2516 618 2574 Et
630 2515 766 2582 Salvator
779 2518 810 2572 in
825 2515 1003 2592 Evangelio:
1026 2515 1083 2571 Ca-

47 2605 133 2684 pilli,
151 2603 267 2678 inquit,
280 2603 377 2661 nestri
387 2619 484 2660 omnes
497 2600 649 2658 nometi
660 2607 739 2655 saut.
780 2597 865 2655 Absit
874 2599 972 2672 itaque
984 2607 1017 2652 ut
1029 2597 1082 2653 du-

48 2691 190 2756 bitemus,
204 2684 282 2761 qnod
296 2687 323 2742 ei
336 2695 423 2744 notus
435 2686 474 2742 sit
487 2685 582 2742 omnis
594 2698 744 2752 numerus,
758 2681 841 2738 cuias
855 2679 1083 2756 intelligentiae,

48 2776 127 2829 sicut
139 2773 173 2828 'm
186 2769 300 2826 Psalmo
314 2772 440 2842 canitur,
453 2787 510 2827 non
523 2776 728 2826 estuantem.
770 2761 904 2822 Infinitas
916 2765 1016 2840 itaque
1028 2782 1083 2820 nu·

51 2855 140 2925 meri,
152 2855 285 2930 quamvis
298 2853 480 2912 Infinitorum
494 2849 684 2910 numerorum
696 2850 794 2906 nullus
807 2849 847 2907 sit
858 2865 1010 2922 numerus,
1023 2866 1084 2906 non

51 2947 101 2996 est
120 2947 217 2996 tamen
235 2935 533 3012 incomprehensibilis
551 2933 594 3007 ei,
622 2933 704 2990 cirins
727 2933 944 3014 intelligentiae
960 2951 1020 2990 non
1039 2944 1085 2988 ost

52 3039 204 3080 numerus.
249 3021 428 3096 Quapropter
456 3021 483 3077 si
509 3017 646 3096 quiequid
672 3018 796 3076 scientia
821 3016 1084 3094 comprehenditur,

53 3107 176 3163 scientis
202 3101 461 3179 comprehensione
485 3103 603 3175 finitur;
628 3100 760 3177 profecto
775 3105 814 3160 'et
835 3103 931 3160 omnis
953 3101 1084 3160 infinitas

53 3271 325 3349 comprehensibilis
339 3290 400 3334 non
413 3280 465 3330 est.
480 3271 579 3338 Quare
591 3279 636 3328 est
648 3269 778 3328 infinitas
791 3287 978 3326 numerorum
991 3271 1085 3325 soien-

54 3361 113 3414 tiae
124 3355 196 3428 Dei,
214 3375 271 3432 qua
284 3353 546 3432 comprehenditur,
559 3373 623 3411 esse
637 3372 698 3411 non
707 3361 805 3428 potest
814 3352 945 3424 infinitc3
959 3353 1010 3426 qni
1019 3361 1085 3407 tan-

54 3443 121 3499 dem
144 3459 202 3498 nos
228 3458 327 3497 snmus
350 3437 534 3510 homunculi,
560 3439 611 3513 qui
628 3440 691 3493 eins
709 3436 849 3492 scientiae
866 3436 972 3490 limites
995 3433 1086 3510 figere

53 3542 293 3601 praesumamus,
316 3523 462 3598 dipentes,
482 3522 631 3599 quodnisi
644 3519 753 3577 eisdem
765 3517 964 3574 circumitibns
977 3524 1086 3588 tempo-

54 3629 123 3666 rum
135 3608 240 3666 eadem
251 3609 422 3683 temporalia
434 3614 614 3682 repetantur,
627 3621 689 3662 non
702 3609 798 3678 potest
809 3599 889 3658 Dcus
901 3605 1004 3654 cuncta
1015 3615 1087 3672 quac

52 3694 127 3750 fecit
145 3695 196 3750 rel
213 3691 361 3766 praescire
378 3700 413 3748 ut
428 3691 530 3760 faciat,
556 3691 604 3746 vel
622 3689 697 3744 sciro
716 3703 781 3742 cum
799 3678 920 3740 feceritl
943 3682 1026 3738 cuius
1038 3700 1085 3737 sa-

51 3779 168 3854 pientia
191 3776 364 3850 simpliciter
386 3776 537 3850 multiplex
557 3782 586 3829 et
604 3765 1002 3835 uniformitermultiformis,
1028 3775 1087 3822 tam

54 3857 349 3936 incomprebensibili
375 3855 631 3933 comprehensione
661 3854 758 3910 omnia
787 3847 1087 3926 incomprehensibilia
