2576 4396
219 204 281 260 326
399 209 401 214 ’
447 196 549 255 DIVI
576 195 766 256 AVRELll
791 197 1051 259 AVGVSTlNl

220 355 259 408 sit
281 361 443 424 temporum
465 356 495 403 et
517 345 693 418 ordinator,‘
709 347 850 424 quomodo
873 349 988 407 dicatsn
1007 363 1077 427 post
1094 363 1249 430 temporum

220 434 314 510 spatia
329 429 469 490 anundum
479 447 612 502 creasse,
631 449 692 488 non
705 431 807 503 video;
833 435 894 489 nisi
908 435 1021 491 dicatur
1030 447 1102 493 ante
1114 441 1249 498 mundun

218 520 277 573 iam
290 517 419 590 aliquam
430 513 524 570 fuisse
532 521 703 588 awannam,
719 516 799 571 cuius
812 517 938 574 motibus
947 528 1082 593 ternpore
1091 535 1245 580 cunerem

217 599 310 658 Porro
322 599 350 654 si
361 598 468 653 literae
479 614 582 652 sacrae
594 599 778 674 maximeque
790 617 910 656 raaces
922 603 964 656 ita
977 603 1096 675 dieunt,
1123 607 1154 661 in
1165 609 1244 679 prin·

177 679 183 684 ’
218 683 294 757 cipio
309 681 418 737 fecisse
430 679 527 736 Deum
541 681 835 753 acclamatorum,
853 692 888 738 ut
897 682 972 740 nibil
987 693 1073 742 antea
1087 687 1189 744 iecisse
1202 692 1244 746 in-

216 767 381 841 telligatur,
408 763 475 836 quia
498 760 552 818 hoe
572 765 724 836 patierin
745 766 889 839 principio
907 767 1014 824 fecisse
1037 768 1198 844 diceretur,
1221 776 1246 828 si

217 847 287 922 quial
298 846 419 901 fecisset
428 852 498 899 ante
512 853 628 901 caetera
639 856 749 903 cuneta
761 865 836 922 quae
849 847 935 922 focit3
959 853 1061 925 procul
1084 853 1168 909 lubio
1189 874 1246 912 non

145 973 147 976 .
218 937 262 984 est
273 926 398 983 mundus
411 925 507 982 neas
519 928 552 982 in
563 936 710 1003 tempore,
723 929 776 985 sed
791 949 856 986 curu
870 941 1009 1007 ternpore.
1031 935 1116 1000 Quod
1126 939 1204 993 enirn
1216 939 1248 994 fit

215 1011 249 1066 in
261 1019 404 1083 tenpore,
419 1017 449 1064 ct
461 1019 528 1082 post
540 1011 657 1085 aliquod
668 1012 714 1084 lit,
738 1021 767 1068 et
779 1023 848 1069 onte
862 1015 978 1090 aliquod
990 1025 1120 1092 tempus3
1144 1030 1208 1095 pest
1219 1021 1248 1078 id

216 1091 294 1167 quod
305 1093 495 1166 praeteritura
510 1101 569 1164 est,
583 1102 652 1150 ante
665 1095 695 1151 id
709 1095 786 1170 quod
797 1097 930 1154 futurum
943 1109 1001 1156 est:
1028 1103 1142 1158 nubum
1155 1113 1244 1162 autern

214 1183 316 1249 posset
330 1193 395 1229 esse
406 1177 612 1248 praeteritum
639 1180 707 1252 quia
719 1179 800 1234 nulla
813 1189 878 1236 erat
888 1191 1039 1253 cremara,
1062 1187 1144 1241 cuius
1155 1196 1245 1243 muta·

215 1257 321 1312 bilibus
335 1259 462 1313 motibus
476 1267 622 1335 ageretur.
657 1259 732 1317 Cum
746 1271 876 1336 ternpore
887 1273 986 1320 autern
999 1267 1094 1322 faetus
1106 1279 1153 1324 est
1163 1287 1245 1325 mun-

216 1339 286 1411 dus,
313 1341 384 1396 siin
399 1341 462 1396 eius
476 1341 645 1398 conditione
658 1343 753 1400 factus
768 1355 813 1401 est
826 1347 973 1403 mutabilis
987 1358 1097 1422 meurs,
1113 1353 1190 1408 sicut
1202 1355 1245 1409 vi-

215 1421 301 1478 ‹letur
319 1441 351 1478 se
368 1421 476 1479 hebere
495 1425 583 1479 etiarn
599 1425 671 1482 ordo
690 1429 739 1483 ille
757 1430 917 1502 primorum
935 1449 987 1486 sex
1006 1435 1053 1488 rel
1066 1443 1173 1508 septem
1184 1435 1246 1490 slie-

213 1519 295 1574 rum3
310 1507 342 1561 in
356 1505 461 1578 quibus
476 1522 562 1562 mane
575 1515 606 1562 et
617 1527 739 1584 vespera
750 1513 951 1584 nominantur,
965 1513 1058 1570 donec
1068 1520 1247 1592 omniaqnao

214 1584 260 1640 his
273 1585 374 1641 diebus
388 1585 469 1642 Deus
481 1587 567 1661 fecit,
579 1599 663 1648 sexto
676 1593 866 1668 perficiantur
880 1593 937 1667 uie,
952 1599 1130 1674 septimoque
1143 1602 1174 1656 in
1186 1617 1246 1656 nra-

214 1685 273 1744 gno
285 1670 427 1743 mysterio
442 1668 500 1725 Dei
516 1675 633 1730 vaccua
648 1677 878 1734 commendetur.
921 1681 980 1746 Qui
1003 1681 1064 1736 (lies
1086 1684 1245 1742 cuiusmodi

212 1751 290 1821 sint,
316 1759 367 1806 aut
378 1751 547 1825 perdifficile
565 1757 666 1830 nobis,
693 1761 845 1817 autetiam
859 1763 1036 1836 impossibile
1047 1773 1094 1821 est
1106 1768 1245 1844 cogitare,

212 1841 323 1907 quanto
336 1835 430 1912 magis
442 1834 550 1893 dicere
671 1904 673 1909 y

600 1921 623 1980 C
646 1925 670 1981 A
692 1924 724 1980 P.
768 1925 793 1980 V
806 1925 820 1982 l
832 1925 854 1982 1.

210 2007 401 2080 Deqrwlitate
407 2014 560 2082 primorum
568 2019 685 2082 dierum,
706 2021 771 2088 quie
786 2031 931 2090 antequam
946 2028 986 2078 rot
993 2025 1090 2095 fieret,
1111 2043 1244 2096 ceperam

523 2095 550 2138 et
556 2105 635 2140 ιιιαιιι
645 2091 793 2142 nodantur
803 2091 935 2144 Ιιιὺιιίιιι.

273 2167 411 2226 Videmus
429 2172 536 2249 quippe
553 2179 629 2250 ipsos
649 2177 713 2234 dies
731 2189 817 2236 notos
830 2199 891 2238 non
904 2180 1011 2239 hebere
1023 2199 1174 2260 vesperam
1188 2190 1246 2244 nisi

210 2251 247 2306 dc
260 2253 331 2306 solis
346 2271 465 2324 οιιιιιι,
492 2275 547 2312 ιιι
559 2275 645 2314 mane
662 2263 721 2316 nisi
733 2263 770 2318 ee
783 2265 852 2319 solis
864 2274 987 2323 exortu:
1011 2269 1131 2326 illorum
1147 2281 1246 2329 autern

210 2335 325 2408 priores
337 2342 399 2388 tres
411 2333 552 2394 diassine
565 2341 626 2396 sole
639 2346 751 2416 peracti
767 2355 853 2415 sunt,
881 2349 931 2422 qui
952 2359 1057 2424 quartu
1080 2351 1127 2408 die
1149 2353 1245 2412 iactus

209 2415 347 2472 refertur.
391 2414 431 2470 Et
442 2418 577 2488 priruitus
589 2425 707 2499 quidem
720 2429 773 2483 lux
786 2427 876 2486 verbo
886 2429 945 2486 Dei
957 2432 1050 2504 lecta,
1064 2443 1151 2511 atque
1165 2439 1246 2494 inter

209 2499 304 2571 ipsam
321 2507 352 2554 et
371 2499 510 2556 tenebras
523 2500 605 2558 Deus
620 2525 772 2583 separasse
786 2522 940 2584 narratur,
968 2526 997 2571 et
1010 2517 1132 2574 eandem
1146 2521 1245 2577 lucem

113 2595 115 2600 ’
208 2598 331 2637 vocene
343 2581 440 2654 diem,
468 2585 603 2643 tenebras
622 2601 717 2649 ιιιιιιιιι
735 2604 865 2652 noctem:
892 2597 944 2653 sed
957 2601 1049 2674 qualis
1062 2602 1113 2657 illa
1125 2604 1167 2658 sit
1179 2605 1244 2677 lux,

208 2673 238 2720 et
251 2681 306 2739 quo
322 2666 489 2722 alternante
508 2679 605 2741 motu,
632 2676 804 2749 qualemque
817 2697 968 2754 vesperam
981 2691 1013 2738 et
1026 2701 1111 2740 mene
1124 2685 1243 2759 fecerit,

205 2755 351 2803 remotum
365 2757 440 2804 esta
453 2751 586 2808 sensibus
600 2757 722 2828 nostris3
749 2777 804 2814 nce
817 2761 860 2815 ita
872 2773 906 2818 ut
919 2774 977 2834 est,
1004 2766 1132 2844 intelligi
1149 2786 1167 2824 ιι
1187 2788 1243 2826 no-

204 2829 249 2884 bis
263 2837 372 2904 potest3
400 2831 476 2902 quod
497 2841 595 2890 tamen
618 2837 683 2890 sine
706 2841 765 2895 ulla
784 2839 977 2901 haesitatione
996 2848 1172 2907 credendum
1187 2863 1243 2910 est.

204 2910 263 2966 Aut
281 2911 360 2966 enim
377 2911 475 2984 aliqua
493 2915 546 2969 lux
565 2934 702 2990 corporea
720 2931 778 2994 est,
807 2927 869 2981 sive
882 2927 914 2983 in
928 2932 1125 3003 superioribus
1138 2936 1244 2992 mundi

147 3060 154 3072 ἦ
203 2990 337 3065 partibus
350 2993 439 3068 louge
453 3012 470 3049 a
483 2999 684 3070 conspectibus
698 3007 824 3077 nostris,
837 3009 899 3065 sive
912 3011 989 3067 unde
1002 3015 1046 3068 sol
1057 3017 1242 3088 postmodum

97 3125 110 3136 ,
203 3089 346 3128 accensus
365 3083 423 3130 est:
449 3085 501 3132 aut
518 3079 593 3135 lucis
612 3085 730 3140 nomine
748 3089 914 3166 significata
932 3103 978 3150 cst
994 3106 1096 3152 saneta
1112 3097 1242 3174 Civitas,

203 3157 235 3210 in
249 3155 359 3210 sanctis
372 3156 493 3235 Angelis
509 3169 538 3216 et
551 3165 700 3237 spiritibus
719 3169 827 3243 beatis,
854 3174 889 3228 de
906 3193 963 3250 qua
980 3177 1052 3234 dicit
1068 3180 1240 3254 Apostolus:

205 3235 290 3306 Quae
303 3253 420 3294 sursum
433 3253 480 3298 eet
493 3241 699 3320 Hierusalem,
726 3264 823 3311 mater
836 3267 942 3312 matre
955 3270 1081 3317 aeterne
1094 3265 1125 3319 in
1140 3267 1241 3323 coelia.

201 3320 252 3376 llit
266 3319 371 3396 quippe
386 3325 485 3380 etalio
499 3328 581 3385 leco:
598 3328 705 3390 Omnes
718 3337 794 3392 euim
806 3353 857 3394 voa
864 3339 932 3410 filii
941 3345 1031 3413 cetis,
1045 3345 1151 3416 etfilis'
1163 3349 1243 3422 diei,-

201 3421 257 3461 non
268 3419 369 3461 samus
383 3410 479 3464 asotia
492 3428 582 3487 neque
595 3416 791 3474 tenebrarum.
814 3417 848 3475 Si
860 3431 959 3481 tumen
968 3435 1000 3482 et
1011 3443 1168 3502 vesperam
1182 3431 1242 3487 diei

200 3485 285 3544 huius
303 3497 336 3544 et
352 3507 438 3546 ruane
456 3495 642 3568 aliquatenus
669 3511 867 3577 congruenter
883 3504 1050 3586 intelligere
1076 3514 1241 3570 valeamus.

200 3570 345 3635 Quoniam
358 3573 482 3631 scientia
495 3587 648 3633 creaturae
660 3581 692 3636 iu
706 3587 923 3658 comparatione
932 3592 1073 3648 scientiae
1087 3593 1241 3653 creatoris

199 3651 322 3724 quodam
333 3655 420 3710 modo
433 3661 626 3731 vesperascit:
641 3663 770 3739 itemque
782 3669 906 3725 lucescit
918 3681 949 3728 et
960 3691 1046 3731 mane
1059 3677 1107 3748 iit,
1127 3696 1198 3736 cnm
1212 3689 1242 3735 et

199 3733 263 3804 ipsa
278 3735 408 3792 refertur
426 3739 462 3795 ad
482 3741 596 3798 laudern
616 3743 860 3824 dilectionemque
871 3751 1036 3829 Creatoris3
1062 3763 1169 3818 necin
1186 3781 1241 3819 no-

198 3822 273 3882 ctem
291 3820 440 3894 vergitur,
466 3823 516 3878 ubi
530 3843 589 3880 uon
603 3824 725 3886 Creator
743 3841 894 3892 creaturae
911 3836 1071 3897 dilectione
1087 3845 1241 3921 relinqui-
