2576 4396
207 217 269 276 324
437 204 534 266 DIVI
559 201 748 260 AVRELlI
771 199 1027 260 AVGVSTlNI

208 365 315 423 seriam
328 370 359 418 et
370 355 581 432 turpitudinem
593 339 760 435 pr'acrfdet3
787 353 812 407 si
826 361 922 408 autem
935 370 996 408 non
1009 350 1172 424 praevidet,
1187 373 1237 409 nec

207 467 239 505 so
252 457 368 523 turpem
381 459 416 496 ac
429 440 565 495 miseram
578 437 658 507 fore,
673 435 725 490 sed
737 435 851 492 beatam
864 453 978 509 semper
992 436 1155 504 existimat,
1168 434 1238 491 falsa

207 530 346 606 opinione
360 525 400 579 sit
411 522 512 578 beata:
527 537 584 594 quo
597 518 656 573 dici
669 519 786 574 stultius
799 516 873 574 nihil
885 526 989 592 potest.
1008 515 1043 573 Si
1055 526 1152 573 autem
1165 537 1238 574 sem-

206 629 259 688 per
271 607 390 686 quidem
401 622 454 680 per
466 603 582 658 saccula
594 609 674 657 retro
687 599 804 656 infinita
814 619 880 656 cum
891 599 1072 656 beatitudine
1082 601 1238 656 alternasse

206 695 323 750 animae
336 688 484 746 miseriam
495 691 613 758 putant,
640 683 692 739 sed
709 701 789 740 nunc
807 685 866 738 iarn
884 683 920 739 de
939 691 1056 738 caetero
1075 700 1142 738 cum
1153 682 1238 740 luerit

206 777 345 844 liberata,
359 769 396 826 ad
409 768 558 824 miseriam
571 784 633 822 non
647 783 710 822 esse
723 765 894 837 redituram,
908 763 1000 822 nihilo
1011 766 1108 821 minus
1122 767 1237 824 convin-

207 867 315 916 cuntur
328 869 480 926 nunquam
492 866 555 905 eam
569 849 662 904 fuisse
675 866 745 904 vere
758 848 884 919 beatam,
904 847 956 904 sed
969 847 1105 921 deinceps
1120 866 1181 904 esse
1193 851 1237 904 in-

207 942 304 1014 cipere
318 952 395 992 nova
408 931 531 1008 quadam
543 949 599 987 nec
613 930 709 986 fallaci
722 930 919 1003 beatitudine;
932 949 966 988 oc
977 949 1030 1005 per
1043 929 1098 987 boc
1110 930 1238 988 fatebun-

206 1032 255 1078 tur
269 1017 402 1083 accidere
413 1016 458 1086 illi
471 1013 581 1089 aliquid
593 1015 675 1084 novi,
690 1021 719 1068 et
728 1011 784 1068 boc
798 1031 937 1092 magnum
949 1023 1036 1088 atque
1049 1016 1238 1087 praeclarum,

206 1102 285 1180 quod
297 1116 448 1175 nunquam
460 1105 540 1153 retro
552 1115 605 1172 per
618 1097 823 1152 aeternitatem
836 1097 999 1152 accidisset.
1022 1094 1114 1153 Cuius
1128 1099 1238 1154 novita-

206 1189 245 1244 tis
260 1201 377 1242 eausam
390 1183 417 1236 si
430 1180 525 1237 Deum
538 1180 688 1257 negabant
700 1179 732 1235 in
745 1187 866 1234 aeterno
884 1178 1020 1236 habuisse
1038 1180 1175 1251 consilio,
1201 1182 1239 1234 si-

206 1271 267 1326 mul
281 1285 349 1322 cum
360 1264 511 1341 negabunt
524 1263 612 1318 etiam
624 1260 813 1318 beatitudinis
828 1263 891 1318 cius
909 1271 1074 1334 auctorem3
1100 1263 1176 1336 quod
1189 1282 1239 1318 nc-

207 1349 312 1408 landae
325 1347 483 1422 impietatis
497 1354 557 1402 est:
572 1342 602 1400 si¹
611 1353 710 1400 autem
724 1343 823 1400 dicent
830 1345 1020 1419 otiamipsum
1030 1362 1107 1401 novo
1121 1347 1240 1401 consilio

187 1488 191 1494 ,
208 1433 403 1510 excogitasse,
415 1438 449 1484 ut
462 1427 624 1484 decaetero
636 1429 675 1482 sit
687 1428 823 1484 animain
832 1436 984 1483 aeternum
993 1427 1088 1499 beata,
1103 1429 1241 1503 quomodo

208 1535 273 1572 eum
291 1515 419 1568 alienum
437 1512 472 1566 ab
491 1529 540 1581 ea,
568 1528 641 1584 quae
666 1511 724 1566 illis
748 1528 864 1585 quoque
887 1509 1033 1584 displicet‚·
1052 1510 1242 1567 mutabilitate

208 1588 434 1654 monstrabunti
459 1591 552 1648 Porro
567 1594 593 1647 si
606 1611 644 1649 ex
657 1602 787 1668 tempore
801 1601 945 1664 creatam,
959 1591 1011 1648 sed
1024 1595 1107 1649 nullo
1121 1595 1242 1650 ulterius

206 1690 336 1753 tempore
348 1677 519 1750 perituram,
533 1684 845 1750 tanquamnumerum,
861 1672 988 1752 [verum]
999 1675 1106 1732 habere
1117 1677 1242 1748 initium,

208 1761 259 1818 scd
272 1778 332 1816 non
344 1756 451 1814 habere
460 1758 549 1814 finem
557 1757 698 1830 fatentur,
713 1767 742 1814 et
754 1757 820 1814 idco
834 1761 924 1816 semel
936 1767 1086 1833 expertam
1098 1760 1241 1831 miserias,

207 1846 232 1900 si
245 1843 280 1898 ab
294 1843 337 1897 cis
349 1841 438 1896 fucrit
450 1842 588 1911 liberata,
598 1859 749 1915 nunquam
761 1842 898 1898 miseram
910 1851 1013 1914 postea
1025 1840 1169 1914 neuram,
1183 1862 1242 1899 non

206 1927 306 2000 utique
322 1923 494 1980 dubitabunt
510 1921 565 1979 hoc
579 1922 644 1978 lieri
663 1921 800 1979 manente
816 1925 1107 1988 incommutabilitate
1128 1929 1242 1982 consilii

207 2007 274 2064 Dei.
289 2006 340 2064 Sic
352 2024 424 2082 ergo
437 2005 557 2062 credant
570 2004 751 2062 otmundum
764 2023 801 2062 cx
814 2015 946 2079 tempore
958 2006 1024 2063 fieri
1035 2009 1176 2082 potuisse,
1188 2028 1242 2065 ncc

206 2100 304 2146 tamen
317 2088 383 2145 ideo
397 2087 492 2145 Deum
505 2091 537 2146 in
556 2107 590 2144 eo
612 2087 746 2145 faciendo
768 2099 921 2145 aeternum
940 2091 1093 2146 consilium
1106 2093 1242 2150 volunta·

205 2183 321 2247 temque
335 2179 469 2228 mutasse.

627 2255 700 2313 CA·
716 2255 749 2312 P.
795 2255 826 2312 V.

209 2349 275 2402 Tam
286 2367 338 2404 non
349 2365 404 2402 etse
414 2347 589 2416 cogitandum
599 2349 630 2401 de
640 2350 756 2470 irruitis
767 2359 915 2420 temporum
925 2353 1022 2422 spatiis
1032 2363 1096 2408 ante
1106 2357 1243 2421 mundam,

502 2433 639 2486 quomncc
667 2418 806 2490 einfinitis
815 2423 940 2475 locorum.

268 2506 384 2564 Deinde
405 2503 564 2564 videndum
583 2518 628 2564 est
646 2509 726 2582 istis,
749 2512 800 2585 qui
817 2509 913 2567 Deum
936 2513 1116 2570 conditorem
1139 2515 1244 2571 mundi

205 2591 404 2662 consentiunt,
419 2599 559 2650 ettamen
573 2602 718 2664 quaerunt
731 2593 767 2649 de
780 2594 882 2650 mundi
895 2603 1025 2668 tempore
1036 2596 1104 2671 quid
1117 2615 1243 2671 respon-

204 2673 337 2744 deamus,
351 2673 421 2748 quid
433 2673 490 2746 ipsi
501 2673 701 2746 respondeant
713 2676 749 2732 de
761 2676 863 2732 mundi
875 2678 950 2732 loco.
972 2675 1018 2734 Ita
1031 2681 1110 2734 enim
1123 2682 1244 2754 quaeri-

203 2765 263 2826 tur,
289 2774 341 2811 cur
363 2757 461 2829 potius
484 2763 556 2809 tunc
579 2764 609 2809 et
626 2774 687 2813 non
705 2767 792 2814 antea
810 2758 905 2814 factus
929 2761 978 2829 sit,
1001 2761 1244 2836 quemadmodum

203 2839 306 2910 quaeri
318 2845 442 2910 potest„
454 2853 506 2912 cur
518 2833 566 2890 hic
578 2838 677 2909 potius
691 2839 741 2895 ubi
754 2849 800 2896 est
813 2850 843 2896 et
854 2859 915 2897 non
929 2839 1015 2898 alibii
1044 2843 1119 2900 Nam
1132 2845 1158 2899 si
1171 2845 1243 2901 infi-

203 2920 266 2974 nita
280 2919 374 2990 spatia
386 2918 525 2989 temporis
544 2925 613 2973 ante
630 2921 769 2978 mundum
787 2925 934 3000 cogitant,
960 2926 993 2980 in
1006 2927 1108 3001 quibus
1123 2928 1166 2982 eis
1181 2947 1243 2984 non

201 2999 317 3054 videtur
327 2996 410 3054 Deus
424 2999 459 3057 ab
474 3016 561 3071 opere
575 3017 691 3057 cessare
703 3006 847 3077 potuisse,
861 3007 996 3063 similiter
1010 3010 1143 3086 cogitent
1156 3019 1245 3066 extra

201 3080 341 3136 mundum
353 3081 470 3136 infinita
482 3083 575 3154 spatia
588 3084 736 3157 locorum,
762 3089 803 3143 in·
818 3089 920 3163 quibus
945 3091 972 3145 si
991 3092 1143 3166 quisquam
1154 3092 1245 3149 'dicat

202 3180 262 3217 non
275 3164 406 3237 potuisse
418 3181 523 3219 vacare
537 3166 776 3241 omnipotentem,
795 3189 895 3228 nonne
908 3191 1091 3248 consequens
1106 3177 1183 3246 erit,
1209 3187 1245 3231 ut

202 3245 428 3302 innumerabiles
442 3245 564 3303 mundos
578 3267 645 3306 cum
657 3249 786 3325 Epicuro
799 3255 944 3310 somniare
958 3266 1096 3333 cogatur;
1124 3277 1160 3314 ea
1174 3267 1243 3314 tan-

201 3337 264 3384 tum
277 3325 451 3398 differentia,
475 3330 551 3404 quod
564 3349 614 3388 eos
626 3333 677 3388 illc
690 3333 820 3390 fortuitis
834 3338 960 3394 motibus
975 3348 1140 3396 atomorum
1153 3343 1244 3419 gigni

200 3412 307 3467 asserit
321 3420 351 3466 et
364 3413 488 3481 resolvi,
515 3415 566 3471 isti
578 3424 675 3472 autem
688 3435 774 3490 opere
788 3417 846 3474 Dei
859 3419 954 3476 factos
973 3422 1081 3478 dicturi
1100 3434 1189 3495 sunt,
1217 3426 1244 3478 si

200 3511 265 3550 cum
284 3512 336 3568 per
353 3495 599 3552 interminabilem
612 3498 838 3556 immensitatem
850 3503 983 3559 locorum
997 3513 1082 3560 extra
1095 3507 1243 3564 mundum

198 3576 423 3651 circumquaque
436 3580 599 3651 patentium
608 3596 713 3636 vacare
726 3584 885 3654 noluerint,
900 3603 955 3642 nec
968 3586 1083 3642 eosdem
1098 3590 1244 3659 mundos,

197 3658 274 3729 quod
288 3660 376 3714 etiam
389 3658 424 3714 dc
438 3661 495 3716 isto
510 3656 653 3732 sentiunt,'
665 3665 726 3720 ulla
739 3683 828 3725 causa
838 3683 927 3739 posse
939 3665 1078 3726 dissolvii
1103 3670 1184 3728 Cum
1198 3671 1244 3726 bis

196 3739 275 3792 enim
289 3741 403 3814 agimus
417 3744 468 3815 qui
481 3752 512 3798 et
524 3742 622 3799 Deum
634 3745 856 3819 incorporeum,
879 3759 909 3806 et
922 3753 1051 3809 omnium
1064 3762 1246 3811 neutrarum

194 3835 268 3890 quae
283 3837 343 3876 non
357 3831 427 3878 sunt
441 3824 518 3895 quod
531 3827 610 3898 ipse,
637 3837 798 3885 creatorem
812 3830 964 3890 nobiscum
984 3836 1135 3910 sentiunt;
1165 3839 1245 3894 alios
