2602 4416
277 215 340 276 DE
377 213 599 276 ClVl'l'A'l'E
627 217 708 280 DEI
734 221 816 282 ata.
844 223 867 284 l.
1050 229 1091 288 29

51 388 122 446 nus;
149 369 337 446 praesertim
351 385 425 442 quos
447 368 558 426 nullius
571 371 708 428 militaris
727 376 882 449 potestatis
894 377 943 434 rel
954 379 1022 436 talis
1034 379 1091 437 ml·

49 459 121 514 litiae
149 457 223 510 iura
253 452 492 528 constringunt,
522 453 624 527 ipsum
647 452 762 512 bostem
785 456 877 514 ferire
902 457 1090 534 superatumd

49 547 60 577 ι
73 541 146 606 Quis
165 553 246 614 ergo
260 543 322 591 tam
334 535 432 590 malus
446 551 530 590 error
543 536 672 610 obrepit,
699 547 734 596 ιιι
745 537 834 596 homo
847 557 881 597 se
893 541 1018 617 occidat,
1042 546 1091 602 rel

47 625 109 698 quia
123 624 157 678 in
173 639 248 676 eum
266 618 415 694 peccarit,
441 619 491 674 vel
504 635 541 674 ne
552 619 585 675 in
599 637 665 676 eum
678 631 782 694 peccet
793 623 944 697 inimicus,
964 643 1031 683 eum
1042 629 1092 684 rel

45 714 236 780 peecatorem
260 703 310 758 vel
334 709 528 776 peccaturum
550 702 647 776 ipsum
666 705 801 763 occidere
824 723 887 764 non
904 706 1014 765 audeat
1031 709 1091 766 ini·

44 783 168 846 neuma
722 783 1090 875 (acerruma.)

425 899 449 958 C
470 902 495 959 Α
516 900 548 958 Ρ.
591 899 624 960 Χ
636 901 716 961 XV.

183 983 270 1050 Quod
273 987 419 1052 peccatum
428 996 482 1035 non
487 998 539 1050 per
550 991 693 1052 peccatam
703 983 796 1038 debeat
808 983 949 1041 deeldson'.

100 1078 139 1134 At
154 1076 241 1132 enim
254 1070 427 1129 timendum·
437 1079 482 1127 ιιι
494 1080 524 1128 ιι
536 1073 709 1146 carendum,
726 1091 765 1132 ne
777 1073 895 1132 libidini
906 1074 1008 1137 bostili
1017 1080 1089 1140 sub·

48 1160 135 1217 ditum
156 1173 273 1231 corpus
293 1146 553 1212 illecebrosissima
569 1159 721 1234 voluptate
739 1158 870 1216 anianum
889 1161 1000 1220 alliciat
1017 1182 1089 1222 con-

48 1245 153 1300 sentire
169 1248 311 1316 peccato.
360 1237 506 1310 Proinde,
534 1241 693 1316 inquiunt,
719 1258 781 1298 non
798 1242 858 1297 iam
875 1253 998 1316 propter
1016 1248 1090 1302 alie-

49 1345 127 1398 num,
158 1323 214 1380 sed
239 1329 369 1398 propter
394 1338 482 1377 suum
506 1332 678 1396 peccatum,
703 1332 862 1399 antequam
884 1321 941 1380 hoo
966 1327 1091 1401 quisque

49 1409 227 1479 committat,
250 1424 286 1461 sc
305 1403 394 1460 debet
407 1403 550 1461 occidere.
594 1403 684 1462 Nullo
696 1405 783 1462 modo
798 1405 915 1482 quidem
932 1404 989 1464 hoe
1002 1407 1092 1466 faciet

50 1493 171 1560 animm,
189 1499 226 1546 ut
244 1487 422 1546 consentiat
433 1487 550 1544 libidini
564 1490 663 1545 carnis
677 1507 750 1547 suae
770 1491 868 1546 aliena
881 1487 1003 1546 libidine
1018 1509 1089 1550 oon·

52 1575 163 1644 citatae,
182 1575 234 1647 qui
247 1571 319 1628 Dco
332 1571 433 1644 potius
445 1571 568 1646 eiusque
582 1573 756 1646 sapientiae,
770 1589 857 1647 quam
871 1575 1003 1646 corporis
1017 1591 1088 1632 con-

50 1658 248 1730 cupiscentiae
269 1653 426 1709 subiectus
444 1661 498 1728 est.
548 1651 757 1710 Verumtamen
777 1656 804 1710 si
823 1653 995 1712 detestabile
1014 1657 1089 1714 faci-

48 1758 96 1797 nus
110 1748 140 1794 et
151 1737 328 1795 damnabile
343 1736 440 1791 scelus
455 1744 516 1808 est,
544 1737 632 1792 etiam
646 1755 678 1792 se
699 1738 796 1812 ipsum
809 1735 958 1794 hominem
972 1738 1089 1796 occide-

47 1841 87 1893 re,
116 1824 199 1879 sicut
218 1821 339 1879 veritas
358 1817 517 1875 manifesta
537 1821 714 1894 proclamat3
740 1821 807 1895 quis
825 1821 868 1876 ita
886 1819 1029 1897 desipiat,
1055 1831 1091 1880 ut

47 1906 131 1978 dicat,
159 1903 228 1962 Iam
248 1922 335 1961 nunc
352 1919 524 1976 peccemus,
555 1921 594 1959 ne
610 1912 713 1979 postea
730 1903 809 1960 forte
832 1919 1005 1978 peccemus3
1031 1906 1090 1962 iam

47 2007 116 2046 nuno
133 1998 354 2063 perpetremus
369 1982 578 2058 homicidium,
608 2005 647 2042 ne
665 1987 744 2042 forte
756 1994 862 2061 postea
874 1986 1040 2042 incidamus
1057 1989 1090 2044 in

47 2067 244 2128 adulteriuml
271 2068 384 2127 Nonne
398 2068 425 2123 si
438 2076 554 2124 tantum
567 2067 738 2126 dominatur
750 2071 905 2143 iniquitas,
919 2077 1029 2124 utnon
1043 2070 1089 2125 in-

47 2156 194 2227 nocentia,
226 2151 283 2210 sed
306 2153 406 2225 potius
430 2159 552 2224 peccata
565 2153 728 2230 eligantur,
755 2152 849 2207 satius
875 2158 922 2206 est
943 2151 1091 2208 incertum

48 2238 77 2292 dc
90 2239 197 2294 tuturo
214 2235 411 2305 adulterium,
435 2251 522 2308 quam
535 2243 650 2291 certum
663 2234 700 2292 de
713 2235 866 2309 praesenti
878 2229 1089 2292 homicidiumi

46 2320 144 2376 Nonne
159 2322 264 2376 satius
281 2326 328 2373 est
341 2315 489 2394 flagitium
512 2320 712 2389 committere,
738 2316 818 2396 quod
838 2316 1020 2392 poenitendo
1041 2335 1089 2372 ιι-

46 2413 141 2476 netur,
169 2421 269 2480 quam
289 2401 349 2456 tale
367 2399 486 2455 lacinus
504 2401 556 2457 ubi
572 2403 657 2458 locus
671 2401 797 2460 salubris
810 2401 1014 2475 poenitentiae
1028 2417 1090 2455 non

18 2537 19 2548 ,
45 2481 250 2561 relinquiturl
278 2481 362 2540 llaec
377 2481 441 2537 dixi
455 2491 575 2558 propter
588 2502 640 2540 eos
653 2487 703 2542 vel
716 2503 782 2556 eas,
812 2502 893 2558 quae.
906 2498 968 2538 non
988 2483 1090 2550 alieni,

45 2570 90 2625 sed
102 2571 224 2645 proprii
242 2567 364 2641 peccati
383 2564 534 2624 devitandi
556 2585 664 2636 eausa,
689 2585 729 2623 ne
742 2566 796 2622 sub
820 2565 944 2620 alterius
967 2560 1092 2616 libidine

45 2656 129 2708 etiam
150 2653 308 2708 excitatae
338 2665 411 2704 suae
430 2648 509 2704 forte
531 2649 738 2717 consentiant,
765 2648 827 2701 vim
851 2643 924 2712 sibi,
952 2659 1010 2716 qua
1026 2660 1090 2698 mo-

46 2738 177 2806 riantur,
190 2730 385 2790 inferendam
397 2738 512 2802 putant.
548 2727 705 2786 Caeterum
718 2728 796 2784 absit
806 2743 824 2783 a
836 2733 936 2781 mente
948 2722 1091 2780 Christia-

45 2837 86 2874 na
99 2833 175 2892 quae
188 2815 255 2874 Deo
272 2832 328 2871 suo
343 2811 424 2884 fidit,
446 2815 478 2870 in
492 2831 586 2890 eoque
600 2829 652 2886 spe
665 2813 763 2885 posita
776 2811 841 2866 eius
856 2806 1006 2865 adiutorio
1018 2808 1090 2864 niti·

44 2912 108 2970 tnr3
133 2902 232 2971 absit,
258 2901 400 2973 inquam,
426 2903 461 2951 ut
473 2915 556 2952 mens
569 2897 638 2951 talis
662 2894 821 2952 cuiuslibet
839 2892 938 2948 cornis
951 2891 1089 2964 volupta-

44 2985 119 3040 tibus
133 2984 174 3040 ad
189 2999 378 3039 consensum
390 2978 583 3052 turpitudinis
606 2977 699 3034 cedat.
744 2975 831 3044 Quod
855 2977 882 3031 si
905 2975 956 3029 illa
977 2992 1089 3030 concu-

43 3067 231 3140 piscentialis
249 3062 472 3134 inobedientia,
501 3079 576 3136 quoe
594 3060 689 3118 adhuc
707 3063 739 3116 in
753 3059 891 3116 membris
904 3056 1089 3113 moribundis

42 3149 174 3222 habitat,
201 3155 325 3222 praeter
338 3152 462 3202 nostrae
479 3146 642 3200 voluntatis
654 3147 751 3220 legem
770 3143 855 3219 quasi
872 3143 939 3218 lege
959 3157 1013 3195 sua
1025 3156 1088 3193 mo-

44 3245 146 3292 vetur:
173 3240 290 3308 quanto
304 3229 402 3306 magis
415 3227 525 3302 absque
540 3229 626 3301 culpa
640 3228 730 3283 estin
743 3243 867 3298 corpore
882 3241 944 3279 non
962 3239 1089 3278 consen·

43 3319 162 3391 tientis,
189 3317 217 3372 si
231 3315 345 3389 absque
364 3311 451 3384 eulpa
470 3311 560 3367 estin
575 3329 700 3385 corpore
713 3302 906 3365 dormientisi

409 3458 526 3517 CAP.
578 3457 728 3516 XXVl.

44 3541 86 3595 De
96 3544 219 3614 hisquae
228 3542 300 3612 fieri
313 3539 475 3603 nonlioeot,
494 3555 554 3591 cum
564 3556 582 3591 a
596 3538 697 3592 sanctis
705 3537 791 3608 facto
805 3541 964 3593 noscuntur,
983 3544 1037 3596 pua
1047 3544 1091 3580 ra·

384 3607 456 3661 tione
461 3608 544 3680 facta
553 3609 683 3660 credendo
693 3608 758 3658 sint.

103 3701 166 3758 Sed
178 3699 344 3776 quaedam,
369 3699 526 3772 inquiunt,
554 3706 674 3752 sanotae
693 3695 820 3751 feminae
838 3701 974 3760 tempore
988 3703 1091 3760 perse-

47 3787 188 3855 cutionis,
217 3791 254 3838 ut
266 3783 466 3838 insectatores
481 3799 552 3836 suae
565 3779 726 3854 pudicitiae
738 3776 915 3839 devitarent,
943 3770 975 3825 in
988 3777 1091 3842 raptu·

48 3881 111 3922 rum
124 3875 217 3942 atque
243 3872 423 3921 necaturum
443 3881 475 3918 se
500 3861 625 3920 fluvium
648 3862 856 3935 proiecerunt;
884 3869 979 3926 eoque
1002 3847 1091 3906 modo
