2592 4396
259 180 317 238 na
341 179 555 240 ιιιιιιιι
577 167 656 241 oar
682 183 761 242 ιιι.
783 187 861 246 ιιιι.
1014 193 1075 250 aco

47 335 132 392 Absit
144 342 244 388 autem
257 351 275 388 a
287 343 367 390 recta
378 332 450 405 fide,
475 333 566 391 uthis
579 333 744 394 Salomonis
757 339 853 394 verbis
866 341 931 398 illos
951 345 1074 400 circum·

47 421 105 473 itus
120 415 306 492 significatos
321 435 385 472 esse
398 417 563 489 credamus,
589 419 692 494 quibus
712 424 756 477 issi
772 430 893 494 putant,
920 427 962 480 sie
977 428 1075 484 eadem

46 511 214 574 temporum
236 501 490 575 temporaliumque
509 520 607 558 rerum
625 505 773 561 volumina
789 508 897 579 repeti,
923 517 970 577 ut,
994 511 1076 565 verbi

44 585 162 662 gratia,
181 584 261 638 sicut
273 585 330 639 isto
346 586 461 640 saeculo
475 583 559 640 Plato
570 583 755 661 philosophus
769 589 801 643 in
812 589 883 645 urbe
895 588 1078 660 Atheniensi,

43 678 73 723 et
90 669 122 722 in
137 685 174 722 ea
188 664 288 721 schola
302 684 376 740 quoe
388 666 543 723 Academia
556 668 633 724 dicta
647 679 708 741 eat,
735 670 892 744 discipulos
907 673 1023 744 docuit,
1037 676 1078 730 ita

43 771 97 826 per
107 750 336 806 innumerabilia
348 759 426 805 retro
440 753 569 823 saecula,
580 754 701 808 multum
714 756 837 829 prolixis
851 755 969 829 quidem
984 758 1078 812 inter-

45 836 143 904 vallis,
159 831 212 888 sed
226 842 324 888 tamen
339 835 436 906 certis,
452 843 481 889 et
491 834 566 890 idem
573 834 654 893 Plato
668 846 698 892 et
708 838 808 894 eadem
819 839 922 894 civitas
937 849 967 895 et
978 839 1078 896 eadem

45 916 146 972 schola
160 915 307 990 iidemque
327 917 462 992 discipuli
474 921 606 990 repetiti,
625 929 656 975 et
673 939 724 995 per
737 923 960 979 innumerabilia
973 923 1077 980 deinde

43 1003 163 1056 saecula
174 999 330 1072 repetendi
344 1002 417 1056 sint:
445 1002 536 1074 absit,
561 1004 697 1078 inquam,
722 1014 756 1060 ut
774 1023 827 1060 noa
845 1007 902 1061 ista
916 1007 1075 1064 credamus.

42 1084 142 1141 Semel
163 1085 243 1139 enim
259 1081 388 1139 Christus
406 1094 539 1142 mortuus
559 1096 604 1142 est
620 1105 672 1160 pro
691 1089 952 1162 peccatisnostris:
978 1109 1077 1146 resur-

42 1187 117 1245 gens
131 1175 233 1223 autem
252 1185 270 1222 a
291 1169 414 1223 mortuis
431 1169 489 1224 iam
511 1189 571 1225 non
587 1172 727 1241 meritur,
753 1180 783 1226 et
795 1187 872 1226 mors
887 1173 914 1226 ei
927 1175 1004 1228 ultra
1016 1193 1076 1230 non

42 1251 255 1306 dominabitur:
282 1258 312 1304 et
329 1269 382 1306 nos
402 1260 468 1324 post
484 1254 731 1308 resurrectionem
745 1271 857 1326 semper
871 1272 936 1308 cum
949 1253 1075 1313 Domino

43 1336 172 1405 erimus,
198 1336 246 1389 cui
260 1332 344 1390 modo
358 1333 496 1404 dicimus,
525 1335 600 1409 quod
614 1353 696 1390 sacer
708 1335 845 1390 admonet
856 1334 1002 1392 Psalmus:
1033 1338 1077 1396 Tn

46 1415 176 1472 Domine
186 1416 318 1474 servabit
331 1435 395 1487 noa,
410 1427 440 1474 et
450 1419 598 1476 custodies
611 1435 663 1473 nos
676 1438 696 1474 a
708 1420 899 1493 generatione
912 1417 969 1476 dne
982 1421 1012 1476 s'n
1026 1441 1076 1478 ce-

41 1511 173 1556 ternnns.
215 1497 294 1556 Satis
313 1509 411 1556 autem
427 1501 493 1555 istis
515 1503 650 1558 existimo
671 1503 829 1558 convenire
842 1501 918 1576 quod
930 1505 1074 1578 sequitur,

39 1580 77 1639 In
94 1585 253 1640 circumita
267 1584 352 1660 impii
369 1583 537 1640 ambulant:
564 1604 624 1641 non
638 1586 707 1659 quia
722 1603 775 1659 per
790 1587 914 1641 circulos
927 1605 998 1662 quos
1014 1587 1076 1662 opi·

39 1675 169 1738 uantur,
197 1685 299 1738 eorum
311 1667 372 1724 vita
386 1676 614 1740 eatrecuraura3
642 1668 693 1724 s'ed
708 1668 872 1744 quiamodo
887 1671 954 1726 talis
969 1680 1074 1728 ester-

39 1753 116 1806 roris
130 1768 236 1806 eorum
249 1751 313 1821 ria,
337 1750 368 1807 id
381 1760 440 1822 est,
453 1751 527 1809 falsa
540 1753 680 1808 doctrina.

425 1868 565 1960 clu¹
589 1900 696 1960 x1v.

36 1997 81 2050 De
103 1997 251 2068 temporali
270 1998 420 2052 conditione
435 1999 545 2068 generis
564 1999 691 2063 bomani,
711 2016 790 2069 qnam
799 1997 1072 2056 Densnecnococosa

249 2067 309 2119 silio
324 2067 508 2133 constitnerit,
527 2085 574 2122 nec
584 2069 709 2120 mutabili
723 2073 869 2150 voluntate.

100 2173 182 2242 Quid
194 2183 292 2230 autem
303 2177 410 2232 mirum
424 2184 482 2248 est,
507 2177 533 2232 si
546 2177 577 2232 in
589 2175 636 2232 bis
650 2176 847 2232 circumitibua
861 2186 1007 2248 errantes,
1021 2196 1076 2234 nec

35 2260 170 2328 aditum,
195 2277 252 2314 nec
276 2260 388 2314 exitum
410 2256 585 2317 invenienti
612 2261 686 2327 Quia
703 2277 797 2338 genus
817 2256 975 2317 humanum
987 2271 1075 2338 atque

34 2346 98 2398 ista
122 2351 226 2398 nostra
248 2343 428 2414 mortalitas,
454 2361 582 2419 necque
600 2344 686 2399 initio
701 2351 804 2415 coepta
821 2343 860 2398 sit
878 2345 991 2415 sciunt,
1018 2365 1075 2402 nec

34 2445 97 2502 quo
110 2425 173 2482 fine
186 2423 352 2497 claudatur3
376 2427 491 2502 quando
506 2425 622 2501 quidem
642 2425 826 2481 altitudinem
839 2425 898 2481 Dei
920 2435 1075 2500 penetrare

33 2529 97 2567 uon
112 2517 256 2584 possunt:
282 2510 350 2584 quia
363 2529 429 2565 cum
442 2511 505 2584 ipse
518 2511 557 2564 sit
568 2519 704 2564 aeternus
720 2516 750 2561 et
762 2509 827 2562 sine
838 2509 944 2578 initio,
970 2509 1006 2563 ab
1020 2511 1074 2564 ali-

33 2613 95 2669 quo
109 2602 211 2648 tamen
223 2593 309 2648 initio
323 2611 448 2648 exorsus
462 2601 508 2647 est
520 2600 665 2664 tempora,
693 2597 722 2644 et
734 2587 881 2644 hominem
899 2607 985 2663 quem
998 2609 1074 2646 nun-

33 2695 126 2753 quam
139 2685 210 2731 ante
224 2675 351 2747 lecerat,
366 2676 438 2732 iecit
450 2676 482 2730 in
495 2684 635 2747 tempore,
649 2679 820 2728 nontamen
835 2689 911 2729 novo
925 2681 955 2728 et
966 2689 1073 2747 repen-

31 2763 120 2829 tino,
136 2759 188 2816 sed
202 2759 376 2816 immutabili
390 2767 566 2832 aeternoque
580 2756 711 2812 consilio.
749 2755 821 2822 Quis
834 2753 909 2812 banc
921 2757 1018 2823 ualeat
1031 2758 1086 2812 al-¹

31 2841 198 2899 titudinem
211 2843 447 2920 investigabilem
461 2835 520 2920 [in]
539 2841 703 2918 vestigare,
729 2848 759 2895 et
771 2840 992 2897 inscrutabilem
1005 2859 1073 2916 per-

33 2926 184 2998 scrutari,
208 2925 369 2982 seeundum
392 2944 477 3001 quam
500 2924 582 2982 Deus
604 2922 751 2980 hominem
774 2926 978 2999 temporalem,
1004 2934 1073 2981 ante

31 3029 124 3085 quem
138 3027 225 3066 nemo
239 3027 367 3084 nuquam
379 3008 528 3066 hominum
541 3009 613 3079 fuit,
639 3025 700 3064 non
718 3007 850 3064 mutabili
868 3011 1021 3067 voluntate
1041 3010 1073 3066 in

30 3105 171 3168 tempore
195 3091 342 3164 condidit,
369 3101 399 3149 et
419 3111 512 3170 genus
535 3091 690 3148 humanum
715 3111 753 3148 cx
774 3111 833 3149 uno
850 3089 1072 3168 multiplicavit?

33 3177 167 3244 Quando
183 3177 298 3253 quidem
312 3174 442 3232 Psalmus
456 3178 517 3251 ipse
531 3195 596 3232 cum
608 3178 823 3250 praemisisset,
838 3187 924 3253 atque
938 3177 1072 3248 dixisset,

34 3261 82 3318 Tn
97 3259 229 3318 Domine
241 3259 375 3316 sonabis
388 3277 457 3329 nos,
483 3269 513 3316 et
530 3260 678 3317 custodies
697 3277 749 3317 noa
770 3279 790 3315 n
808 3261 1001 3334 generatione
1018 3259 1075 3316 bac

31 3348 67 3400 in
83 3355 259 3417 aeternnm
283 3360 317 3398 ac
338 3341 441 3398 deinde
459 3345 685 3417 repercussisset
703 3360 768 3411 eos,
795 3343 826 3398 in
845 3359 969 3416 quorum
987 3344 1075 3397 stulta

29 3429 187 3503 impiaque
201 3426 336 3482 doctrina
348 3428 430 3482 nulla
443 3427 626 3482 liberationis
641 3435 670 3482 et
682 3423 870 3482 beatitudinis
884 3426 999 3479 animae
1013 3441 1074 3478 ser-

26 3521 124 3568 vatur
137 3511 315 3581 aeternitas,
341 3511 481 3566 continuo
494 3511 669 3581 subiiciens,
695 3505 732 3566 In
745 3508 901 3563 circumita
914 3507 999 3582 impii
1012 3523 1074 3560 nns-

26 3595 164 3652 bnlnnt:
189 3601 330 3666 tanquam
343 3595 371 3648 ei
384 3593 545 3660 diceretur,
566 3593 643 3659 Quid
657 3610 727 3669 ergo
740 3600 773 3647 tu
788 3589 897 3657 credis,
911 3587 1014 3658 sentis,
1028 3588 1074 3642 in-

25 3672 170 3754 telligisi
193 3675 411 3750 Numquidnam
430 3675 654 3732 existimandum
673 3684 717 3730 est
737 3674 832 3729 subito
850 3671 914 3728 Deo
931 3671 1074 3745 placuisse

23 3762 191 3817 hominem
205 3758 313 3830 facere,
327 3778 413 3834 quam
422 3775 571 3833 nunquam
580 3764 666 3816 antea
679 3757 795 3814 infinita
807 3765 887 3811 retro
901 3756 1075 3812 aeternitate

21 3847 174 3912 lecisset,
188 3843 238 3900 cui
251 3840 325 3898 nibil
337 3845 408 3900 novi
422 3841 553 3900 accidere
566 3852 676 3918 potest,
700 3842 731 3897 in
745 3859 801 3916 quo
814 3839 951 3896 mutabile
965 3838 1075 3915 aliquid

727 3924 783 3982 Aa
