2602 4416
289 206 354 265 DE
391 203 613 262 GlVlTrl'l'E
650 205 731 265 DEl
765 209 844 269 LlB.
880 213 902 273 Ι.
1075 221 1115 280 37

64 367 193 425 inimicis
209 365 312 420 latere
327 359 409 415 cives
423 355 558 428 inauras,
584 375 622 414 ne
643 359 865 422 infructuosum
884 369 930 425 vel
943 370 1021 444 apud
1035 373 1114 446 ipsos

61 460 151 526 putet,
183 444 273 523 qnod
300 442 398 498 donec
425 442 580 516 perveniat
596 441 633 498 ad
660 445 826 519 confessos,
853 453 1112 524 portatiniensos:

61 535 135 590 sieut
148 549 191 588 ex
205 531 335 586 illarum
348 542 475 582 numero
491 525 578 581 etiam
585 523 643 582 Dei
657 525 769 585 Civitas
785 529 874 588 babet
886 551 996 608 seeum,
1010 555 1112 613 quam·

59 617 106 672 diu
120 614 348 693 peregrinatur
361 610 395 664 in
407 606 531 680 mundo,
556 627 708 667 connexos
722 618 930 674 communione
944 635 1111 678 sacramen·

58 711 167 770 torum,
197 715 261 754 nec
280 711 387 751 secum
405 691 524 750 fauturos
539 693 572 749 in
597 703 719 752 aeterna
746 707 827 755 sorte
845 711 1034 775 sanctorum,
1061 707 1112 779 qui

57 785 163 857 partim
178 784 214 837 in
230 779 370 848 occulto,
397 776 550 850 partimin
562 787 664 852 aperto
679 789 763 837 sunt:
790 784 842 857 qui
856 787 945 843 etiem
958 805 1025 844 curn
1038 788 1111 862 ipsis

57 867 184 922 inimicis
199 862 356 920 adversus
371 858 481 929 Deum,
508 861 594 916 cuius
607 872 824 922 sacramentum
837 878 958 945 gerunt,
977 889 1111 927 murmu-

58 967 118 1005 rare
133 967 200 1006 non
222 946 384 1015 dubitant;
410 941 499 1000 modo
527 961 594 1001 cnm
616 945 676 1001 illis
701 945 828 1022 theatra,
854 951 941 1009 modo
969 955 1110 1010 ecelesias

56 1033 214 1089 nobiseum
227 1029 396 1104 replentes.
441 1023 489 1082 Dc
503 1029 689 1085 correctione
702 1040 801 1088 autem
814 1025 1007 1109 quorumdam
1021 1037 1110 1094 etiam

56 1118 156 1172 talium
169 1115 274 1171 multo
290 1113 396 1167 minus
410 1118 457 1166 est
469 1108 694 1186 desperandum,
709 1115 735 1170 si
748 1115 826 1190 apud
838 1120 1043 1192 apertissimos
1056 1119 1109 1176 ed-

57 1200 206 1255 versarios
222 1195 445 1271 pnetestinati
458 1195 546 1250 amici
555 1196 693 1268 latitant,
719 1198 816 1255 adbuc
830 1202 927 1278 ignoti
941 1204 1030 1259 etiam
1043 1204 1108 1260 sibi.

57 1281 220 1357 Perplexae
238 1280 358 1355 quippe
370 1285 443 1333 sunt
456 1278 532 1333 istae
545 1277 622 1335 duae
642 1281 779 1337 civitates
797 1283 829 1338 in
846 1281 902 1338 boc
916 1286 1036 1356 seculo,
1062 1286 1109 1340 in-

59 1367 211 1441 vicemque
238 1363 433 1437 permixtae,
459 1359 554 1418 doncc
580 1363 685 1418 ultimo
710 1362 822 1420 iudicio
847 1364 1039 1423 dirirnantur:
1075 1365 1110 1422 de

63 1467 181 1524 quarum
194 1454 315 1504 exortu
330 1453 362 1500 et
374 1461 521 1518 procursu
536 1453 566 1500 et
578 1443 684 1501 debitis
702 1444 828 1520 finibus,
855 1448 934 1525 quod
952 1447 1111 1506 dicendum

66 1532 198 1603 arbitror,
212 1535 371 1606 quantum
384 1525 529 1584 divinitus
542 1527 715 1601 adiuvabor,
731 1530 895 1605 expediam,
907 1541 1030 1608 propter
1042 1534 1108 1612 glo-

63 1616 131 1671 riam
144 1613 292 1672 Civitatis
312 1609 384 1683 Dei,
411 1627 488 1687 quae
509 1611 615 1670 alicnis
637 1631 655 1669 a
676 1617 827 1672 contrario
848 1618 1026 1690 comparatis
1048 1620 1108 1674 cla-

60 1701 116 1754 rius
131 1698 294 1755 cnrinebit.
741 1693 769 1776 (i
782 1699 821 1756 al.
844 1697 928 1756 CAP.
950 1696 1108 1779 XXXV.)

403 1829 427 1888 C
448 1831 474 1888 A
492 1831 525 1888 Ρ.
574 1829 608 1888 X
620 1829 653 1888 X
665 1829 698 1888 X
714 1831 773 1890 Vl.

158 1929 207 1982 De
218 1927 325 1998 quibas
335 1925 429 1980 ιιιιίι
438 1928 561 1997 sequenti
571 1928 756 1996 disputativae
764 1930 803 1983 sit
812 1931 1003 1986 deserendum.

114 2034 178 2094 Sed
192 2034 299 2093 adhuc
313 2035 459 2112 quaedam
471 2033 543 2092 milri
560 2035 685 2092 dicenda
702 2046 774 2094 sunt
790 2037 948 2096 adversum
962 2056 1029 2110 ιιι,
1057 2041 1109 2114 qui

58 2120 210 2178 Romanae
230 2121 421 2194 reipublicae
443 2118 540 2176 clades
561 2121 593 2176 in
612 2121 789 2199 religionem
810 2131 943 2178 nostram
961 2121 1108 2195 referunt,

65 2225 116 2280 qua
129 2203 191 2260 diis
213 2205 284 2261 suis
305 2203 477 2260 sacrificare
494 2201 697 2278 prohibentur.
747 2202 1009 2262 Commemoranda
1029 2207 1109 2262 enim

61 2299 124 2345 sunt
136 2305 221 2364 quae
241 2296 275 2343 et
287 2295 401 2362 quanta
424 2305 581 2344 occurrere
598 2289 767 2362 potuerint,
793 2291 842 2347 vel
854 2290 927 2346 satis
946 2307 1011 2346 esse
1024 2289 1107 2346 ride-

60 2373 166 2428 buntur
179 2373 286 2442 mala,
313 2389 389 2446 quae
402 2371 454 2427 illa
469 2372 573 2428 civitas
585 2372 725 2446 pertulit,
753 2374 802 2430 vel
819 2371 934 2429 adeius
952 2373 1108 2448 imperium

60 2458 248 2528 pertinentes
263 2455 455 2528 provinciae,
481 2463 641 2531 autequam
663 2474 766 2513 eorum
789 2456 936 2513 sacrificia
960 2455 1108 2530 prohibita

60 2539 203 2596 fuissent:
233 2555 314 2612 quae
328 2539 427 2594 omnia
451 2540 557 2611 procul
582 2537 671 2595 dubio
686 2539 771 2595 nobis
798 2540 976 2608 tribuerent,
1003 2539 1030 2592 si
1049 2539 1107 2593 iam

61 2623 105 2677 vel
116 2623 180 2678 illis
197 2623 332 2678 clareret
345 2629 448 2677 nostra
461 2622 587 2698 religio,
613 2622 662 2676 vel
680 2621 723 2674 ita
737 2639 788 2676 ιιι
807 2637 825 2675 ι
842 2620 935 2674 ιιιιίι
953 2619 1107 2696 sacrilegis

63 2704 240 2778 prohiberet.
288 2703 407 2761 Deinde
420 2700 648 2761 monstrandum
662 2709 718 2773 est,
743 2719 817 2778 quos
834 2718 937 2756 eorum
949 2718 1058 2772 mores,
1078 2709 1108 2756 ιι

65 2803 152 2861 quam
166 2787 202 2844 ob
216 2805 340 2844 cansam
352 2804 443 2843 verus
456 2785 540 2842 Dour
558 2784 596 2840 ad
609 2783 779 2862 augendum
797 2785 953 2859 imperium
965 2781 1107 2841 adiuvare

62 2869 203 2948 dignatus
217 2879 284 2942 est,
310 2871 344 2925 in
357 2869 443 2926 cuius
456 2875 604 2943 potestate
617 2876 689 2924 sunt
709 2885 804 2948 regna
818 2868 933 2924 omnia:
961 2886 1107 2944 quamque

61 2953 132 3009 nihil
152 2972 208 3009 ιιι
221 2952 398 3009 adiuverint
410 2949 456 3024 hi,
483 2969 557 3028 quos
572 2950 642 3007 deos
655 2961 777 3025 putant3
803 2953 876 3028 quin
895 2953 995 3026 potius
1009 2971 1103 3028 quan-

60 3045 121 3094 tum
148 3035 332 3110 decipiendo
357 3044 388 3092 ιι
414 3034 542 3091 fallendo
570 3036 738 3092 nocuerint.
782 3035 939 3093 Postremo
964 3035 1106 3092 adversus

60 3139 109 3177 eos
123 3119 265 3191 dicetur,
293 3120 346 3196 qui
368 3118 618 3175 manifestisssimi
643 3116 829 3176 documentis
852 3119 999 3176 confortati
1014 3127 1103 3194 atque

59 3204 193 3261 convicti
207 3212 359 3260 conantur
370 3219 515 3274 asserere,
541 3219 603 3258 non
615 3211 736 3276 propter
749 3205 829 3260 vitae
841 3203 1007 3276 proesentis
1022 3203 1105 3258 utili-

58 3297 166 3360 tatem,
195 3285 251 3344 sed
268 3295 392 3362 propter
405 3303 470 3342 eam
487 3303 563 3360 quae
575 3294 644 3359 post
661 3295 787 3342 mortem
799 3286 901 3343 lutura
913 3294 976 3356 est,
1004 3287 1105 3341 colen-

62 3370 113 3426 dos
139 3370 225 3427 deos.
285 3371 387 3442 Quae,
412 3369 473 3425 nisi
498 3367 607 3440 fallor,
639 3369 775 3444 quaestio
791 3371 885 3426 multo
912 3370 970 3424 erit
997 3385 1103 3440 opero-

62 3455 132 3526 sior,
160 3462 194 3510 et
207 3453 377 3516 sublimiori
391 3451 591 3526 disputatione
603 3449 737 3529 dignior,
765 3461 799 3509 ut
812 3461 843 3509 et
855 3460 961 3509 contra
974 3448 1105 3523 philoso-

64 3534 182 3608 phasin
199 3554 236 3593 ca
251 3535 433 3607 disseratur,
459 3551 520 3592 non
535 3533 698 3611 quoslibet,
725 3533 777 3591 sed
797 3537 849 3612 qui
867 3533 945 3609 apud
964 3533 1032 3586 illos
1053 3547 1105 3585 cx-

63 3621 279 3676 cellentissima
303 3621 402 3698 gloria
423 3619 495 3674 clari
519 3627 604 3688 sunt,
630 3625 661 3674 et
674 3617 829 3676 nobiscum
846 3617 938 3672 multa
960 3615 1105 3683 sentiunt,

62 3703 179 3758 seilicet
194 3702 232 3757 de
247 3704 363 3760 animae
376 3702 609 3772 immortalitate,
630 3708 660 3756 et
673 3699 752 3776 quod
765 3700 849 3758 Deus
863 3714 951 3755 verus
964 3697 1106 3754 mundum

62 3783 249 3858 condiderit,
277 3785 357 3844 etde
370 3781 559 3861 providentia
572 3784 653 3856 eius,
677 3800 736 3860 qua
748 3785 923 3840 uuiversum
936 3779 1014 3857 quod
1033 3799 1105 3837 eon-

63 3865 156 3938 didit,
182 3869 270 3947 regit.
315 3867 378 3926 Sed
398 3867 538 3944 quoniam
557 3876 587 3924 et
606 3865 664 3942 ipsi
690 3866 799 3922 inillis
827 3881 903 3939 quae
923 3873 1026 3920 contra
1051 3878 1106 3916 ιιι
