2576 4396
258 201 320 260 uu
343 199 558 261 crvirsuu
587 157 666 262 oui
699 205 777 264 niu.
800 207 840 265 x.
1009 217 1070 272 ceo

30 356 160 432 simplici
173 354 233 410 fide
246 364 336 430 atquc
348 353 455 411 fiducia
467 356 600 429 pietstis,
620 376 680 415 non
694 360 943 419 incantationibus
959 375 988 423 ct
1003 385 1061 422 car·

30 441 162 498 minibus
177 437 311 494 nefariae
325 440 502 494 curiositatis
513 449 575 496 arte
585 444 762 517 compositis,
777 462 864 519 quam
874 447 922 502 vel
934 450 1070 525 magiam,

30 528 77 582 vel
92 523 318 580 detestabiliore
331 523 448 579 nomine
461 525 605 602 goetiam,
622 528 670 581 vel
681 524 898 585 honorabiliore
909 527 1070 608 theurgiam

30 618 157 678 vocant,
185 607 236 682 qui
249 607 332 681 quasi
344 617 490 664 conantur
507 609 564 664 ista
576 607 757 682 discernere,
784 619 814 667 ct
830 613 942 668 illicitis
960 615 1070 670 artibus

31 693 148 748 deditos
166 689 447 762 aliosdamnabilcs,
462 709 534 766 quos
549 701 578 748 et
591 693 736 752 maleficos
750 697 854 773 vulgus
868 699 1005 771 appellat,
1018 695 1071 752 hos

33 780 111 832 enim
123 773 164 832 ad
179 775 311 854 goetiam
322 775 470 848 pertinere
484 773 601 848 dicunt3
615 779 688 833 alios
700 787 797 834 autem
807 779 966 837 laudabiles
977 779 1071 837 videri

32 863 153 931 volunt,
182 858 288 934 quibus
312 856 474 936 theurgiam
496 859 650 934 deputant;
677 881 744 918 cum
760 865 820 919 sint
837 865 952 939 utrique
966 865 1070 920 ritibus

33 943 189 1000 fallacibus
205 941 380 997 daemonum
393 943 524 998 obstricti
536 943 589 1000 sub
602 945 769 1002 nominibus
784 949 964 1025 angelorum.

92 1027 175 1085 Nam
188 1034 220 1080 et
229 1023 406 1101 Porphyrius
420 1027 565 1102 quandam
579 1031 663 1103 quusi
675 1033 880 1107 purgationem
893 1035 1007 1088 animae
1020 1051 1073 1107 per

32 1113 213 1190 theurgiam,
226 1117 398 1165 cunctanter
411 1119 508 1167 tamen
521 1120 551 1166 et
562 1111 729 1185 pudibunda
743 1113 867 1188 quodam
876 1115 961 1171 modo
972 1117 1070 1191 dispu-

33 1199 145 1253 tatione
158 1195 322 1269 promittit3
345 1197 545 1250 reversionem
558 1213 629 1252 vcro
642 1195 680 1250 ad
688 1195 782 1251 Deum
794 1195 870 1252 hauc
884 1207 975 1253 artem
987 1218 1071 1273 prae-

33 1291 111 1336 stare
127 1281 268 1354 cuiquam
282 1286 384 1354 negat:
398 1287 431 1333 ut
444 1277 545 1334 videas
560 1296 626 1334 eum
637 1279 716 1334 inter
728 1280 830 1334 vitium
845 1283 1006 1358 sacrilegae
1021 1301 1072 1338 cu-

33 1363 179 1418 riositatis
199 1371 230 1418 ct
252 1358 450 1436 philosophiae
463 1361 677 1436 professionem
690 1364 845 1418 sententiis
859 1365 1072 1420 alternantibus

35 1446 190 1503 fluctuare.
232 1445 320 1502 Nunc
334 1447 412 1500 enim
424 1443 500 1500 hanc
514 1453 609 1500 artem
621 1455 761 1520 tanquam
774 1445 908 1504 fallacem
924 1456 953 1503 et
966 1449 1071 1522 inipso

33 1532 156 1587 actione
172 1529 365 1604 periculosam
385 1539 415 1584 ct
432 1527 545 1606 legibus
568 1527 759 1602 prohibitam,
786 1531 944 1587 cavendam
956 1545 1072 1588 mouet:

34 1633 115 1671 nunc
126 1623 236 1669 ¹autem
251 1613 336 1669 vclut
352 1613 414 1668 eius
434 1613 634 1670 laudatoribus
654 1613 776 1686 cedens,
802 1616 913 1670 utilem,
923 1615 995 1672 dicit
1008 1634 1072 1672 essc

33 1696 221 1754 mundandae
233 1696 311 1772 parti
323 1697 456 1768 animae,
476 1715 537 1753 uon
549 1696 666 1772 quidem
678 1698 889 1771 intellectuali,
904 1717 961 1776 qua
972 1718 1073 1756 rerum

35 1781 268 1860 intelligibilium
285 1781 447 1855 percipitur
459 1782 584 1853 veritas,
610 1783 706 1838 nullas
720 1780 891 1840 habentium
904 1785 1071 1840 siusilitudi-

34 1886 86 1922 nes
102 1879 277 1940 corporum3
304 1862 356 1919 scd
369 1865 510 1937 spiritali,
525 1883 581 1941 qua
593 1867 791 1940 corporalium
804 1885 901 1924 rerum
916 1869 1070 1942 capiuntur
1153 1871 1157 1886 '

34 1952 192 2029 imagines.
224 1947 310 2004 Hauc
324 1948 403 2004 enim
415 1948 485 2004 dicit
499 1968 552 2024 per
565 1949 704 2025 quasdam
718 1953 955 2008 consecrationes
969 1950 1071 2008 theur-

35 2038 136 2114 gicas,
167 2051 240 2108 quos
259 2033 364 2088 teletas
384 2042 505 2102 vocant,
531 2032 666 2090 idoneam
678 2033 744 2089 lieri
757 2043 844 2109 atquc
863 2043 959 2109 aptam
972 2053 1072 2090 sussce-

33 2120 131 2194 ptioni
146 2117 306 2191 spirituum
318 2123 348 2171 et
360 2117 546 2194 angelorum,
574 2126 606 2172 et
616 2115 653 2173 ad
666 2115 808 2174 videndos
823 2116 901 2173 deos.
944 2117 992 2174 Ex
1006 2121 1071 2192 qui-

33 2205 86 2260 hus
105 2212 211 2258 tamen
228 2198 391 2277 theurgicis
408 2201 504 2256 teletis
524 2201 633 2256 fatetur
650 2201 843 2256 intellectuali
860 2202 975 2258 animae
997 2199 1070 2258 nihil

32 2285 226 2366 purgationis
239 2283 393 2354 accedere,
420 2285 497 2358 quod
517 2303 580 2340 eam
597 2284 687 2341 faciat
703 2283 839 2341 idoneam
859 2285 896 2341 ad
913 2284 1071 2342 videndum

32 2372 134 2428 Deum
148 2387 255 2437 suum,
275 2377 305 2424 et
316 2368 517 2442 perspicienda
530 2387 565 2426 ea
579 2387 732 2444 quaerere
744 2366 839 2446 [vera]
854 2380 930 2426 suut.
953 2369 1070 2444 Exque

31 2454 168 2532 intelligi
181 2460 289 2526 potest,
304 2452 432 2525 qualium
441 2450 563 2508 deorum
574 2454 621 2509 vel
634 2453 748 2527 qualem
761 2454 905 2508 visionem
918 2452 982 2508 fieri
994 2452 1073 2507 dieat

33 2537 202 2616 theurgicis
217 2534 500 2604 consecrationibus,
527 2537 558 2590 in
573 2553 630 2609 qua
643 2553 703 2590 non
717 2552 752 2590 ea
764 2533 902 2590 videntur
916 2553 989 2608 quae
1001 2553 1071 2590 vere

34 2631 115 2678 sunt.
129 2620 401 2694 Deniqueanimam
408 2619 594 2688 rationalem,
607 2619 669 2673 sire
680 2615 757 2691 quod
769 2617 862 2693 magis
875 2628 953 2672 amat
963 2616 1072 2687 dicere,

32 2703 283 2772 intellectualem,
307 2703 340 2758 in
354 2719 481 2776 superna
499 2695 580 2780 [sua]
601 2717 687 2776 posse
706 2698 777 2755 dicit
795 2699 932 2772 evadere,
959 2701 1073 2755 etiamsi

35 2788 117 2865 quod
140 2789 203 2843 eius
227 2787 356 2860 spiritale
380 2792 440 2856 est,
468 2786 548 2840 nullo
560 2782 714 2863 theurgica
727 2783 816 2840 fucrit
828 2792 891 2840 arte
902 2793 1072 2862 purgatum:

35 2889 128 2948 porro
142 2879 271 2926 autema
284 2867 409 2947 theurgo
423 2869 584 2943 spiritalem
596 2868 718 2947 purgari
736 2865 892 2940 hactenus,
918 2877 1021 2924 utnon
1036 2885 1073 2923 ex

36 2957 96 3012 hoc
111 2953 148 3010 ad
160 2955 410 3010 immortalitatem
422 2954 683 3028 aeternitatemque
695 2953 856 3028 perveniat.
900 2953 1072 3028 Quanquam

37 3042 139 3114 itaque
152 3036 301 3092 discernat
313 3055 331 3094 a
345 3034 530 3093 daemonibus
545 3039 681 3116 angelos,
706 3037 787 3093 ceria
800 3055 865 3092 esse
877 3038 941 3093 loca
954 3037 1072 3093 daemo-

35 3142 125 3193 num,
151 3119 283 3178 actheria
295 3121 344 3177 vel
361 3137 496 3196 empyrea
510 3121 655 3178 disserens
669 3122 855 3199 angelorum,
876 3130 906 3177 et
919 3121 1073 3178 admoneat

36 3205 183 3262 utendum
196 3205 317 3260 alicuius
332 3201 481 3259 daemonis
495 3205 638 3275 ansicitia,
666 3222 722 3279 quo
737 3203 926 3260 subvectante
940 3206 988 3261 vel
1000 3221 1070 3278 pau-

35 3292 130 3345 lulum
142 3289 238 3363 possit
255 3287 364 3343 elevari
377 3303 394 3342 a
409 3295 488 3342 terra
506 3285 629 3362 q'uisque
647 3296 714 3362 post
730 3295 868 3358 mortem,
895 3289 983 3344 aliam
999 3303 1070 3343 vero

35 3375 118 3430 viam
135 3389 202 3427 csse
219 3367 370 3446 perhibeat
387 3367 424 3425 ad
442 3372 616 3448 angelorum
625 3383 626 3386 ’
637 3387 763 3446 superna
776 3371 938 3426 consortia:
965 3387 1071 3424 caveu-

36 3457 104 3514 dam
124 3465 226 3512 temen
243 3454 418 3510 daemonum
430 3455 599 3510 societatem
613 3471 752 3529 expressa
764 3451 890 3526 quodam
900 3452 986 3508 modo
1001 3468 1071 3506 cou-

34 3541 171 3598 lcssionc
183 3545 325 3605 testatur,
338 3535 387 3592 uhi
398 3536 470 3592 dicit
482 3537 609 3593 animam
621 3546 687 3612 post
700 3543 823 3594 mortem
832 3533 938 3590 luendo
951 3549 1071 3608 poenas,

34 3625 150 3680 cultum
165 3620 341 3678 daemonum
351 3637 368 3674 a
377 3619 479 3694 quibus
494 3619 772 3677 circumveniebatur
784 3616 967 3672 horrescere:
980 3617 1073 3690 ipsam

34 3725 92 3783 quc
121 3705 306 3782 theurgiam,
334 3719 420 3776 quam
432 3704 513 3758 velut
531 3704 758 3760 conciliatricem
773 3699 1074 3777 angelorumdeorum

34 3810 92 3866 que
109 3787 308 3857 commendat,
323 3783 399 3858 apud
413 3787 486 3842 tales
500 3804 589 3863 ogere
602 3794 761 3861 potestatcs
772 3802 882 3862 negare
895 3789 954 3839 non
968 3783 1072 3858 potuit,

34 3893 111 3948 quae
132 3873 182 3930 rel
200 3873 282 3946 ipsae
300 3867 451 3926 invideant
469 3871 640 3946 purgationi
663 3869 791 3940 onisuae,
817 3866 991 3924 solertibus
1010 3885 1072 3922 scr-

755 3950 781 4008 Τ
