2590 4396
208 217 252 274 70
423 205 523 266 DlVl
559 203 747 263 AVRELH
780 199 1030 260 AVGVSTlNl

619 403 735 462 CAP.
779 401 827 460 ll.

206 523 249 577 Aa
260 523 310 587 elii,
331 522 377 592 qui
388 530 415 575 et
425 539 441 574 c
453 519 594 581 Rauracis,
614 525 641 568 et
651 533 668 568 a
681 517 795 570 Graecis
810 516 937 570 similiter
956 516 1126 581 colebantur,
1146 535 1244 572 causus

388 589 545 657 habuerint,
565 586 659 656 quibus
669 585 751 640 Ilium
757 594 920 654 poterentur
929 585 1057 640 exscindi.

272 698 402 756 Primum
414 699 477 770 ipsa
492 692 583 749 Trois
595 693 643 749 vel
655 691 756 764 ilium,
784 691 861 748 unde
884 694 969 770 origo
994 703 1040 750 est
1064 695 1166 768 populi
1180 692 1243 750 Rc-

208 784 287 839 mani
301 784 406 854 (neque
417 779 496 836 enim
507 775 764 850 praetercundum,
778 785 830 831 aut
840 774 1084 833 dissimulandum
1095 787 1149 847 cst,
1164 776 1243 852 quod

209 875 238 920 et
251 867 282 919 in
294 863 389 935 primo
401 861 477 918 libro
491 855 606 937 attigi),
633 859 751 918 eosdem
773 858 882 915 habent
903 859 974 915 decs
998 870 1028 916 ct
1040 862 1159 932 colens,
1189 879 1245 915 cur

208 965 225 1000 a
241 944 362 1000 Graecis
375 945 502 1013 victum,
530 952 646 1017 captum
671 951 759 1016 atquc
782 943 910 998 deletum
929 939 992 998 esti
1035 942 1168 1014 Priamo,
1195 944 1244 998 in-

209 1027 330 1100 quiunt,
357 1034 427 1081 sunt
440 1025 553 1080 reddita
567 1023 784 1080 Leomedontea
797 1032 921 1098 paterna
934 1027 1074 1098 periuria.
1094 1025 1176 1103 Ergo
1191 1043 1244 1081 ve-

207 1127 273 1164 rum
287 1116 348 1178 est,
372 1106 451 1181 quod
463 1109 570 1180 Apollo¹
582 1116 671 1182 atque
684 1106 840 1178 Neptunus
854 1105 948 1164 eidem
960 1105 1154 1164 Laomedonti
1165 1126 1246 1164 mer-

209 1191 336 1246 cenariis
351 1190 487 1264 operibus
502 1191 679 1246 servierunt.
701 1188 762 1244 lllis
777 1189 883 1262 quippe
895 1190 1066 1261 promisisse
1078 1189 1253 1245 mercedem·

208 1273 372 1347 falsumque
386 1274 501 1328 iurasse
513 1269 692 1347 perhibetur.
736 1269 843 1342 Miror,
870 1270 1035 1344 Apollinem
1058 1274 1244 1328 norninatum

209 1357 405 1412 divinatorem
427 1356 459 1411 in
481 1364 565 1411 tanto
585 1353 702 1428 opificio
717 1354 866 1410 laborasse
880 1354 1062 1409 nescientem
1075 1353 1154 1428 quod
1167 1354 1246 1409 Lao-

208 1438 315 1494 medon
329 1438 429 1494 fuerat
440 1439 586 1512 promissa
597 1428 770 1514 negaturus.
815 1437 990 1509 Quanquam
1003 1453 1058 1490 nec
1071 1437 1169 1508 ipsum
1183 1436 1246 1492 Ne-

206 1531 333 1596 ptunum
357 1529 496 1592 patruum
521 1521 602 1591 eius,
629 1521 751 1574 fratrem
764 1517 859 1589 lovis,
886 1535 988 1594 regem
1012 1519 1117 1588 maris,
1145 1517 1247 1574 decuit

207 1604 346 1680 ignarum
372 1619 437 1656 esse
463 1599 640 1657 futurorum'.
684 1600 758 1656 Nam
774 1599 853 1656 hunc
866 1598 1014 1657 Homerus
1029 1599 1065 1656 de
1080 1602 1173 1674 stirpe
1187 1602 1246 1657 Ae-

208 1702 297 1756 neae,
323 1701 341 1738 a
360 1685 444 1739 cuius
463 1685 590 1756 posteris
606 1681 725 1738 condita
739 1682 832 1738 Roma
846 1691 907 1753 est,
936 1701 1002 1738 cum
1015 1692 1085 1738 ante
1098 1684 1179 1739 illam
1192 1703 1244 1739 ur-

206 1769 274 1824 bem
287 1765 435 1822 conditam
447 1766 524 1822 idem
535 1775 623 1841 poeta
636 1765 730 1821 finisse
747 1765 879 1836 dicatur,
906 1764 1021 1822 inducit
1033 1784 1175 1842 magnum
1187 1769 1244 1822 oli-

209 1849 279 1924 quid
292 1849 485 1905 divinantem:
516 1867 604 1923 quem
629 1850 718 1906 etiam
743 1849 821 1904 nube
846 1849 958 1922 rapuit,
985 1857 1019 1906 ut
1038 1848 1129 1919 dicit,
1157 1869 1195 1906 nc
1209 1851 1244 1906 ab

207 1930 320 1989 Achille
334 1930 536 2004 occideretur,
562 1941 683 2006 cuperet
696 1951 763 1990 cum
775 1940 892 1988 vertere
905 1931 941 1988 ab
963 1931 1039 2003 imo,
1067 1931 1145 2006 quod
1168 1931 1244 2008 apud

207 2014 365 2093 Virgilium
378 2013 549 2072 confitetur:

292 2096 414 2154 Structa
427 2099 489 2154 suis
502 2099 636 2154 manibus
650 2099 787 2172 periurae
800 2098 918 2154 moenia
933 2095 1033 2154 Troia.

207 2179 381 2237 Nescientcs
406 2182 498 2257 igitur
521 2183 599 2238 tanti
616 2179 673 2250 dii,
700 2179 856 2253 Neptunus
871 2181 1035 2254 etApollo,
1060 2179 1243 2238 Laomedon-

208 2271 267 2318 tem
281 2264 337 2318 sibi
351 2272 529 2340 negaturum
543 2281 608 2319 csse
622 2263 802 2334 mercedem,
824 2272 988 2320 structores
1002 2265 1152 2320 moenium
1166 2262 1243 2321 Tro-

207 2347 344 2400 ianorum
360 2347 470 2422 gratis,
495 2355 525 2401 et
548 2348 675 2424 ingratis
702 2346 842 2418 fuerunt,
869 2344 996 2402 Videant
1009 2365 1047 2404 ne
1068 2348 1190 2424 gravius
1204 2351 1244 2404 sit

206 2429 280 2482 tales
295 2426 364 2482 deos
379 2425 514 2500 credere,
535 2445 623 2504 quam
636 2429 692 2484 diis
706 2430 815 2486 talibus
828 2430 970 2502 peierare.
1014 2429 1080 2488 Hoc
1095 2430 1174 2486 enim
1186 2450 1244 2488 nce

207 2511 270 2583 ipse
284 2508 431 2567 Homerus
457 2510 544 2568 facile
570 2511 712 2583 credidit,
739 2513 790 2587 qui
803 2511 974 2586 Neptunum
999 2513 1118 2588 quidem
1140 2523 1245 2570 contra

209 2590 371 2665 Troianos,
385 2594 551 2667 Apollinem
563 2604 661 2651 eutem
672 2613 725 2670 pro
737 2594 876 2652 Troianis
887 2605 1069 2672 pugnantem
1079 2596 1162 2667 facit,
1176 2616 1245 2654 eum

207 2677 258 2731 illo
272 2677 402 2748 periurio
417 2677 516 2734 ambos
529 2678 629 2734 fabula
652 2687 753 2734 narret
775 2676 913 2736 offensos.
957 2675 991 2735 Si
1016 2680 1109 2756 igitur
1136 2678 1244 2736 fabulis

208 2757 346 2829 eredunt,
372 2760 548 2816 crubescant
561 2762 632 2816 talia
658 2763 755 2818 colere
779 2763 916 2819 numina:
942 2763 969 2816 si
982 2762 1089 2818 fabulis
1102 2779 1164 2820 non
1178 2782 1244 2818 cre·

206 2842 291 2910 dunt,
307 2858 367 2895 non
382 2841 543 2899 obtendant
556 2842 687 2900 Troiana
700 2846 847 2918 periuria;
866 2853 919 2906 aut
931 2845 1077 2902 mirentur
1091 2845 1160 2902 deos
1173 2865 1244 2919 per-

205 2923 284 2977 iuria
303 2924 424 2995 punisse
438 2922 584 2997 Troiana,
609 2945 722 2983 amasse
736 2926 877 2984 Romana.
921 2926 1005 2983 Vnde
1033 2929 1110 2984 enim
1136 2930 1243 2984 coniu-

118 2999 121 3004 ’
205 3005 281 3059 ratio
297 3003 441 3060 Catilinae
455 3009 486 3062 in
500 3018 583 3064 tanta
597 3018 716 3085 tamque
730 3020 869 3086 corrupte
883 3011 1004 3068 civitate
1027 3009 1129 3066 habuit
1152 3011 1244 3068 etiam

206 3103 309 3142 eorum
321 3087 462 3164 grandem
473 3093 603 3164 copiam,
618 3111 692 3166 quos
706 3111 811 3150 manus
825 3103 913 3167 atque
926 3094 1031 3170 lingna
1044 3094 1175 3166 periurio
1190 3106 1244 3150 eut

205 3171 352 3246 sanguine
366 3165 577 3230 civili'alcbati
599 3223 602 3230 .
621 3176 701 3242 Quid
714 3177 793 3234 enim
805 3175 886 3234 eliud
899 3177 989 3232 toties
1003 3185 1158 3232 senatores
1174 3195 1242 3234 cor-

203 3253 285 3325 rupti
301 3253 333 3308 in
356 3253 489 3327 iudiciis,
516 3259 606 3314 toties
620 3261 790 3333 popularia
804 3257 954 3337 suffragiis
968 3260 1017 3316 vcl
1030 3260 1062 3315 in
1075 3259 1242 3334 quibusque

204 3336 316 3406 causis,
336 3353 411 3410 quse
424 3339 502 3414 apud
517 3359 584 3397 eum
598 3343 791 3400 concionibus
805 3343 985 3420 agebantur,
1011 3343 1070 3398 nisi
1083 3343 1173 3400 etiam
1188 3360 1237 3414 pe-

202 3417 323 3475 ieraudo
337 3419 521 3492 peccabanti
565 3423 698 3498 Namque
722 3426 953 3500 corruptissimis
975 3425 1107 3482 moribus
1132 3423 1241 3482 adhoc

201 3518 265 3557 mos
293 3502 412 3559 iurandi
437 3507 610 3564 servabatur
636 3508 794 3581 antiquus,
822 3527 883 3564 non
896 3517 930 3564 ut
943 3526 960 3562 a
974 3509 1135 3567 sceleribus
1160 3519 1238 3568 metu

201 3584 357 3660 religionis
372 3585 612 3660 prohiberentur,
640 3589 691 3644 sed
718 3599 751 3646 ut
776 3591 907 3664 periuria
933 3607 1051 3664 quoque
1078 3591 1238 3650 sceleribus

202 3669 327 3723 cacteris
342 3668 530 3728 adderentur.
