2538 4392
210 185 270 240 ιιι
437 173 534 241 mvl
553 173 741 236 ινιιιιιι
760 129 1019 234 ιιιιιιιιιι

207 333 261 392 scal
274 332 484 408 specietenus,
499 347 573 406 quae
586 347 604 386 a
617 347 688 387 reso
701 327 767 386 Deo
779 336 849 386 sunt
862 334 977 400 creata,
1002 337 1201 402 commutant,
1219 342 1243 388 ut

206 409 364 478 videantur
378 433 443 471 esse
457 411 534 490 quod
546 431 607 470 non
621 422 698 470 sunt.
729 411 797 470 Non
810 413 910 486 itaquo
924 412 1018 466 solum
1030 411 1187 486 animum,
1202 413 1243 470 sel

207 520 264 558 nec
285 517 391 574 corpus
410 497 526 574 quidem
543 497 604 556 ulla
616 497 732 553 ratione
746 494 920 552 crediderim
933 493 1110 554 daemonum
1124 507 1193 553 arte
1204 501 1242 555 val

205 592 352 660 potestate
359 585 392 640 in
400 581 529 638 membra
540 589 569 635 et
581 581 758 638 lineamenta
768 579 902 635 bestialia
913 579 1060 634 veraciter
1072 595 1164 654 posse
1178 601 1240 640 cca·

205 669 297 724 verti:
324 665 375 722 sed
395 663 613 740 phantasticum
635 661 777 734 hominis,
802 661 879 737 quod
901 662 989 717 etiam
1003 663 1169 742 cogitando
1186 668 1239 724 aire

188 785 192 790 -
206 749 378 810 somniando
391 765 557 826 perrarum
573 745 799 804 innumerabilia
812 763 922 824 genera
936 747 1084 818 variatur,
1115 758 1146 803 at
1160 767 1239 824 quun

205 851 311 909 corpus
323 851 384 888 non
398 832 454 903 ait,
480 847 635 906 corporum
646 831 745 886 tamen
759 827 869 886 similes
883 830 957 886 mira
970 831 1124 886 celeritate
1137 831 1238 888 formas

206 918 295 991 capit,
310 915 413 990 sopitis
426 923 477 970 aut
490 915 637 989 oppressis
651 915 797 988 corporeis
810 911 936 970 hominis
950 913 1104 985 sensibus,
1125 915 1160 970 ad
1174 917 1240 972 alio-

205 1014 271 1056 rum
288 1016 407 1054 sensum
425 999 525 1054 nescio
545 1015 602 1072 quo
621 993 762 1054 ineffabili
780 996 865 1054 modo
884 995 979 1074 figura
997 1015 1138 1072 corporea
1153 1015 1239 1072 posse

104 1101 107 1110 ¹
204 1081 338 1158 perduci:
365 1081 407 1137 ita
419 1090 453 1138 ut
467 1099 590 1156 corpora
603 1083 667 1156 ipsa
679 1079 829 1138 hominum
841 1081 948 1136 alicubi
960 1081 1096 1152 iaceant,
1112 1082 1240 1138 virentia

205 1163 332 1240 quidem,
347 1164 398 1220 sed
410 1166 501 1220 multo
514 1167 635 1243 gravius
650 1173 736 1240 atque
749 1163 951 1222 vehementius
965 1181 1054 1238 quam
1067 1183 1171 1222 somno
1184 1167 1240 1221 suis

204 1247 341 1307 sensibus
356 1248 514 1320 obseratis3
529 1247 745 1324 phantasticum
757 1257 854 1305 autem
867 1247 937 1304 illud
951 1248 1044 1304 veluti
1058 1257 1240 1322 corporatum

204 1332 237 1390 in
256 1333 380 1389 alicuius
400 1334 535 1389 animalis
554 1331 652 1410 effigie
668 1341 806 1408 appareat
824 1330 958 1388 sensibus
971 1331 1092 1402 alienis,
1121 1333 1239 1407 talisque

125 1487 129 1496 ⁵
203 1416 293 1472 etiam
306 1415 364 1474 sibi
376 1414 461 1475 homo
476 1434 543 1474 csse
555 1415 707 1488 videatur,
732 1418 809 1472 sicut
821 1416 888 1472 talis
906 1413 963 1470 sibi
979 1413 1076 1471 rideri
1095 1416 1238 1489 possetis

145 1515 147 1518 ·
203 1500 325 1569 somnis,
340 1509 372 1556 et
381 1509 501 1574 portare
515 1517 620 1556 onera:
634 1517 709 1574 quae
723 1517 814 1556 onera
827 1499 853 1554 si
863 1515 935 1555 vera
946 1507 1014 1554 sunt
1027 1515 1166 1572 corpora,
1179 1517 1238 1574 pos-

202 1589 305 1638 tantur
319 1599 336 1636 a
350 1581 549 1654 daemonibus,
565 1591 600 1638 ut
612 1582 753 1638 illudatur
765 1581 946 1652 hominibus,
965 1582 1070 1656 partim
1083 1599 1161 1638 vera
1175 1601 1237 1640 one·

202 1681 269 1720 rum
284 1679 417 1739 corpora,
433 1665 541 1738 partim
553 1665 752 1722 iumentorum
764 1666 839 1724 falsa
849 1663 1054 1721 cernentibus.
1087 1663 1170 1722 Nam
1182 1667 1237 1742 qni·

203 1745 270 1812 alam
282 1747 402 1804 nominc
413 1744 616 1808 Praestantius
630 1750 709 1822 patri
722 1767 776 1806 suo
790 1749 951 1827 contigisse
963 1746 1131 1820 indicabat,
1148 1759 1183 1806 ut
1193 1769 1236 1806 ve·

202 1845 313 1886 nanum
324 1828 397 1884 illusi
405 1846 458 1902 per
472 1847 588 1890 caseum
597 1833 630 1888 in
641 1831 792 1890 domosua
801 1839 940 1902 sumeret,
954 1833 1109 1888 et'iaceret
1123 1833 1156 1888 in
1169 1835 1236 1890 lecto

203 1929 257 1968 suo
281 1911 365 1988 quusi
387 1909 555 1983 dormiens,
588 1916 639 1988 qui
652 1925 752 1970 tamen
770 1917 851 1972 nullo
869 1913 955 1972 modo
972 1924 1088 1988 poterat
1109 1919 1236 1972 excitari.

201 1991 276 2052 Post
287 1995 401 2072 aliquot
413 2003 512 2054 autem
525 1994 587 2055 dies
602 2015 669 2054 eum
681 1997 765 2056 velut
784 2000 942 2075 evigilasse
955 1997 1083 2068 dicebat,
1114 2008 1147 2055 et
1164 2002 1236 2076 qnasi

203 2080 318 2138 somnia
337 2095 475 2138 narrasse
494 2097 567 2172 qma
584 2098 690 2156 passus
705 2090 766 2153 est,
791 2079 935 2138 caballum
947 2099 980 2136 se
993 2080 1111 2138 scilicet
1125 2083 1236 2154 factam,

201 2181 351 2232 annonam
373 2163 453 2220 inter
474 2165 532 2220 alia
551 2165 683 2224 iumenta
701 2164 847 2226 baiulasse
859 2164 1016 2234 militibus,
1041 2182 1122 2241 quae
1139 2166 1237 2224 «licitur

201 2245 325 2319 Retico,
344 2249 483 2323 quoniam
494 2247 532 2306 ad
543 2246 649 2308 Retias
662 2246 841 2324 deportatum
876 2247 960 2316 Quod
972 2249 1030 2319 ita,
1051 2257 1086 2304 ut
1099 2253 1236 2320 narrarit,

201 2329 314 2406 iactum
330 2329 425 2390 luisse
443 2326 624 2405 compertum
637 2339 695 2390 est:
719 2350 793 2406 quae
810 2341 908 2388 tamen
922 2332 949 2389 ei
962 2347 1015 2386 sua
1031 2334 1153 2390 somnia
1163 2336 1236 2392 vids-

201 2413 317 2469 bantur.
350 2411 497 2474 indicarit
509 2423 539 2471 et
551 2415 626 2472 alius
640 2433 672 2470 ιι
685 2415 764 2472 domi
777 2433 846 2472 suae
859 2433 911 2491 per
925 2423 1058 2486 noctem,
1072 2426 1149 2473 ante
1162 2437 1237 2494 quan

200 2497 411 2572 requiesceret,
426 2497 534 2555 vidisse
545 2501 715 2556 venientem
726 2497 762 2556 ad
770 2513 801 2555 ιι
814 2499 959 2574 quandam
971 2492 1180 2573 philosophum
1192 2502 1238 2558 sibi

202 2580 399 2652 notissimum,
413 2581 529 2658 sibique
542 2583 714 2658 exposuisse
726 2585 871 2640 nonnulla
883 2582 1046 2652 Platonica,
1067 2600 1147 2657 quae
1159 2595 1239 2642 antes

201 2674 322 2743 rogatus
335 2683 484 2741 exponere
498 2667 651 2724 noluisset.
668 2665 789 2724 Etcum
802 2667 837 2722 ab
852 2666 955 2724 eodem
965 2663 1141 2741 philosopho
1156 2687 1238 2744 qnae·
1257 2695 1258 2738 j

201 2749 290 2826 situm
310 2748 434 2822 fuisset,
461 2769 513 2808 eur
525 2752 557 2808 in
571 2749 655 2806 domo
669 2751 731 2806 eius
744 2749 863 2821 fecerit,
890 2749 1010 2826 quadiu
1024 2747 1113 2806 domo
1127 2769 1182 2809 ana
1193 2771 1237 2828 pe·

201 2831 277 2889 tenti
290 2845 467 2909 negaverat:
490 2832 559 2890 Non
573 2833 642 2904 feci,
656 2835 764 2910 inquit,
778 2833 831 2894 scd
842 2853 889 2890 me
903 2833 1011 2892 iecisse
1022 2836 1182 2893 somniari.
1203 2836 1237 2892 Ac

199 2931 252 2989 per
269 2913 326 2970 hoc
345 2917 432 2972 alteri
449 2935 502 2990 per
520 2917 681 2994 imaginem
698 2915 914 2992 phantasticam
931 2913 1095 2974 exhibitum
1110 2920 1234 2996 estrigi-

199 2998 285 3068 lanti,
299 2997 377 3072 quod
389 3000 465 3054 alter
477 2998 552 3056 vidit
563 3001 595 3056 in
609 3002 730 3058 somnis.
742 3017 746 3020 ·
841 3047 843 3052 .

261 3077 344 3138 Ha'cc
359 3079 396 3138 ad
408 3099 463 3139 nos
476 3099 538 3138 non
551 3082 783 3161 quibuscunque,
798 3085 931 3161 qualibus
944 3082 1063 3141 credere
1075 3093 1233 3158 putaremus

199 3161 369 3242 indignum,
396 3165 448 3222 sed
467 3167 510 3222 eis
526 3163 723 3225 referentibus
742 3177 957 3243 pervenerunt,
984 3185 1058 3242 quos
1076 3169 1165 3226 nabis
1183 3186 1234 3226 non

199 3249 434 3310 existimaremus
447 3248 538 3308 fuisse
549 3252 699 3308 mentitos.
714 3250 843 3308 Proinde
857 3250 933 3326 qnol
944 3249 1080 3309 homines
1093 3251 1234 3318 (licuntur,

198 3332 427 3410 mundatumque
442 3343 488 3394 est
499 3335 610 3407 literis,
624 3335 659 3392 ab
674 3335 729 3392 diis
742 3338 791 3393 vel
802 3337 900 3412 potius
914 3333 1106 3392 daemonibus
1121 3333 1235 3393 Arcadi-

197 3417 252 3474 bus
267 3412 433 3496 [Arcadea],
460 3420 493 3476 in
515 3419 598 3496 lupos
623 3421 718 3476 solere
741 3420 885 3490 converti,
909 3428 939 3476 et
961 3417 1038 3494 quod
1064 3417 1258 3490 carminibus,

200 3499 287 3558 Circe
301 3503 397 3560 socios
412 3503 538 3562 mutavit
551 3501 682 3580 Vlysais,
704 3503 867 3562 secundum
877 3503 969 3560 unam
979 3499 1099 3558 modum
1112 3501 1187 3560 mibi
1198 3501 1235 3558 ri·
1257 3499 1258 3510 ¹

193 3583 285 3642 'aletur
298 3585 364 3642 fieri
375 3587 523 3662 potuisse,
545 3604 631 3663 quem
650 3587 726 3646 dixi:
754 3589 780 3644 si
792 3597 891 3646 tamen
904 3585 1012 3644 factum
1025 3594 1081 3642 est.
1119 3585 1232 3644 Diome-

198 3667 286 3724 ‹laeas
299 3678 396 3726 autem
407 3672 556 3743 volucres,
576 3669 693 3746 quando
708 3671 824 3748 quidem
836 3687 932 3750 genus
945 3687 1046 3726 earum
1055 3687 1112 3744 per
1125 3687 1235 3728 succes-

198 3749 314 3807 sionem
332 3755 503 3832 propaginis
522 3753 633 3811 durare-
644 3753 832 3828 perhibetur,
856 3773 916 3812 non
935 3753 1053 3810 mutatis
1072 3750 1235 3811 bominibus

199 3829 309 3904 lactas,
334 3834 385 3889 sesl
404 3837 560 3902 subtractis
575 3838 662 3896 orado
683 3837 970 3918 fuissesuppositus3
997 3837 1073 3894 sicut
1086 3855 1178 3896 cetra
1188 3853 1235 3914 pro
