2530 4392
180 207 236 264 DE
265 205 484 264 ClVlTA'l'E
511 203 590 262 DEl
616 205 697 262 LlB.
721 205 819 264 XXl.
958 211 1019 269 aad

41 381 83 438 pue
96 361 159 416 adeo
172 369 204 416 ut
218 379 269 416 eos
287 359 473 416 substernere
491 360 619 428 soleant,
649 359 699 433 qui
717 359 825 414 limites
844 359 956 438 figunt,
984 362 1019 419 ad

41 443 210 502 rvinoendum
235 445 432 522 litigatorem,
460 443 591 519 quisquis
613 451 681 516 post
695 442 876 516 quantalibet
889 453 1020 518 tempora

41 530 149 599 stiterit,
170 527 317 601 fixumque
342 526 468 600 lapidem
494 527 616 582 limitem
643 543 703 596 non
733 543 797 580 esse
818 525 1020 584 contenderitl

41 617 64 670 is
80 632 126 670 eos
138 613 167 668 in
179 621 258 667 terra
272 609 389 668 humida
402 611 548 680 infossos,
563 608 613 664 ubi
625 610 708 686 ligna
724 617 942 682 putrescerent,
963 621 1021 668 tem

62 697 160 752 durare
183 695 447 772 incorruptibiliter
469 711 573 768 posse,
601 694 660 748 nisi
680 711 780 748 rerum
795 693 844 748 ille
870 703 1022 770 corruptor

41 784 69 838 ris
84 776 191 836 effecitl

49 860 209 922 intueamur
223 865 310 919 etiarn
323 863 495 918 miraculum
509 862 617 932 calcis,
644 869 764 936 excepto
780 879 830 932 eo,
845 859 881 916 de
894 877 951 936 quo
964 861 1022 916 iam

41 952 62 1004 is
85 949 222 1019 diximus,
250 946 327 1020 quod
341 947 411 1023 igne
425 945 560 1002 candicat
574 940 776 1022 [candescat],
803 962 860 1019 quo
873 945 932 1000 alie
946 953 1023 1000 tetra

42 1033 159 1102 duntur,
172 1033 259 1087 etiam
271 1031 467 1085 occultissime
481 1029 516 1084 ab
530 1031 601 1106 igne
614 1030 715 1106 ignem
729 1028 874 1102 concipit,
901 1045 1023 1102 eumque

41 1139 48 1172 ι
60 1117 141 1194 gleba
153 1113 340 1194 tangentibus
354 1113 463 1191 frigide
476 1122 534 1168 tem
548 1115 675 1168 latenter
693 1121 807 1182 servat,
835 1120 868 1166 ut
881 1112 955 1168 nulli
969 1129 1022 1167 no-

41 1221 48 1258 r
62 1201 157 1256 sensui
168 1217 288 1275 prorsus
302 1206 449 1272 appareat,
463 1196 513 1252 scd
528 1204 692 1269 compertus
703 1195 923 1268 experimento,
935 1195 1023 1251 etiam

41 1306 55 1340 n
80 1303 136 1340 non
160 1291 294 1358 apparet,
321 1282 430 1349 scietur
448 1281 547 1336 inesse
562 1280 686 1354 sopitus.
731 1277 855 1353 Propter
867 1276 947 1354 quod
960 1296 1022 1334 cam

41 1388 96 1424 cem
108 1369 202 1424 vivam
223 1366 387 1442 loquimur,
415 1365 495 1420 velut
508 1365 571 1437 ipse
584 1364 663 1440 ignis
675 1364 769 1418 latens
781 1363 879 1417 anima
893 1363 934 1418 sit
945 1362 1023 1418 invi-

41 1455 79 1508 lis
91 1451 212 1508 visibilis
227 1449 367 1525 corporis.
390 1447 451 1504 lam
464 1467 535 1504 vero
550 1465 638 1523 quam
650 1448 755 1502 mirum
771 1454 830 1516 est,
845 1443 923 1521 quod
936 1462 1023 1521 quum

41 1537 198 1613 tinguitur,
226 1543 297 1590 tunc
323 1527 514 1588 accenditur?
541 1529 581 1586 Vt
600 1533 679 1587 cnim
700 1531 815 1586 occulto
829 1530 900 1607 igne
914 1537 1024 1598 eareat,

42 1639 59 1676 a
74 1618 253 1689 infunditur,
269 1635 381 1692 aquave
394 1615 600 1690 perfunditur3
625 1623 655 1670 ct
667 1631 756 1690 quum
769 1621 839 1668 ante
852 1613 892 1668 sit
904 1611 1024 1690 frigide,

41 1725 53 1760 e
67 1703 221 1772 fervescit,
233 1701 311 1760 unde
325 1700 471 1756 ferventia
485 1708 589 1756 cuncta
602 1699 780 1776 frigescunt.
824 1693 912 1751 Velut
925 1696 1024 1769 exspi-

41 1799 70 1844 te
84 1806 153 1865 ergo
168 1788 219 1842 illa
233 1785 319 1864 gleba
332 1783 485 1840 discedens
498 1784 595 1862 ignis,
620 1783 669 1856 qui
682 1782 809 1852 latebat,
833 1789 970 1855 apparet,
991 1797 1024 1834 ee

41 1872 89 1927 ide
103 1880 240 1946 tanquam
253 1878 348 1926 morte
362 1870 404 1924 sic
418 1867 527 1946 frigida
543 1877 603 1938 est,
629 1875 663 1922 ut
680 1865 795 1922 adiecta
813 1863 892 1920 unda
911 1863 1027 1919 nonsit

41 1975 99 2026 rra,
114 1965 143 2011 et
155 1973 240 2030 quam
254 1955 363 2008 calcem
375 1952 551 2008 vocabamus
562 1952 671 2020 vivam,
687 1966 826 2006 vocemus
839 1949 1026 2002 exstinctam.

41 2040 59 2094 d
74 2048 118 2094 est
131 2038 207 2114 quod
219 2035 287 2092 huic
302 2036 443 2091 miraculo
458 2033 524 2090 addi
538 2051 624 2107 posse
637 2031 791 2099 videatur,
806 2039 846 2084 -et
862 2039 961 2084 tamen
974 2027 1026 2082 ad-

41 2120 80 2178 ul
119 2123 195 2179 Nam
208 2125 235 2177 si
256 2137 315 2176 non
334 2117 471 2174 adhibeas
489 2133 612 2190 aquam,
637 2113 688 2168 sed
702 2115 813 2182 oleum,
841 2110 920 2185 quod
932 2110 1027 2187 magis

41 2226 77 2262 ¹es
97 2216 142 2262 est
160 2207 258 2284 ignis,
286 2203 366 2259 nulla
384 2202 448 2256 eius
466 2199 636 2274 perfusione
649 2198 697 2253 vel
711 2194 865 2250 inflatione
879 2193 1027 2250 fervescit.

41 2313 46 2346 ε
60 2292 235 2347 miraculum
253 2289 279 2344 si
297 2286 332 2341 de
350 2287 450 2359 aliquo
464 2281 567 2338 indico
583 2280 678 2356 lapide
692 2281 874 2358 legeremus,
899 2277 962 2333 sivc
976 2293 1028 2332 au·

41 2393 128 2446 unus,
144 2376 218 2429 etin
231 2379 369 2429 nostrum
381 2369 616 2443 experimentum
628 2365 732 2422 venire
746 2381 806 2419 non
820 2370 935 2436 posset,
959 2377 1028 2435 pro-

41 2468 127 2516 oaut
140 2457 325 2514 mendacium
339 2463 523 2528 putaremus,
550 2458 602 2506 eut
624 2457 704 2504 certe
725 2444 879 2525 granditer
909 2445 1029 2499 mirare-

41 2565 52 2599 ¹.
88 2544 221 2610 Quarum
234 2558 304 2596 vero
318 2556 418 2593 rerum
431 2544 501 2591 ante
513 2535 611 2589 oeulos
626 2541 743 2588 nostros
757 2527 926 2604 quotidiana
941 2525 1050 2582 doru-¹

41 2637 79 2684 rte
95 2633 271 2694 versantur,
295 2639 357 2678 non
372 2637 482 2697 genere
495 2619 592 2672 minus
606 2614 748 2685 mirabili,
762 2611 814 2668 sed
825 2608 1029 2686 ipsaassidui-

53 2712 224 2778 vilescunt,
238 2709 281 2762 ita
293 2714 328 2760 ut
340 2721 378 2758 ex
392 2704 456 2776 ipsa
469 2699 569 2769 India,
595 2717 669 2774 quae
682 2705 795 2753 remota
810 2704 855 2749 est
868 2712 936 2768 pars
951 2691 1030 2748 orbis

41 2795 111 2864 vbis,
140 2791 316 2846 desierimus
340 2786 484 2844 nonnulle
505 2784 623 2854 mirari,
648 2799 726 2856 quae
742 2778 778 2836 ad
798 2797 853 2836 nos
872 2785 1032 2853 potuerunt

41 2878 115 2936 unda
129 2873 262 2950 perduci.

41 2961 242 3019 Adamantem
254 2955 381 3032 lapidem
394 2955 481 3012 multi
494 2951 570 3030 apud
583 2969 637 3008 nos
650 2948 777 3019 hebent,
792 2957 822 3002 et
835 2946 963 3002 maxime
978 2961 1030 2999 au-

42 3065 76 3102 es
103 3044 362 3122 insignitoresque
385 3055 581 3118 gemmarum,
608 3035 659 3110 qui
676 3034 750 3107 lapis
771 3049 827 3088 nec
852 3029 949 3099 ferro,
977 3045 1032 3084 neo

47 3172 57 3201 ,
88 3148 148 3186 nee
163 3129 224 3183 alia
236 3129 268 3184 vi
280 3127 356 3196 ulla,
374 3121 545 3198 perhibetur
566 3128 684 3194 practer
698 3111 811 3193 [quam]
830 3112 946 3168 hircino
962 3130 1031 3168 san-

41 3234 69 3270 re
82 3214 181 3270 vinci.
206 3210 266 3267 Sed
280 3211 332 3284 qui
347 3225 413 3263 eum
424 3204 535 3260 habent
548 3212 637 3276 atquc
651 3207 816 3266 noverunt,
835 3195 977 3268 nrrnrquid
990 3196 1032 3249 ita

41 3307 145 3366 autur,
173 3305 209 3351 ut
221 3293 252 3350 hi
266 3291 370 3368 quibus
383 3290 510 3364 primum
523 3286 656 3359 potentia
670 3283 734 3337 eius
749 3273 932 3335 ostenditur?
961 3276 1032 3341 Qui-

52 3390 160 3438 autem
184 3397 246 3435 non
270 3373 452 3442 ostenditur,
479 3368 604 3424 fortasse
623 3384 679 3421 nec
699 3361 838 3431 credunt3
863 3367 914 3414 aut
928 3359 955 3412 si
969 3375 1033 3413 ore-

41 3477 48 3522 t
61 3505 71 3535 ,
88 3466 254 3537 inexperta
267 3461 429 3526 mirentur,
445 3461 474 3509 et
487 3453 513 3508 si
528 3449 690 3528 contigerit
703 3444 848 3520 experiri,
861 3439 955 3496 adbuc
970 3441 1035 3514 qui-

55 3550 217 3604 mirantur
230 3543 366 3612 insolita,
394 3537 445 3594 sed
459 3535 615 3593 assiduitas
630 3527 802 3604 experiendi
814 3525 952 3600 paulatim
967 3521 1035 3578 sub-

41 3636 68 3688 it
83 3628 298 3688 admirationis
312 3626 546 3682 incitamentum.
577 3616 747 3694 Magnetem
760 3608 887 3686 lapidem
899 3608 1036 3664 novimus

41 3717 150 3773 ubilana
167 3713 241 3770 ferri
255 3729 320 3768 esse
333 3716 497 3782 raptorem,
520 3701 596 3779 quod
610 3716 699 3775 quum
712 3696 839 3771 primum
852 3690 928 3760 vidi,
946 3688 1036 3748 vehe-

42 3811 94 3858 ter
110 3791 263 3854 inhorrui.
311 3795 424 3866 Quippe
439 3787 595 3846 cernebam
609 3803 626 3840 a
641 3779 736 3854 lapide
749 3779 877 3834 ferreum
894 3777 1037 3834 annulum

41 3905 97 3940 um
113 3891 210 3958 atque
225 3889 413 3956 suspensum;
434 3871 539 3930 deinde
554 3879 693 3946 tanquam
705 3864 784 3922 ferro
798 3858 876 3938 quaed
889 3865 1038 3938 rapuerat,
