2538 4392
188 223 248 284 DE
271 223 495 283 civium
516 223 597 283 DEI
620 225 702 284 LIB.
724 223 856 285 XVIII.
982 229 1041 286 221

364 374 431 432 CA
453 374 485 431 P.
528 369 679 433 xiix

35 474 66 526 Dr
75 472 206 526 indiscreta
221 470 352 539 [incerta]
367 471 593 539 multiplicatione
602 469 755 535 Ecclesiae,
775 487 829 540 qna
839 471 867 524 in
878 471 927 526 bac
937 475 1042 526 saccale

287 540 367 593 malti
381 541 490 608 reprobi
498 539 645 592 miscentur
655 541 754 592 electis.

81 631 112 687 In
124 629 172 686 boc
184 647 253 707 argo
266 631 396 708 nsaligno
410 630 544 700 soeculo,
569 627 602 686 in
619 626 665 684 bis
685 629 787 685 diebus
801 629 901 698 malis,
926 627 976 683 ubi
989 645 1040 702 per

35 715 196 772 numilitatem
217 723 402 787 praesentem
424 712 553 768 futuram
577 720 725 786 comparat
742 711 876 768 Ecclesia
893 710 1040 768 celsitudi-

35 817 93 868 nem,
107 805 134 852 ot
146 797 278 852 fimorum
290 796 432 866 stImulis,
457 794 591 851 dolorum
604 796 778 864 tormentis,
803 793 934 849 laborum
947 794 1040 848 mols-

35 883 89 950 tiis‚
104 879 290 935 tentationum
302 877 439 953 perieulis
453 877 598 948 eruditur,
613 875 675 933 sola
689 893 740 950 spe
752 877 900 954 gaudens,
923 875 1040 950 quando

35 981 116 1020 anum
127 959 244 1040 gaudet,
269 962 353 1017 multi
366 961 482 1035 reprobi
494 961 658 1017 miscentur
670 959 771 1031 bonis3
798 969 829 1015 ot
841 960 959 1033 utrIqua
973 966 1040 1012 tsn-

36 1066 97 1103 uam
110 1046 139 1101 in
151 1063 286 1123 sagensnn
298 1043 509 1122 Evangelicam
524 1045 719 1121 colliguntur3
746 1052 776 1098 et
787 1041 826 1098 in
844 1039 902 1097 hoc
920 1039 1040 1111 mundo,

35 1146 146 1203 anquam
159 1129 188 1182 in
200 1129 292 1198 mari,
306 1129 424 1202 utrique
437 1127 545 1182 inclusi
558 1125 669 1181 retibus
682 1124 841 1180 indiscrete
853 1131 973 1191 natant,
987 1122 1039 1180 do-

36 1231 65 1268 ec
78 1211 258 1286 pervematur
270 1209 307 1266 ad
318 1211 417 1280 littus,
443 1208 494 1264 ubi
511 1210 580 1265 mali
596 1216 791 1285 segregentur
804 1225 821 1262 a
833 1205 934 1275 bonis,
960 1214 991 1260 et
1007 1206 1038 1261 in

35 1296 93 1351 onis
116 1302 249 1368 tauquam
274 1293 306 1348 In
328 1293 436 1366 templo
460 1309 524 1363 suo,
548 1293 588 1347 sit
611 1289 692 1345 Deus
716 1290 816 1345 omnia
838 1290 870 1343 in
895 1286 1038 1343 omnibus.

35 1376 131 1434 roiude
143 1393 242 1433 vocem
256 1393 336 1432 nuno
349 1375 536 1452 agnoscimus
556 1375 618 1430 eius
638 1373 770 1446 implam,
797 1371 848 1447 qui
866 1369 1041 1444 loquebatur

35 1482 39 1516 ι
52 1457 173 1530 Psalmo,
186 1468 273 1534 atque
287 1458 414 1515 dicebat:
429 1456 624 1524 Annuntiavi,
638 1464 668 1512 et
681 1454 795 1511 locutas
808 1471 882 1523 sane,
895 1449 1039 1527 multipli-

35 1544 71 1600 ιιι·
81 1551 149 1599 sant
160 1558 249 1617 saper·
262 1559 422 1598 annerum.
449 1539 515 1596 Hoc
528 1539 562 1595 fit
575 1555 665 1610 nuno,
681 1553 719 1592 ex
733 1553 789 1612 quo
803 1537 930 1610 prImum
941 1551 994 1606 per
1006 1549 1038 1588 os

35 1624 197 1681 'occursoris
211 1625 256 1680 sui
269 1622 405 1692 Ioannis,
433 1621 536 1679 deiude
558 1639 610 1696 per
623 1639 657 1676 os
676 1621 827 1695 proprium
840 1616 1038 1686 annuntiavit,

55 1711 172 1764 locutus*
193 1714 253 1777 est,
280 1707 396 1764 dIcens:
422 1705 513 1782 Agite
533 1704 762 1783 poenitentiam,
788 1698 1040 1778 appropinquarit

35 1795 78 1848 zirn
98 1807 218 1866 regnans
241 1788 395 1848 coeloram.
428 1787 530 1866 Elegit
551 1787 720 1861 discipulos,
743 1802 816 1862 quos
842 1779 1039 1856 ctApostolus

35 1875 174 1942 tnsinavit,
201 1870 352 1928 humiliter
366 1881 462 1942 ustos,
489 1870 691 1940 inhonoratos,
710 1869 881 1936 illiteratos3
908 1873 941 1919 ut
954 1863 1037 1937 quic-

35 1957 69 2012 ,id
91 1973 230 2032 maguum
252 1964 351 2012 essent
367 1965 397 2010 et
414 1955 560 2024 facerent,
584 1954 697 2027 ipsein
716 1953 759 2006 eis
780 1958 860 2006 esset
872 1957 903 2002 et
916 1946 1036 2001 laceret.

35 2041 112 2096 abuit
124 2040 203 2094 inter
216 2055 266 2094 eos
279 2055 385 2108 unum,
405 2053 462 2111 quo
477 2037 554 2091 malo
567 2044 654 2090 utens
668 2033 754 2100 bene,
770 2041 799 2086 et
812 2048 882 2086 suae
894 2028 1038 2102 passionis

35 2123 172 2198 upositum
191 2122 340 2195 impleret,
367 2128 398 2175 et
409 2117 564 2174 Ecclesiae
578 2133 648 2170 suae
662 2111 881 2170 tolerandorum
895 2109 1037 2163 malorum

35 2205 151 2262 aeberet
168 2205 343 2277 exemplum.
376 2200 543 2269 Semiusta,
571 2205 715 2272 quantum
733 2211 786 2267 per
800 2194 863 2248 eius
884 2189 1039 2262 oportebat

35 2289 194 2346 senentiam
208 2287 400 2360 corporalem,
414 2292 516 2339 saneto
529 2278 705 2356 Evangelio,
718 2292 820 2351 passus
837 2283 892 2343 est,
906 2280 1037 2328 mortuus

35 2395 48 2443 r,
62 2370 244 2427 resurrexit:
265 2370 402 2442 passIone
416 2363 575 2422 osteudens
589 2360 660 2437 quid
674 2361 821 2416 sustinere
834 2375 887 2432 pro
900 2355 1037 2424 veritate,

35 2454 214 2510 ,urrectione
230 2450 301 2526 quid
314 2469 432 2526 sperare
442 2451 473 2505 iu
485 2447 661 2504 aeternitate
674 2443 845 2512 debeamus3
860 2445 982 2512 excepta
996 2438 1036 2492 al-

35 2537 121 2594 sdine
135 2533 339 2604 sacramenti,
358 2551 416 2608 qua
428 2533 551 2609 sanguis
566 2529 628 2584 eius
642 2527 674 2582 in
687 2525 891 2581 remissionem
902 2528 1037 2596 peceato-

35 2643 53 2678 n
68 2620 156 2676 fusus
170 2627 225 2674 est.
269 2616 467 2674 conversatus
486 2613 576 2670 estin
589 2621 669 2666 terra
687 2606 884 2683 quadraginta
897 2603 959 2658 dies
974 2619 1038 2656 cum

35 2703 146 2778 cipalis
161 2702 240 2771 suis,
265 2710 352 2774 atque
366 2700 438 2773 Ipsis
451 2695 620 2753 videntibus
634 2689 788 2748 adscendit
805 2691 837 2744 in
850 2688 979 2755 coelum,
1008 2693 1039 2738 et

35 2799 52 2844 t
68 2786 134 2842 dies
149 2783 253 2839 decens
265 2785 347 2840 misit
358 2781 534 2858 promissum
544 2776 687 2852 Spiritum
699 2781 830 2828 sanctum
845 2769 950 2846 [patris
963 2764 1037 2841 sui]:

35 2890 71 2927 us
86 2867 242 2926 venientis
260 2868 291 2922 in
313 2883 363 2922 eos
382 2865 434 2940 qui
451 2860 651 2928 crediderant,
682 2866 754 2912 tuno
768 2855 886 2931 signum
900 2859 963 2906 crat
976 2867 1038 2905 ms·

34 2973 101 3010 sum
118 2959 149 3006 et
162 2951 293 3006 maximo
306 2949 522 3017 necessarium,
547 2953 580 3000 ut
595 2941 796 3014 unusquisque
810 2953 912 2992 eorum
925 2933 1038 3010 linguis

35 3039 121 3093 nium
136 3033 277 3111 gentium
288 3035 472 3108 loqueretur:
499 3031 541 3086 ita
560 3023 734 3104 significans
752 3023 897 3078 unitatem
915 3015 1038 3074 catholi-

45 3117 214 3176 Ecclesiae
228 3134 280 3189 per
293 3135 394 3174 omncs
409 3124 514 3192 gentes
528 3111 673 3179 futuram,
699 3125 733 3162 ao
752 3107 794 3162 sic
812 3103 923 3180 linguis
943 3099 1038 3157 omni-

48 3205 237 3259 locuturam.

420 3277 542 3337 CAP.
587 3275 619 3332 L.

35 3381 255 3436 praedieatione
265 3373 421 3446 Evangelii,
431 3386 557 3440 praepar
564 3369 704 3437 passiones
711 3362 929 3434 praedicantium
939 3357 1042 3412 alarios·

35 3447 36 3450 '
357 3452 385 3496 et
391 3439 531 3512 potentior
536 3439 619 3511 foeta
631 3446 679 3490 est.

39 3539 179 3598 Deinde
194 3534 357 3594 secundum
370 3534 451 3588 illam
464 3527 661 3604 prophetiam,
689 3521 738 3578 Ea
751 3518 823 3578 Sion
845 3517 893 3574 lea
905 3514 1041 3592 prodiet,

35 3623 156 3682 erbam
169 3620 298 3682 Domini
310 3635 348 3676 aa
361 3612 569 3672 Hierusalem:
597 3619 627 3665 et
640 3603 800 3663 secundum
814 3601 906 3676 ipsius
920 3597 1042 3654 Domini

35 3707 96 3764 isti
110 3701 291 3781 praedicta,
317 3700 367 3756 ubi
381 3706 448 3772 post
459 3692 708 3750 resurrectionem
721 3684 904 3759 stupentibus
918 3699 984 3737 eum
997 3677 1042 3735 di·

35 3792 102 3846 uIis
121 3789 194 3844 suis
210 3785 331 3865 aperuit
344 3797 470 3848 amensa,
490 3787 523 3833 nt
537 3773 740 3849 intelligerent
753 3767 941 3846 Scripturas,
955 3773 984 3820 et
998 3764 1043 3820 di·

35 3876 110 3943 eis,
147 3869 303 3940 Quoniam
316 3867 360 3922 aie
373 3862 518 3939 scriptam
533 3868 594 3927 est,
618 3855 704 3912 etsie
722 3849 877 3929 oportebat
895 3845 1043 3902 Christian
