2586 4396
242 219 282 274 98
469 210 566 270 DlVl
588 206 771 267 Avitum
797 203 1048 264 AVGVSTlNl

245 369 321 425 serie
333 339 568 446 generationum,
592 361 642 419 ubi
655 360 810 440 diligenter
823 366 1062 416 commemoratur
1079 367 1156 434 quot
1173 379 1259 421 annos

245 453 366 527 quisque
379 449 497 519 vixerit,
511 445 595 502 huius
609 448 700 502 solius
713 461 1018 509 numerumnunerum
1026 445 1108 500 ritae
1119 463 1178 503 non
1189 466 1263 505 eom·

244 534 408 591 mendatum
422 549 488 589 esse
498 531 669 586 memoriae:
690 528 773 596 Quod
786 528 863 584 enirn
876 525 1065 602 quorundam,
1080 545 1153 602 quos
1165 529 1264 587 cadem

244 616 396 695 Scriptura
409 617 626 686 commemorat,
645 621 779 670 tacentur
791 613 872 683 anni,
886 628 946 667 non
960 611 1073 667 suntin
1087 609 1142 669 hoc
1154 612 1263 683 ordine,

242 703 275 758 in
294 721 350 782 quo
369 695 528 774 temporum
547 695 739 753 dinumeratio
753 694 921 752 decessione
937 694 1126 773 gignentium
1139 705 1170 752 ct
1182 699 1263 776 geni-

243 795 340 842 torum
361 783 542 841 successione
562 783 737 838 contexitur.
763 778 822 837 lste
840 787 936 836 autem
956 776 1041 849 ordo,
1062 781 1115 854 qui
1132 779 1264 858 dirigitur

243 868 278 925 als
292 867 382 926 Adam
394 884 486 942 usque
500 865 536 922 ad
549 865 623 937 Nori,
637 874 667 922 et
676 863 743 920 inde
756 880 849 940 usque
859 859 1054 931 adAbrehans,
1065 865 1131 919 sine
1146 882 1261 920 nurnero

243 969 386 1009 annorum
400 952 477 1008 vitae
490 968 559 1006 suae
572 951 717 1005 nerninem
730 950 871 1005 continet.

636 1117 757 1177 CAP.
799 1114 878 1175 XV.

244 1212 285 1268 Dc
301 1223 417 1286 tempore
434 1214 621 1285 promissionis
634 1213 773 1278 Abrahae,
792 1229 846 1282 quc
863 1213 1005 1269 secuudum
1021 1220 1195 1282 praeceptum
1214 1211 1268 1264 Dei

638 1285 707 1339 exiit
716 1284 747 1337 de
759 1280 874 1338 Charra.

306 1373 391 1442 Quod
409 1394 496 1448 vero,
521 1384 742 1433 commemorota
760 1383 853 1431 morte
872 1372 987 1431 Therae
1004 1374 1099 1448 patris
1114 1371 1265 1438 Abraham,

243 1458 349 1515 deinde
367 1460 490 1538 legitur:
520 1459 562 1517 Ee
580 1461 658 1518 dixit
677 1457 820 1516 Dominus
842 1459 883 1516 od
898 1456 1025 1526 Abram,
1051 1455 1115 1513 uss·
1132 1458 1172 1516 dc
1192 1468 1267 1516 terro

243 1552 314 1612 tuo,
328 1553 359 1600 et
371 1543 406 1600 de
418 1543 593 1620 cognatione
606 1553 669 1613 tuo,
686 1552 716 1599 ct
728 1543 764 1601 do
776 1543 857 1599 domo
864 1542 971 1620 patris
984 1541 1040 1610 tui,
1054 1549 1120 1612 etc,
1131 1559 1197 1597 non
1210 1543 1267 1617 quia

242 1622 296 1680 lico
317 1626 450 1700 sequitur
468 1627 500 1681 in
520 1643 652 1682 sermone
670 1624 752 1696 libri,
781 1623 837 1682 hoc
856 1627 943 1681 otiam
961 1625 992 1680 in
1012 1635 1266 1703 rerumgestarum

242 1717 372 1781 tempore
385 1710 468 1782 sequi
481 1708 705 1764 existimandum
717 1718 771 1766 est.
807 1707 873 1765 Erit
886 1710 1007 1783 quippe,
1020 1709 1045 1762 si
1060 1708 1103 1764 ita
1117 1718 1185 1780 est,
1198 1711 1265 1765 inso-

242 1791 341 1847 lubilis
352 1793 493 1866 quaestio.
522 1790 602 1866 ‘Post
613 1791 685 1848 haec
699 1794 777 1848 enim
789 1793 879 1850 verbo
892 1791 972 1862 Dei,¹
990 1809 1063 1867 quoe
1076 1789 1115 1847 cd
1130 1791 1266 1849 Abrahae

242 1874 411 1946 factasunt,
429 1873 579 1950 scripura
591 1877 733 1952 loquitur:
758 1875 800 1934 Et
814 1877 889 1934 coiit
901 1874 1020 1944 Adrum,
1034 1877 1267 1951 quemadmodss

242 1957 356 2017 locutor
370 1969 415 2016 cst
427 1959 474 2016 illi
485 1958 645 2032 Dominus,
664 1970 695 2017 ct
713 1960 789 2018 obiit
806 1977 869 2016 cum
887 1978 919 2018 co
937 1957 1021 2016 nott.
1046 1957 1166 2016 Adrum
1184 1971 1268 2018 actes

242 2053 310 2101 erat
330 2045 454 2120 quinque
472 2055 502 2101 ct
520 2046 714 2126 septuaginta
732 2061 890 2115 annorum,
910 2062 973 2101 com
993 2044 1067 2100 coiit
1088 2061 1127 2099 ee
1151 2043 1265 2101 Claros

125 2171 126 2174 ,
241 2126 391 2192 Quomodo
404 2137 501 2202 potest
513 2126 567 2184 hoc
579 2147 681 2186 rerum
696 2147 770 2201 esse,
785 2129 811 2184 si
822 2137 889 2203 post
901 2134 1022 2184 mortem
1034 2127 1130 2201 patris
1146 2129 1196 2184 sui
1209 2127 1278 2182 exii*

241 2208 276 2264 de
290 2207 418 2268 Charisi
450 2211 522 2269 Cum
535 2215 613 2270 enim
626 2222 704 2269 esset
717 2211 814 2269 Thera
826 2212 1012 2290 septuaginta
1025 2227 1191 2280 annorum,
1205 2213 1267 2263 sicut

173 2316 177 2326 ·
242 2310 330 2366 supra
343 2287 508 2352 intimatum
522 2305 581 2368 est,
607 2298 712 2376 genuit
723 2295 880 2353 Abraham:
908 2297 956 2352 oui
969 2311 1092 2350 munero
1105 2291 1218 2347 additis
1232 2309 1267 2346 se-

240 2379 393 2455 ptuaginta
407 2380 536 2454 quinque
549 2382 646 2451 annis,
666 2397 739 2454 quos
753 2380 858 2458 agebat
870 2377 1024 2447 Abraham,
1041 2375 1165 2450 quando
1179 2393 1268 2453 egres·

242 2477 291 2515 sus
305 2471 350 2516 cst
363 2458 399 2517 de
414 2459 533 2534 Charra,
547 2463 622 2520 fiunt
635 2464 706 2519 enni
719 2472 836 2519 centum
849 2460 1200 2540 quadragintaquinque.
1218 2457 1269 2513 Tot

241 2544 333 2621 igitur
345 2561 491 2603 annorum
504 2557 568 2604 erat
580 2546 694 2619 Tharc,
721 2546 837 2623 quando
851 2547 925 2602 exiit
937 2542 1082 2602 Abraham
1095 2542 1134 2599 dc
1151 2547 1202 2600 illa
1213 2540 1268 2598 lle-

242 2631 417 2703 sopotamice
431 2631 565 2688 civitate:
579 2632 685 2710 agebat
697 2633 775 2687 enim
787 2649 897 2686 annum
910 2627 1013 2685 aetatis
1027 2644 1099 2683 suae
1114 2639 1268 2704 septuage-

241 2712 345 2768 simum
353 2715 500 2788 quintum:
512 2715 663 2790 acperhoc
672 2724 754 2790 pater
762 2715 836 2786 eius,
848 2713 1269 2790 quieumseptuagesimovitac

241 2811 310 2850 strae
323 2814 400 2851 anno
414 2808 568 2874 genuerat,
581 2799 696 2876 agebat,
709 2808 742 2854 ut
755 2798 930 2868 dictumest,
944 2795 1136 2852 centesimum
1152 2791 1269 2869 qnadra-

242 2879 385 2953 gesimurn
397 2889 428 2934 et
440 2881 583 2954 quintum.
609 2881 676 2937 Non
690 2900 761 2958 ergo
771 2880 839 2938 inde
850 2890 917 2954 post
925 2887 1047 2936 mortem
1059 2880 1164 2952 patris,
1178 2877 1209 2932 id
1221 2885 1270 2941 est,

242 2968 310 3031 post
321 2958 459 3016 ducentos
474 2957 604 3037 quinque
615 2981 723 3035 annos,
738 2965 840 3039 quibus
852 2973 934 3040 pater
947 2959 1011 3019 eiu's
1023 2964 1116 3032 vixit,
1136 2976 1270 3038 egressus

244 3051 302 3096 est:
328 3041 378 3096 scd
401 3061 494 3118 annus
518 3045 553 3100 de
571 3047 621 3102 illo
640 3045 905 3123 locc'profeetionis
926 3049 1004 3118 eius,
1028 3047 1168 3121 quoniam
1181 3043 1270 3117 ipsius

244 3127 476 3202 septuagesimus
490 3131 609 3205 quintus
624 3141 703 3204 erat,
723 3134 825 3207 procul
839 3131 924 3188 dubio
936 3132 1027 3207 patris
1042 3131 1121 3199 cius,
1144 3130 1269 3204 quicum

245 3211 457 3288 septuagesimo
476 3231 529 3270 suo
550 3233 628 3272 anno
647 3225 807 3294 genuerat,
834 3217 1007 3271 centesimus
1031 3212 1268 3290 quadragesimus

244 3293 363 3368 quintus
376 3293 465 3351 fluisse
479 3299 637 3376 colligitur.
671 3301 713 3356 Ao
726 3318 778 3372 per
797 3297 852 3354 lsoc
870 3295 1093 3374 intelligendum
1111 3305 1177 3366 est,
1197 3309 1269 3348 more

244 3393 298 3433 suc
322 3375 504 3454 scripturam
526 3381 638 3438 redisse
660 3382 697 3438 ad
720 3391 848 3456 ternpus,
885 3379 1042 3455 quodiam
1067 3379 1205 3434 uenatio
1230 3377 1271 3430 illa

243 3463 417 3519 transierat:
444 3466 520 3521 siout
537 3468 685 3541 superins,
697 3484 772 3521 cuns
790 3464 866 3521 filios
882 3465 1011 3520 ¹liliorum
1023 3461 1089 3519 Noe
1103 3477 1271 3519 commemo

243 3555 352 3618 resset,
371 3547 461 3618 dixit,
484 3550 549 3605 illos
563 3550 654 3606 fuisse
668 3551 699 3604 in
713 3549 849 3628 gentibus
863 3558 893 3604 et
904 3549 1014 3626 linguis
1027 3545 1106 3617 suis3
1136 3556 1275 3602 ettamen

244 3638 346 3700 postea
370 3632 452 3705 quasi
474 3631 528 3688 hoc
552 3634 639 3690 etiam
657 3635 688 3688 in
706 3631 808 3690 ordine
833 3642 993 3707 temporum
1015 3640 1214 3704 sequeretur,
1238 3621 1270 3677 El

245 3720 313 3764 ⁰71⁸?
319 3747 328 3778 ι
350 3715 461 3789 inquit,
484 3719 575 3772 omnis
589 3727 676 3773 terro
689 3715 796 3773 labium
809 3735 912 3782 onum,
934 3726 1037 3771 et'con·
1053 3729 1115 3768 ιιιιιι
1138 3709 1270 3768 omnibus·

248 3789 396 3856 Quomodo
411 3811 482 3872 ergo
495 3792 655 3854 secundum
665 3815 731 3853 suas
745 3806 848 3875 gentes
862 3807 892 3854 et
904 3795 1060 3854 secundum
1073 3811 1147 3850 snas
1161 3796 1272 3872 lingna·

243 3883 341 3945 erant,
355 3878 380 3931 si
393 3895 452 3933 una
465 3889 527 3936 erat
540 3880 688 3953 omnibus3
702 3881 760 3936 nisi
774 3881 841 3955 quio
854 3881 891 3936 sd
904 3879 975 3937 illud
989 3877 1064 3955 quod
1078 3879 1140 3935 iarn
1152 3874 1274 3934 masie-
