2510 4404
212 212 274 272 DE
298 212 514 272 ClVlTATE
541 215 622 274 DEl
648 217 730 274 [ΑΒ.
754 218 853 277 ΧΧΙ.
991 224 1050 280 357

40 372 112 425 ineat
129 364 200 442 quod
219 366 435 440 scriptumest:
462 365 558 436 Quom
584 369 678 425 multo
703 370 860 429 multitudo
887 373 1051 432 dulcedinis

40 471 101 522 noe,
113 447 242 518 Domine,
256 467 342 525 quom
356 449 540 507 abscondisti
553 453 724 510 timentibus
737 452 787 510 tel
800 456 901 532 legant
914 455 992 531 quod
1005 475 1051 514 se·

39 537 125 610 uitur,
136 532 298 608 perfecisti
310 541 410 590 autem
423 535 612 612 sperantibus
627 537 657 590 in
671 547 709 594 te.
734 537 811 604 Quid
825 548 871 595 est
885 540 974 610 enim,
992 539 1050 598 Ab·

39 617 158 674 eoudists'
171 613 352 688 timentibus,
364 616 532 694 perfecisti
544 619 751 698 sperantibus,
774 622 833 677 nisi
847 623 915 697 quia
928 623 988 678 illis
1003 625 1051 697 qui

39 703 121 756 imore
133 715 291 774 poenarum
305 715 387 756 suam
400 702 506 757 volunt
519 702 665 758 iustitiam
679 705 861 761 constituere
874 723 950 780 quae
964 706 997 762 in
1010 708 1051 761 le·
1140 755 1143 760 .

38 803 58 856 ‚e
71 793 127 854 est,
148 801 207 840 non
225 791 271 838 est
289 783 403 839 iustitia
417 781 476 840 Dei
490 783 597 857 duleis,
625 786 693 861 quia
708 790 845 845 nesciunt
859 785 941 844 eaml
985 787 1051 846 Non

41 869 98 924 nim
110 874 301 944 gustaverunt
314 883 387 922 eam.
423 865 457 922 ln
471 886 503 923 se
518 887 645 944 namque
658 881 788 944 sperant,
801 891 862 928 non
877 873 999 947 inipso:
1024 881 1053 926 et

37 951 84 1006 deo
98 953 136 1006 eis
148 947 337 1006 absconditur
349 950 506 1007 multitudo
520 951 684 1009 dulcedinis
698 953 769 1025 Dei3
797 957 936 1030 quoniam
949 957 1053 1012 timent

37 1033 131 1109 [uidem
145 1033 253 1104 Deum,
277 1031 327 1088 sed
345 1035 397 1089 illo
415 1035 520 1090 timere
534 1037 651 1107 servili,
671 1039 722 1112 qui
740 1057 800 1094 non
815 1048 860 1094 est
874 1040 905 1094 in
920 1040 1052 1106 caritate,

36 1120 87 1192 'uia
97 1117 223 1192 perfecta
236 1117 344 1172 caritas
358 1115 438 1174 foras
450 1119 543 1175 mittit
556 1120 701 1176 timorem.
736 1120 804 1177 ldeo
823 1121 1007 1196 sperantibus
1021 1123 1051 1176 in

38 1221 84 1257 um
95 1199 205 1275 perficit
218 1199 405 1256 dulcedinem
418 1219 515 1273 suam,
541 1203 713 1275 inspirando
728 1205 771 1259 eis
789 1207 941 1260 caritatem
959 1223 1052 1260 suam.

36 1294 52 1340 t
64 1286 164 1340 timore
177 1291 274 1354 casto,
289 1301 350 1339 non
364 1302 449 1358 quem
463 1286 570 1340 caritas
583 1284 661 1342 foras
673 1287 780 1358 mittit,
799 1287 849 1342 sed
862 1294 1052 1361 permanente

35 1388 49 1424 ιι
64 1369 205 1424 saeculum
218 1367 339 1436 saeculi,
354 1385 419 1421 cum
433 1369 611 1445 gloriantur,
626 1371 657 1425 in
672 1368 800 1433 Domine
814 1371 990 1447 glorientur.
1004 1368 1047 1424 lu·

35 1454 96 1509 titia
110 1451 214 1526 quippe
228 1449 286 1506 Dei
299 1448 433 1506 Christus
448 1460 510 1523 est,
534 1452 701 1529 quifoctus
714 1463 761 1510 est
774 1454 871 1525 uobis,
894 1455 970 1509 sicut
983 1452 1053 1508 dicit

34 1537 177 1610 rpostolus,
190 1534 342 1610 sapientie
355 1553 375 1590 o
389 1532 469 1606 Deo,
491 1545 520 1592 et
535 1537 666 1607 iustitio,
680 1548 710 1594 et
723 1537 939 1609 sanctificatio,
960 1545 990 1594 et
1004 1555 1052 1592 re-

34 1620 137 1676 'erntiot
161 1617 445 1694 ut‘quensodrnodum
459 1619 605 1697 sormunt
619 1629 676 1690 est,
694 1618 755 1689 Qui
764 1620 927 1696 gloriatur,
942 1621 972 1676 in
987 1616 1053 1675 Do-

34 1705 90 1758 rino
103 1701 259 1777 glorietur.
290 1699 378 1757 Hanc
393 1701 451 1758 Dei
469 1703 628 1775 iustitiam,
656 1721 743 1778 quam
762 1703 853 1760 donat
872 1703 968 1781 gratia
989 1703 1053 1758 sine

33 1786 143 1855 reritis,
169 1784 305 1840 nesciunt
318 1786 360 1840 illi
375 1787 424 1860 qui
438 1804 520 1842 suam
533 1787 677 1844 iustitiam
689 1789 792 1844 volunt
806 1787 1000 1857 constituere,
1024 1794 1054 1839 et

33 1869 77 1924 leo
91 1867 220 1923 iustitiae
233 1865 301 1938 Dei,
316 1869 393 1943 quod
407 1867 542 1926 Christus
557 1880 613 1943 est,
627 1889 688 1928 ιιοιι
703 1881 772 1927 sunt
785 1871 918 1927 subiecti.
947 1867 981 1924 ln
995 1887 1053 1944 qua

32 1952 125 2007 ostitia
144 1959 190 2006 est
203 1952 295 2006 multa
312 1951 470 2008 multitudo
491 1953 654 2010 dulcedinis
668 1954 726 2010 Dei
743 1964 864 2028 propter
879 1971 966 2027 quam
979 1951 1052 2007 dici-

32 2054 61 2090 ιι
74 2036 105 2090 in
118 2033 247 2104 Psalmo,
265 2031 403 2104 Gustata,
418 2046 447 2091 et
460 2035 558 2092 uidete
572 2054 659 2111 quarn
672 2036 768 2092 duleis
782 2046 827 2092 est
841 2034 996 2092 Dominus.
1014 2033 1054 2088 Et

31 2137 88 2174 ano
101 2117 219 2193 quidem
230 2119 261 2172 in
274 2118 513 2194 peregrinatione
523 2126 689 2194 gustantes,
703 2137 763 2174 non
774 2117 811 2175 ad
824 2117 990 2172 satietatem
1004 2133 1053 2170 su-

31 2211 142 2272 rentes,
168 2201 311 2256 esurimus
329 2217 394 2256 eam
412 2200 509 2276 potius
523 2219 558 2256 ae
573 2201 705 2271 sitimus,
724 2210 758 2256 ut
771 2218 807 2255 ea
825 2208 927 2274 postea
941 2207 1053 2253 sature-

31 2304 90 2356 rur,
118 2303 183 2340 eum
201 2277 364 2340 ridebimus
385 2302 452 2340 eum
471 2283 559 2340 sicuti
573 2292 635 2354 est,
663 2291 693 2339 et
705 2283 872 2358 implebitur
886 2280 966 2358 quod
979 2282 1052 2337 seri·

31 2377 158 2438 tumeat,
173 2365 351 2437 Soturobor,
362 2386 426 2424 cum
437 2365 686 2439 manifestabitur
694 2367 795 2444 glorio
808 2378 870 2424 tuo.
886 2366 929 2422 lta
939 2364 1052 2440 perficit
1077 2361 1080 2370 '

31 2452 147 2508 hristus
167 2452 287 2506 multam
304 2449 523 2506 multitudinem
541 2445 705 2506 dulcedinis
723 2469 793 2507 suae
813 2449 997 2524 sperantibus
1021 2449 1052 2503 in

31 2555 85 2592 ιιιι.
120 2533 214 2590 Ροιιο
228 2541 327 2589 autem
341 2535 367 2587 si
381 2552 460 2603 eam,
481 2535 568 2606 quam
581 2535 625 2586 illi
637 2543 758 2604 putant,
773 2533 958 2590 dulcedinem
972 2549 1053 2586 suam

31 2637 88 2676 eus
116 2616 271 2674 abscondit
295 2615 465 2672 timentibus
489 2633 572 2686 eum,
603 2632 659 2690 qua
683 2614 777 2692 [quia]
803 2633 864 2671 ιιοιι
885 2624 930 2670 est
948 2615 1053 2688 impios

31 2711 222 2771 smnaturus,
248 2708 283 2756 ut
300 2697 357 2754 hoc
375 2699 540 2754 nescientes
561 2707 590 2753 et
608 2697 741 2755 damnari
759 2701 896 2755 timentes
915 2706 996 2753 reete
1009 2699 1053 2752 vi-

31 2796 96 2856 snt,
124 2803 161 2840 ac
178 2785 221 2839 sie
239 2783 356 2857 posint
374 2800 438 2838 esse
457 2783 507 2858 qui
527 2791 613 2839 orent
630 2799 683 2855 pro
697 2801 758 2839 non
772 2791 853 2838 reete
866 2779 1052 2849 viventibus;

31 2867 154 2926 somodo
170 2885 234 2922 eam
247 2865 364 2940 perficit
376 2865 608 2940 sperantibus-in
623 2884 699 2938 eum,
719 2866 836 2942 quando
850 2865 977 2940 quidem,
992 2865 1051 2918 sie·

31 2975 33 3006 :
48 2951 218 3022 somniant,
232 2967 284 3024 par
298 2948 372 3006 hane
386 2949 571 3006 dnlcedinem
584 2968 645 3006 non
659 2949 851 3007 damnaturus
865 2958 910 3004 est
924 2965 985 3019 eos,
1001 2947 1052 3022 qui

31 3055 62 3092 m
77 3043 205 3111 sperant
216 3034 248 3090 in
263 3029 346 3089 euml
381 3031 436 3090 Illa
448 3035 542 3112 igitur
555 3035 619 3090 eius
633 3033 753 3090 dulcedo
768 3041 940 3110 quaeratur,
966 3048 1052 3106 quam

31 3119 121 3176 rfieit
142 3117 327 3194 sperantibus
347 3118 379 3173 in
400 3135 480 3187 eum,
507 3136 568 3174 non
586 3137 671 3193 quam
689 3117 829 3193 perlicere
847 3125 967 3192 putatur
981 3133 1052 3170 con-

31 3202 208 3259 mnentibus
223 3209 252 3256 et
264 3198 531 3273 blasphemantibus
546 3215 620 3255 euni.
639 3201 760 3258 Frustra
775 3203 874 3273 itaque
886 3197 973 3254 homo
986 3205 1052 3270 post

31 3307 54 3342 ιο
69 3302 182 3359 eorpus
196 3284 334 3356 inquirit,
356 3279 433 3355 quod
446 3281 478 3334 in
492 3277 547 3334 hec
561 3299 683 3355 corpore
697 3283 753 3336 sibi
767 3297 935 3354 comparare
949 3281 1052 3355 negle-

31 3380 43 3424 t
59 3369 205 3445 [Frustra
218 3367 318 3438 itaque
331 3363 417 3418 bomo
425 3363 539 3435 positus
551 3364 582 3418 in
595 3361 650 3418 hoe
664 3380 798 3434 corpore,
813 3362 994 3418 occultorum
1007 3362 1053 3415 iu-

31 3454 153 3506 ciorum
164 3449 224 3505 Dei
235 3447 292 3502 sibi
305 3445 440 3502 notitiam
453 3463 595 3523 arrogare
608 3441 791 3520 praesumitl.

63 3530 147 3587 lllud
167 3548 284 3606 quoque
302 3529 521 3605 Apostolieum,
551 3527 702 3585 conclusit
721 3530 796 3586 enirn
810 3525 893 3584 Deus
911 3541 1008 3583 ornnes
1022 3528 1052 3582 iu

31 3615 206 3684 fidelitate,
226 3623 260 3671 ut
272 3615 398 3670 omnium
412 3615 604 3687 misereatur,·
628 3631 687 3668 non
701 3611 767 3667 ideo
782 3611 960 3680 dictumest,
975 3609 1052 3685 quod

31 3701 158 3755 :minem
172 3699 213 3753 sit
225 3695 429 3753 damnaturus:
444 3693 494 3752 sed
508 3697 640 3771 asperius
654 3704 773 3771 apparet
786 3693 864 3751 unde
878 3694 918 3750 sit
931 3692 1051 3749 dietum.

31 3803 74 3841 sm
89 3781 235 3858 quamde
248 3779 366 3837 ludaeis
379 3789 482 3854 postea
495 3778 651 3836 creditoris
663 3778 820 3854 Apostolus
834 3780 1002 3853 loqueretur
1017 3775 1051 3831 ad

31 3877 135 3940 entes,
162 3864 199 3922 ad
214 3883 285 3942 quas
307 3865 410 3939 utique
432 3867 490 3922 iam
509 3864 662 3922 eredentes
677 3863 881 3920 conscribebat
895 3862 1051 3936 epistolas:
