2586 4396
256 200 316 258 DE
339 201 555 262 CIVITATE
578 205 659 262 DEl
680 205 760 262 ΗΒ.
782 205 851 265 XV.
1032 218 1071 274 49

40 361 128 416 nobis
152 354 303 414 videretur
327 355 423 410 iacere
447 358 584 430 potuisse.
624 355 682 414 Sed
701 358 782 414 illum
800 361 929 438 gigantis
948 365 1071 422 alicuius

39 443 134 500 fuisse
147 437 330 498 crediderim.
360 437 434 494 Nem
446 450 564 514 praeter
577 441 655 516 quod
667 451 752 498 erant
766 445 894 500 omnium
907 449 997 504 multo
1010 467 1071 505 ma-

38 530 122 597 iora,
143 541 230 600 quam
244 529 346 577 nostra
358 530 428 578 tunc
442 542 579 598 corpora,
603 527 738 602 gigantes
751 527 839 605 longe
852 532 974 586 caeteris
988 541 1070 587 ante-

37 611 131 668 ibant.
176 606 262 664 Sicut
279 606 343 660 aliis
364 603 468 662 deinde
486 609 652 683 nostrisque
669 610 845 683 temporibus
864 631 931 669 rara
945 613 1071 689 quidem,

39 694 95 751 sed
112 707 261 766 nunquam
276 687 366 744 ferme
380 688 552 763 defuerunt,
565 710 638 766 quae
655 691 770 748 modum
783 695 905 751 aliorum
916 698 1072 771 plurimum

41 775 230 834 excederent.
274 771 385 830 Plinius
400 771 550 831 Secundus
564 777 746 832 doctissimus
759 775 861 850 bomo,
885 790 994 854 quanto
1007 800 1068 838 me-

41 864 91 939 gis
104 861 253 938 magisque
266 859 405 931 praeterit
417 859 525 915 saeculi
539 877 696 931 excursus,
722 861 836 918 minora
850 881 971 938 corpora
983 874 1070 922 netu-

41 964 106 1001 rans
123 943 200 998 ferre
218 949 352 997 testatur.
395 942 478 1007 Quod
492 944 580 999 etiam
592 941 752 1000 Homerum
766 957 972 1004 commemorat
985 967 1070 1022 saepe

39 1029 170 1084 carmine
183 1024 275 1081 luisse
289 1035 494 1100 conquestum,
520 1045 580 1083 non
602 1025 672 1082 haee
693 1029 774 1084 velut
796 1031 910 1104 politica
931 1031 1071 1110 figmenta

40 1112 194 1180 deridens,
221 1107 316 1164 sedin
329 1105 498 1166 historicam
514 1109 600 1168 fidem
613 1120 751 1186 tanquam
763 1114 971 1171 miraculorum
983 1125 1070 1172 ιιιιιι-

38 1198 145 1252 ralium
163 1194 290 1266 scriptor
309 1209 466 1250 assumens.
509 1191 633 1264 Verum,
658 1204 692 1250 ut
705 1193 782 1266 dixi,
809 1198 996 1272 antiquorum
1007 1218 1070 1255 ma-

41 1278 212 1358 gnitudines
226 1293 378 1350 corporum
390 1277 511 1333 inventa
522 1279 692 1352 plerumque
706 1296 787 1349 ossa,
806 1282 943 1354 quoniam
957 1281 1069 1338 diutur-

43 1383 82 1419 na
94 1370 181 1429 sunt,
206 1361 294 1416 etians
310 1360 401 1415 multo
419 1361 629 1434 posterioribus
648 1363 772 1417 saeculis
790 1362 927 1436 produnt.
969 1365 1070 1422 Anno-

42 1465 109 1505 rum
122 1453 216 1500 auten
227 1443 423 1500 numerositer
437 1445 575 1518 cuiusque
588 1442 729 1517 hominis,
753 1448 802 1521 qui
814 1449 990 1522 temporibus
1012 1450 1071 1504 illis

39 1531 115 1601 fuit,
143 1527 231 1584 nullis
254 1545 331 1584 nunc
353 1527 460 1583 talibus
478 1527 658 1584 documentis
676 1531 778 1586 venire
796 1532 828 1586 in
842 1534 1071 1604 experimentum

39 1621 147 1689 potest.
190 1609 251 1668 Nee
271 1620 369 1666 tumen
387 1610 451 1667 ideo
470 1611 542 1667 fides
562 1629 661 1668 sacrae
674 1610 742 1668 huic
754 1612 893 1670 historiae
906 1615 1071 1694 deroganda

41 1707 102 1769 est,
118 1697 199 1752 cuins
212 1704 294 1750 tanto
308 1693 506 1767 impudentius
519 1705 638 1752 nauata
651 1714 711 1774 non
727 1696 882 1770 credimus,
897 1707 1005 1773 quanto
1016 1701 1070 1754 isn-

40 1782 118 1857 pleri
143 1780 252 1835 certius
278 1779 485 1852 praenuntiata
511 1781 716 1853 conspicimus.
759 1779 841 1838 Dicit
864 1790 962 1839 tamen
985 1785 1072 1839 etiarn

40 1865 118 1921 idem
130 1862 262 1932 Plinius,
290 1879 355 1918 esse
367 1860 459 1918 adhuc
472 1872 604 1940 gentem,
631 1863 681 1918 ubi
694 1863 832 1922 ducentos
845 1883 940 1924 annos
952 1868 1070 1923 vivitur.

41 1947 74 2006 Si
97 1967 169 2026 ergo
195 1944 386 2002 humanarum
403 1947 530 2002 vitarum
551 1946 770 2018 diuturnitates,
798 1967 870 2023 quas
884 1951 997 2025 experti
1011 1968 1071 2008 non

40 2050 158 2102 sumus,
184 2027 271 2086 hodic
284 2026 389 2086 habere
404 2029 563 2085 creduntur
581 2031 733 2106 incognita
745 2031 827 2086 nobis
841 2033 919 2102 loca,
946 2052 997 2088 cur
1011 2052 1069 2088 non

39 2115 176 2172 habuisse
200 2111 357 2169 eradantur
380 2120 409 2168 ιι
432 2109 591 2186 temporat·
617 2113 663 2168 An
680 2130 751 2168 vero
770 2123 815 2169 ιιι
832 2113 968 2170 credibile
983 2117 1071 2172 elicui

42 2217 108 2255 esse
122 2196 196 2273 quod
208 2195 256 2252 hie
270 2214 329 2254 non
344 2204 402 2266 est,
430 2204 459 2251 et
477 2194 648 2252 incredibile
666 2205 710 2250 ιιι
722 2196 876 2271 aliquando
890 2197 982 2254 fuisse
996 2198 1071 2274 quod

42 2301 124 2364 nunc
138 2299 196 2338 non
215 2274 278 2336 esti

458 2363 578 2422 CAP.
620 2363 661 2422 X.

41 2463 83 2518 De
94 2461 255 2534 defferents'o
265 2477 333 2531 quae
342 2461 414 2514 inter
424 2459 561 2513 Hebraeos
577 2469 604 2512 et
618 2469 723 2512 nostros
736 2463 837 2516 codices
851 2463 976 2516 videntur
991 2479 1071 2515 aano-

388 2545 448 2582 rum
461 2530 566 2583 numeri
580 2529 723 2583 dissonare.

108 2626 252 2691 Quocirca
265 2624 321 2679 etsi
333 2624 410 2678 inter
423 2619 572 2676 Hebraeos
586 2629 615 2674 et
627 2628 745 2676 nostros
760 2620 873 2677 codices
888 2622 923 2677 de
937 2623 1002 2694 ipso
1016 2639 1070 2677 nu·

43 2724 127 2763 mero
140 2725 282 2764 annorum
305 2706 447 2762 nonnulla
467 2702 584 2760 videtur
607 2721 671 2758 esse
695 2703 848 2776 distantia,
878 2704 954 2781 quod
967 2705 1071 2781 ignoro

44 2809 105 2867 qua
117 2791 229 2848 ratione
241 2791 279 2845 sit
292 2790 414 2846 iactum:
440 2805 500 2844 non
514 2796 611 2843 tumen
623 2796 707 2844 tanta
720 2797 778 2859 est,
804 2798 838 2845 ιιι
856 2790 921 2846 illos
940 2787 1071 2844 homines

44 2885 106 2930 tarn
118 2876 275 2953 longaevos
289 2873 377 2929 luisse
388 2871 571 2929 dissentiant.
597 2871 672 2928 Nam
685 2874 748 2947 ipse
757 2871 841 2929 horno
849 2875 959 2947 primus
968 2871 1071 2944 Adam,

43 2969 112 3016 ante
131 2977 216 3034 quem
234 2959 372 3036 gigneret
389 2957 482 3014 filium
500 2957 550 3031 qui
574 2957 731 3030 appellatus
754 2966 797 3013 cst
814 2955 904 3030 Seth,
931 2957 1071 3030 ducentos

43 3045 169 3121 triginta
191 3059 283 3098 annos
305 3041 416 3097 vixisse
437 3041 582 3116 reperitur
601 3042 634 3096 in
652 3041 797 3098 codicibus
816 3044 939 3114 nostris,
965 3043 996 3098 in
1010 3039 1071 3097 He-

43 3128 138 3183 braeis
165 3135 263 3182 autem
289 3133 405 3181 centum
430 3126 553 3202 triginta
577 3123 754 3198 perhibetur.
799 3125 857 3183 Sed
874 3136 973 3200 postea
986 3143 1072 3200 quem

44 3229 109 3267 curn
124 3211 245 3288 genuit,
261 3209 460 3286 septingentos
472 3208 584 3263 vixisse
597 3209 704 3286 legitur
717 3210 750 3264 in
763 3211 892 3280 nostris,
916 3210 1071 3285 octingen-

45 3305 89 3350 tos
101 3311 174 3351 vero
194 3294 227 3350 in
240 3294 309 3349 illis.
352 3293 445 3366 Atque
462 3292 504 3346 ita
522 3292 554 3346 in
571 3294 723 3367 utriusque
740 3293 940 3348 universitatis
961 3308 1072 3346 sumnia

45 3378 211 3435 concordet.
255 3376 297 3433 Ac
321 3368 427 3434 deinde
453 3391 505 3448 per
536 3383 746 3449 consequentes
771 3377 976 3451 generationes
1004 3381 1073 3428 ante

43 3479 130 3536 quarn
151 3464 294 3541 gignatur
312 3462 361 3536 qui
380 3459 465 3537 gigni
483 3467 739 3527 commemoratur,
764 3459 860 3513 minus
875 3456 985 3513 vixisse
998 3451 1073 3527 apud

41 3542 195 3604 Hebraeos
209 3555 292 3620 pater
306 3545 368 3600 eius
380 3542 531 3600 invenitur
545 3550 660 3598 centum
672 3557 778 3597 annos:
806 3539 856 3596 scd
874 3546 975 3614 postea
987 3553 1073 3611 quam

40 3639 90 3686 est
105 3631 226 3710 genitus
245 3627 322 3684 idem
339 3630 416 3702 ipse,
444 3632 560 3682 centum
577 3625 671 3680 minus
691 3642 776 3698 quam
788 3625 819 3680 in
833 3620 976 3678 Hebraeis
989 3621 1073 3675 inve·

39 3715 165 3771 niuntur
187 3714 220 3770 in
243 3713 360 3769 nostris.
403 3710 497 3784 Atque
509 3709 551 3762 ita
562 3705 631 3764 hinc
644 3717 673 3764 et
690 3705 758 3763 inde
770 3707 885 3764 numeri
897 3704 1073 3761 universitas

38 3806 197 3855 consonat.
240 3795 275 3852 ln
288 3805 372 3852 sexta
385 3802 481 3851 autern
493 3793 684 3869 generatione
697 3807 839 3866 nusquam
858 3790 974 3864 utrique
994 3785 1073 3844 codi-

39 3899 93 3937 ces
107 3881 284 3956 discrepant.
326 3877 361 3936 ln
374 3878 495 3951 septima
508 3891 594 3947 vero,
613 3876 663 3932 ubi
675 3875 724 3930 ille
739 3877 889 3949 quinctus
904 3881 948 3930 ιιι
960 3868 1073 3944 Enoch,

88 3962 130 4021 ΙΙ.
758 3957 785 4016 D
