2530 4392
202 184 261 242 DE
289 185 507 247 clv1TATE
530 186 612 248 DEl
642 187 721 247 ΗΒ.
744 189 822 248 XX.
959 200 1016 258 311

68 340 126 396 illie
144 337 212 394 dieti
229 349 299 396 sunt
317 357 379 396 esse
393 341 424 396 in
436 342 641 409 monumentis,
665 343 722 416 ipsi
741 340 788 398 hio
801 343 976 406 dormientes
990 353 1020 408 in

52 442 101 480 rue
114 441 230 498 aggere,
243 425 291 478 vel
304 423 379 478 sieut
387 424 438 480 elii
451 425 634 500 interpretati
643 435 724 498 sunt,
738 427 769 482 in
781 437 881 485 terroe
887 431 1019 507 puluere.

52 507 126 562 sieut
135 506 184 580 ihi,
190 507 363 584 procedent,
378 505 487 567 dietum
496 516 554 566 est:
568 509 609 564 ita
619 505 676 580 hie,
690 521 859 586 exsurgent.
873 509 957 569 Sient
968 515 1018 586 ihi,

52 593 62 646 i
79 589 318 662 benefecerunt,
345 594 375 648 in
388 593 633 651 resurrectionem
645 594 742 668 uitoe;
768 595 819 670 qui
831 603 929 654 eutem
941 597 1020 654 mula

52 683 121 730 runt
137 675 166 730 in
184 676 428 732 resurrectionem
442 676 563 734 iuditii:
589 676 629 733 ita
643 685 687 731 est
701 677 759 732 isto
773 679 854 750 loeo,
877 676 922 734 Hi
935 681 964 736 in
977 682 1021 736 oi-

52 779 60 814 ι
78 767 239 828 ueternum,
267 767 296 815 et
312 757 346 814 te·
363 761 393 814 in
413 759 599 838 opprobrium
618 769 647 816 et
661 760 691 816 in
709 761 910 832 confusionem
924 773 1021 819 ueter-

52 861 74 896 n.
106 839 168 898 Non
181 849 280 898 autem
293 840 439 900 diversum
452 851 588 917 putetur,
613 842 689 917 quod
703 861 769 898 erum
780 843 821 898 ihi
833 846 958 918 positum
973 847 1021 916 sit,

52 942 106 982 rues
118 927 167 1002 qui
178 934 248 982 sunt
261 927 292 982 in
305 929 514 997 monumentis,
538 924 584 982 hie
599 945 659 984 uon
672 928 714 982 ait
726 924 880 1000 Propheta,
905 924 1021 998 Omnes,

64 1007 152 1066 Multi
163 1009 365 1066 dormientium
378 1012 408 1068 in
423 1021 525 1068 terroe
535 1029 656 1086 aggere.
676 1009 762 1067 Ponit
776 1012 853 1068 enim
867 1011 1022 1085 aliquando

52 1095 147 1168 iptura
163 1110 214 1165 pre
235 1092 367 1150 omnihus
385 1096 503 1150 multos.
540 1092 698 1168 Propterea
719 1103 748 1150 et
764 1093 896 1151 Abrahae
914 1095 1024 1154 dietum

52 1175 185 1238 ,Putrem
202 1175 362 1234 multorum
379 1180 511 1254 gentium
525 1179 618 1256 posui
632 1187 677 1234 te:
705 1178 753 1234 eni
765 1186 863 1235 tamen
877 1179 934 1234 alio
947 1180 1024 1248 loeo,

52 1261 162 1329 semine,
179 1259 284 1335 inquit,
304 1269 355 1318 tuo
370 1261 578 1320 benedicentur
591 1278 687 1322 omnes
700 1271 813 1336 gentes.
848 1260 894 1318 De
907 1263 959 1317 tali
972 1281 1024 1320 au·

52 1370 55 1401 ι
79 1345 293 1400 resurreetione
315 1341 382 1402 huie
405 1363 518 1421 quoque
541 1345 598 1418 ipsi
617 1343 780 1418 Prophetas
800 1344 920 1402 Danieli
936 1347 1025 1419 paulo

52 1439 61 1484 t
75 1427 195 1484 dieitur:
215 1425 258 1486 Et
271 1437 304 1484 tu
317 1431 393 1500 oeni,
407 1440 437 1490 et
450 1429 616 1506 requiesce:
630 1426 726 1486 adhue
740 1430 815 1486 enim
829 1429 891 1486 diet
907 1430 937 1486 in
951 1449 1026 1487 oom-

52 1515 147 1570 ²ionem
160 1516 440 1584 cousummationis,
464 1523 493 1570 et
504 1513 683 1589 requiesces,
706 1522 736 1570 et
748 1529 887 1590 resurges
900 1513 931 1568 in
945 1523 1026 1570 sorte

61 1599 92 1653 in
99 1594 164 1667 fine
177 1595 300 1652 dierum.

351 1693 473 1752 err.
515 1649 664 1751 xxru.

52 1775 154 1828 'saterris
164 1773 305 1828 Doridieis
318 1792 387 1844 puae
397 1776 428 1828 de
436 1775 496 1846 fine
506 1775 607 1828 soeculi
617 1775 696 1828 tatur
706 1785 734 1828 et
743 1777 883 1830 nouissimo
893 1775 948 1829 Dei
957 1777 1025 1830 iudi·

370 1845 440 1898 dicio
447 1845 652 1914 propitientur.

59 1936 153 1994 Multa
166 1935 201 1992 (le
214 1935 323 1992 iudicio
337 1938 496 1994 novissimo
511 1936 646 1995 dicuntur
658 1939 690 1993 in
703 1935 838 2008 Psalmis,
862 1937 913 1993 sed
926 1956 1025 1995 eorum

52 2040 75 2076 a
94 2029 281 2076 manusnotat
300 2029 330 2076 st
347 2021 479 2076 strictim.
513 2019 578 2076 Hoe
599 2029 696 2076 tamen
715 2020 794 2094 quod
814 2019 849 2075 (le
867 2020 926 2076 fine
938 2019 1022 2079 huius

52 2106 103 2161 :uli
115 2105 297 2179 apertissime
309 2101 420 2158 dietum
432 2111 477 2158 est
489 2102 541 2173 ibi,
560 2120 741 2176 nequaquam
754 2103 872 2160 silentio
884 2105 1024 2177 praeteri-

71 2187 222 2265 Prineipio
236 2197 351 2244 terrem
365 2197 398 2244 tu
411 2185 559 2258 fundasti
572 2183 712 2256 Domine,
737 2195 767 2242 et
780 2203 871 2264 opero
891 2205 1027 2242 munuum

52 2293 111 2330 rum
125 2282 195 2328 sunt
208 2271 289 2328 ooeli.
309 2266 377 2349 Ipsi
381 2269 535 2350 peribunt,
549 2279 582 2326 tu
595 2278 693 2326 nutem
698 2287 877 2347 permanes:
890 2279 919 2328 et
930 2288 1027 2328 omnes

54 2368 67 2414 t
80 2358 284 2413 uestimentum
296 2346 495 2424 veterescent,
509 2362 539 2410 et
550 2353 628 2410 siout
639 2355 818 2431 opertorium
831 2353 958 2412 mutabis
968 2372 1026 2424 eos,

52 2438 227 2496 rotabuntur
234 2457 244 2512 ,·
269 2448 301 2494 tu
326 2448 424 2496 eutem
446 2437 521 2494 idem
540 2438 602 2515 pose
620 2453 662 2506 es,
684 2447 714 2494 et
732 2439 805 2493 unni
822 2439 869 2496 tui
884 2457 940 2494 non
954 2437 1026 2510 defi-

53 2535 76 2580 t.
100 2520 177 2588 Quid
191 2530 236 2578 est
248 2520 325 2597 quod
337 2519 525 2596 Porphyrius,
539 2537 604 2576 eum
616 2521 755 2594 pietatem
766 2519 863 2576 laudet
875 2519 1025 2576 Hebraeo-

58 2648 67 2679 ,
94 2624 152 2680 qua
170 2623 294 2682 magnus
315 2613 344 2660 et
357 2623 443 2661 verus
457 2604 571 2677 stipsis
591 2603 760 2660 numinibus
779 2603 919 2659 terribilis
933 2603 968 2659 ab
983 2605 1025 2660 eis

52 2701 96 2748 tur
110 2688 209 2760 Deus,
230 2686 411 2746 Christianos
425 2688 461 2744 eh
473 2684 529 2744 hoe
544 2688 643 2765 arguit
654 2687 800 2742 maximae
813 2688 967 2760 stultitiae,
982 2695 1025 2744 et-

66 2792 106 2830 ex
128 2774 256 2830 oraculis
272 2771 393 2830 deorum
409 2789 546 2843 suorum,
573 2769 649 2847 quod
667 2770 756 2828 istum
774 2769 912 2828 mundum
925 2769 1026 2828 dieunt

52 2852 259 2933 eperituruml
285 2854 363 2914 Eece
385 2857 417 2912 in
440 2856 534 2914 literis
557 2855 674 2928 pietatis
692 2851 893 2912 Hebraeorum
919 2853 1026 2912 dieitur

52 2984 61 3012 ,
77 2960 168 3016 quem
180 2939 341 3000 confitente
355 2949 437 2998 tento
450 2936 631 3018 philosopho,
651 2939 739 2996 etiem
751 2939 813 3016 ipsu
826 2939 948 2997 numina
960 2957 1026 3015 per-

52 3033 182 3094 eseunt,
211 3020 312 3103 Opere
325 3043 461 3082 munuum
475 3034 594 3084 tuorum
607 3034 676 3082 sunt
689 3023 777 3095 coeli,
800 3025 862 3103 posi
872 3022 1024 3104 peribunt.

52 3109 139 3185 equid
153 3109 269 3185 quando
283 3111 360 3166 eoeli
371 3108 518 3183 peribunt,
542 3108 677 3178 mundus,
691 3108 773 3164 euius
786 3107 875 3164 iidem
887 3109 962 3164 eoeli
975 3125 1025 3164 su·

52 3213 84 3250 or
101 3211 173 3269 pers
195 3200 289 3248 estet
307 3193 410 3263 tutior,
432 3209 492 3248 nen
511 3187 635 3263 peribitl
664 3189 699 3246 Si
716 3188 788 3247 haee
805 3192 951 3247 sententia
964 3190 1026 3246 lori

52 3279 135 3350 lieet,
150 3276 250 3346 euius,
273 3283 306 3330 ut
318 3275 420 3332 serihit
432 3275 488 3328 iste
501 3270 703 3348 philosophus,
725 3275 805 3329 velut
816 3273 961 3350 gravioris
973 3290 1025 3328 au-

52 3363 137 3419 itatis
160 3359 281 3418 oraeulo
299 3359 330 3414 in
349 3355 582 3416 Christianorum
608 3353 780 3412 credulitate
798 3357 948 3428 enlpstur3
974 3373 1026 3410 eur

59 3446 205 3502 similiter
218 3442 406 3518 sapientiem,
430 3449 566 3515 unquam
578 3438 744 3506 stultitiam,
766 3439 863 3512 eulpat
875 3435 1025 3493 Hebraeo-

54 3571 65 3602 ,
91 3531 127 3586 in
143 3543 270 3604 quorum
283 3524 364 3584 libris
382 3524 519 3599 piissimis
533 3515 703 3579 inveniturl
726 3518 817 3577 Porro
831 3521 901 3577 siin
915 3521 965 3576 illa
978 3537 1025 3576 aa·

53 3614 99 3672 tia
114 3605 315 3690 [ludaeorum]
329 3625 402 3684 quoe
416 3604 577 3683 Porphyris
592 3615 652 3662 tam
665 3605 787 3662 multum
801 3605 904 3680 planet,
918 3613 951 3660 ut
963 3621 1026 3660 eam

52 3716 113 3754 um
128 3711 248 3771 quoque
261 3711 379 3754 suorum
396 3688 520 3750 vocibus·
535 3687 698 3764 praedicet,
720 3689 828 3767 legitur
846 3689 943 3746 eeelos
961 3705 1026 3744 esse

52 3791 155 3850 turos3
177 3797 231 3838 eur
242 3795 334 3854 usque
347 3773 419 3834 adeo
431 3793 507 3836 usne
519 3781 564 3830 est
575 3774 632 3828 ista
644 3771 770 3844 fallacia,
784 3773 859 3830 utin
873 3770 929 3829 fide
943 3769 1025 3830 Chri-

52 3881 172 3934 sorum,
186 3863 233 3922 vel
246 3862 324 3924 iuter
337 3869 466 3936 eastern,
489 3859 536 3918 vel
548 3875 617 3933 pras
630 3858 751 3914 caeteris
764 3854 819 3916 hoe
835 3855 1024 3930 detestentur,
