2602 4416
322 193 384 251 DE
408 191 625 252 CIVITATE
649 195 726 256 DEI
754 199 834 260 blB.
857 201 879 260 l.
1091 213 1111 268 9

78 351 205 419 cissent,
234 353 269 402 ut
289 349 321 402 in
343 363 491 421 quoquam
510 348 620 421 templo
637 349 755 406 caedem
769 354 817 408 vel
832 355 1030 427 captivitatem
1049 357 1112 414 lieri

73 425 284 506 prohiberent?

466 529 588 587 CAP.
636 531 723 590 Vll.

75 611 153 675 Quod
160 611 190 662 in
202 609 340 661 eversione
358 605 438 660 Vrbis
449 625 517 676 quae
527 627 621 679 cepere
628 623 710 731 perta
720 623 792 678 sunt,
803 615 834 666 de
843 619 1034 672 consuetudine
1044 623 1113 674 ocei-

73 681 164 733 derint
182 679 262 735 bellis
286 695 357 747 quoe
375 695 437 730 uero
455 681 611 744 clementer,
645 683 795 751 epotentiu
807 687 983 752 prouenerint
1000 691 1113 743 nonanis

540 747 650 802 Christi.

139 823 290 896 Quicquid
304 823 403 899 igitur
414 823 608 894 vastationis,
627 824 848 897 trucidationis,
864 827 1112 903 depraedationis,

76 907 343 976 concremationis,
369 903 553 977 afflictionis,
570 907 603 963 in
616 907 675 964 ista
687 910 891 966 recentissima
905 910 1038 970 Romana
1052 916 1111 970 cla-

76 991 111 1046 de
131 991 326 1050 commissum
344 996 406 1059 est,
438 988 511 1044 fecit
536 987 593 1046 boc
618 991 803 1050 consuetudo
828 993 981 1051 bellorum.
1025 997 1111 1063 Quod

75 1083 174 1129 autem
187 1090 272 1128 more
288 1090 369 1128 novo
383 1071 496 1128 iactum
509 1081 569 1144 est,
598 1073 677 1149 quod
690 1076 835 1132 inusitata
848 1095 948 1134 rerum
966 1079 1043 1134 facie
1056 1081 1110 1136 im-

76 1158 201 1213 manitas
219 1155 347 1212 barbara
360 1164 421 1211 tam
433 1157 514 1212 mitis
528 1159 683 1230 apparuit,
709 1167 744 1216 ut
762 1161 959 1233 amplissimae
972 1162 1111 1218 basilicae

75 1237 239 1312 implendae
252 1241 364 1312 populo
380 1240 429 1294 cui
447 1247 635 1312 parceretur,
663 1243 847 1320 eligerentur
866 1252 896 1298 et
914 1243 1110 1300 decerneren-

77 1333 142 1393 tur,
168 1323 220 1378 ubi
233 1339 321 1378 nemo
335 1322 495 1393 feriretur,
510 1321 590 1378 unde
603 1341 690 1380 nemo
704 1333 876 1397 raperetur,
896 1343 954 1399 quo
968 1327 1113 1382 liberandi

77 1407 161 1462 multi
177 1423 195 1460 a
213 1405 426 1460 miserantibus
451 1402 587 1462 hostibus
608 1405 812 1478 ducerentur,
840 1405 920 1463 unde
945 1409 1112 1482 captivandi

79 1491 133 1544 ulli
152 1505 240 1543 neca
268 1485 437 1544 crudelibus
451 1483 585 1544 hostibus
604 1487 839 1562 abducerentur;
862 1487 919 1546 boc
933 1489 1044 1548 Christi
1056 1510 1111 1548 no-

79 1572 166 1634 mini,
191 1569 247 1626 hoc
262 1569 432 1627 Christiano
447 1573 573 1644 tempori
586 1571 776 1630 tribuendum
790 1573 925 1648 quisquis
943 1592 1005 1630 non
1018 1574 1110 1646 videt,

78 1669 200 1726 coecus3
236 1655 374 1728 quisquis
385 1653 478 1724 videt,
502 1672 559 1710 nec
572 1655 691 1728 laudat,
717 1657 871 1734 ingratus,
898 1658 1032 1731 quisquis
1046 1659 1111 1714 lau-

76 1738 158 1794 danti
170 1740 356 1808 reluctatur,
383 1739 508 1792 insanus
522 1746 576 1794 est.
619 1738 722 1810 Absit,
754 1748 789 1796 ut
804 1739 936 1813 prudens
956 1741 1112 1816 quisquam

75 1821 130 1876 boc
151 1821 269 1876 feritati
291 1822 419 1894 imputet
432 1819 639 1878 Barbarorum.
689 1821 974 1880 Truculentissinras
995 1832 1025 1878 et
1045 1841 1111 1878 sae-

76 1907 213 1962 vissimas
235 1912 351 1959 mentes
369 1905 420 1958 ille
445 1905 569 1975 terruit,
596 1907 645 1962 ille
671 1906 835 1977 fraenarit,
863 1907 914 1961 ille
938 1907 1113 1962 mirabiliter

74 1989 269 2062 temperarit,
295 1987 347 2060 qui
367 2005 421 2060 per
433 1984 608 2058 Prophetam
624 1997 707 2044 tanto
721 1997 791 2046 ante
803 1987 965 2062 praedixit:
997 1987 1111 2046 Visite-

75 2072 106 2128 bo
120 2074 152 2127 in
163 2073 258 2146 virge
269 2071 446 2145 iniquitates
461 2089 576 2140 eorum,
604 2082 633 2128 et
652 2073 682 2128 in
694 2071 831 2146 flagellis
846 2081 979 2149 peccota
999 2059 1140 2144 eorum‚·'

76 2153 314 2212 misericordium
327 2163 426 2209 autent
439 2171 533 2208 meum
545 2173 602 2210 non
616 2155 788 2230 dispergam
810 2154 846 2210 ab
862 2155 914 2211 eis.

459 2265 582 2325 CdP.
625 2267 736 2324 Vlll.

77 2348 116 2400 lle
127 2348 273 2400 commodis
282 2356 365 2415 utque
374 2345 561 2412 incommodis,
572 2365 648 2430 ‘puae
658 2347 733 2468 ponis
743 2364 776 2400 oe
785 2347 864 2402 molis
875 2350 1032 2417 plerumq-ue
1046 2363 1114 2400 eom-

502 2434 596 2470 munaa
610 2434 660 2470 sun
675 2456 682 2469 .

138 2492 229 2548 Diect
242 2491 365 2563 aliquis:
392 2487 453 2546 Cur
466 2509 539 2568 ergo
553 2493 612 2548 ista
632 2490 733 2548 divina
750 2490 956 2547 misericordia
969 2492 1058 2546 etiarn
1077 2488 1114 2544 cd

80 2576 184 2646 impios
199 2576 397 2650 ingratosque
407 2570 563 2645 perveniti
591 2573 652 2632 Cur
665 2583 815 2647 putamus,
829 2574 890 2628 nisi
903 2574 973 2644 quin
988 2573 1114 2626 camille

80 2658 224 2728 praebuit,
238 2653 430 2729 quiquotidie
437 2655 526 2726 fucit
540 2657 619 2712 oriri
631 2657 812 2712 solomanum
823 2653 1007 2729 superiores
1016 2661 1113 2708 etmo-

84 2740 138 2806 los,
151 2738 367 2814 etpluitauper
381 2739 474 2794 iustos
487 2748 517 2796 et
530 2734 677 2794 iniustos?
691 2736 832 2803 Quamvis
846 2735 926 2792 euim
939 2732 1114 2810 quidemca-

83 2839 146 2876 rum
164 2821 221 2875 ista
241 2823 424 2898 cogitantes,
452 2819 632 2895 poenitendo
659 2819 695 2876 ab
719 2819 870 2892 impietate
888 2836 920 2874 se
947 2817 1115 2896 corrigant3

80 2903 197 2978 quidam
212 2921 282 2960 vero
298 2897 311 2974 (
318 2904 399 2959 sicut
409 2902 569 2978 Apostolus
584 2899 673 2982 dicit)
702 2902 827 2960 divitius
846 2902 990 2960 bonitatis
1005 2911 1035 2958 et
1054 2899 1116 2956 lon-

78 2987 271 3061 ganimitatis
285 2985 347 3043 Dei
359 2997 593 3057 contemnentes,
606 2987 765 3044 seeundum
785 2985 931 3042 duritiam
949 2983 1048 3040 cordis
1068 2983 1118 3038 sui

80 3079 108 3124 et
124 3087 176 3124 cnr
190 3070 386 3144 impoenitens
405 3067 610 3128 thesaurizent
624 3069 682 3127 sibi
699 3070 777 3125 irum
791 3069 822 3123 in
836 3067 884 3125 die
898 3067 965 3124 irae
983 3077 1013 3122 et
1030 3084 1115 3122 reve·

79 3151 202 3206 lationis
217 3153 293 3206 iusti
306 3151 414 3210 iudicii
424 3150 494 3220 Dei,
509 3154 560 3228 qui
571 3153 677 3210 reddet
686 3152 843 3227 unicuique
857 3149 1013 3206 secundum
1023 3165 1117 3228 opero

79 3235 157 3288 eius:
172 3231 288 3288 Tamen
301 3235 446 3305 patientia
458 3233 516 3289 Dei
526 3234 563 3290 ad
577 3235 791 3309 poenitentiam
800 3233 908 3290 invitat
921 3233 1024 3302 malos,
1038 3232 1117 3286 sicut

80 3313 230 3392 flagellum
242 3313 302 3371 Dei
315 3315 353 3370 ad
366 3317 539 3390 patientiam
553 3317 652 3376 erudit
663 3318 767 3372 bonos.
800 3313 933 3389 Itemque
946 3315 1115 3368 misericor-

80 3397 125 3452 dia
138 3397 200 3455 Dei
216 3398 363 3456 fovendos
383 3401 570 3473 amplectitur
588 3401 699 3470 bonos,
723 3400 802 3456 sicut
822 3399 966 3455 severitas
984 3395 1050 3451 Dei
1060 3409 1115 3464 pu-

83 3481 205 3537 niendos
221 3483 348 3554 corripit
366 3484 467 3538 malos.
510 3481 628 3539 Placuit
641 3483 749 3558 quippe
773 3482 892 3539 divinae
910 3475 1115 3556 prouidentiae

83 3579 258 3637 praeparare
271 3565 303 3619 in
316 3573 470 3637 posterum
486 3565 564 3622 bona
582 3567 687 3636 iustis,
712 3565 819 3640 quibus
839 3580 901 3618 non
915 3561 1055 3614 fruentur
1069 3559 1116 3614 iu-

83 3645 164 3716 iusti;
193 3656 226 3701 et
238 3646 316 3701 mala
329 3648 443 3719 impiis,
470 3648 576 3722 quibus
590 3666 651 3704 nou
669 3646 922 3704 excruciabuntur
934 3640 1014 3696 boni.
1058 3639 1119 3696 lata

85 3745 148 3784 sero
162 3730 343 3800 temporalia
352 3730 431 3787 bona
445 3739 475 3784 et
486 3733 563 3786 mala
584 3731 720 3804 utrisque
743 3728 840 3784 voluit
854 3741 920 3778 esse
935 3725 1117 3780 eommunia:

86 3818 182 3868 utnee
201 3813 281 3867 bona
303 3811 440 3885 cupidius
458 3821 646 3885 appetantur,
669 3828 745 3884 quiae
772 3809 841 3866 mali
868 3823 984 3879 quoque
1011 3803 1119 3860 habere
