2538 4392
199 213 262 272 DE
278 215 506 278 divinans:
532 219 611 279 nni
635 221 716 280 hlB.
738 223 868 286 xvlln
997 235 1055 293 lea

33 365 175 444 iphigenia
191 367 272 444 regis
292 367 518 447 Agamemnonis
535 369 605 430 lilia.
640 371 744 450 Neque
763 379 842 435 enim
863 379 1053 442 daemonibus

32 451 137 508 iudieie
149 447 202 506 Dei
219 452 371 524 permissis
388 450 556 512 huiusmodi
572 459 751 536 praestigiae
769 460 900 520 difficiles
919 483 983 522 esse
1000 485 1052 542 po-

30 541 158 592 tuerunt:
171 531 222 588 sed
234 534 303 608 quia
316 535 367 590 illa
378 537 464 614 virgo
477 547 579 611 postea
591 541 659 597 viva
673 553 789 616 reperta
803 555 859 616 est,
873 551 1052 622 suppositam

27 636 82 694 pra
94 617 142 672 illa
154 633 266 672 nervam
281 635 357 690 esse,
370 619 458 700 facile
472 623 624 700 oognitum
637 633 692 680 est.
721 624 803 683 Socii
816 647 887 685 vero
901 629 1053 689 Diomedis

27 701 97 778 quie
110 717 244 775 nusquam
257 699 353 757 subito
367 715 609 778 comparuerunt,
636 716 666 763 et
676 717 780 782 pastea
793 713 872 768 nullo
886 715 951 770 loeo
965 733 1052 792 appa·

25 791 156 855 ruerunt,
167 781 356 856 perdentibus
364 787 564 846 eosultorihus
578 790 793 868 angelismalis,
803 795 834 850 in
843 813 968 854 easaves
979 817 1054 874 quae

23 885 81 944 pro
91 867 145 923 illis
154 875 223 924 suut
233 869 346 925 oaeualte
357 886 395 926 ex
404 871 469 926 aliis
479 872 564 944 loeis,
574 873 625 930 uhi
636 883 681 930 est
689 873 743 932 hoe
754 896 850 956 genus
859 881 967 952 avium,
975 881 1011 938 ad
1019 900 1054 938 ea

23 955 91 1009 loca
102 950 265 1025 perductae,
278 970 313 1008 ae
325 962 447 1026 repente
459 956 641 1030 suppositae,
659 958 818 1017 ereduntur
831 981 895 1018 esse
909 967 1053 1022 conversi.

23 1033 111 1103 Quod
123 1041 214 1092 autem
226 1033 377 1092 Diomedis
391 1037 423 1092 in
437 1039 574 1113 templum
586 1058 691 1116 squam
702 1045 809 1100 rostris
822 1043 948 1104 afferunt
960 1058 990 1104 et
1002 1048 1053 1106 ad·
1153 1109 1157 1118 ,

22 1126 176 1198 spergunt,
197 1125 228 1174 et
240 1117 318 1195 quod
330 1117 521 1178 blandiuntur
535 1121 743 1204 Graeoigenis‚
757 1129 940 1208 alienigenas
953 1149 1053 1206 persa-

21 1211 160 1278 quuntur,
172 1200 337 1258 mirandum
349 1221 410 1260 non
424 1212 470 1260 est
482 1203 548 1262 fieri
561 1205 736 1266 daemonum
748 1211 908 1284 instinctu;
929 1232 1054 1288 quorum

20 1289 155 1357 interest,
167 1285 344 1360 persuadere
357 1285 442 1343 deum
455 1287 566 1345 laetum
580 1309 644 1348 esse
658 1290 841 1367 Diomedem,
855 1295 893 1353 ad
905 1296 1054 1372 desipien-

21 1371 76 1426 dos
87 1367 226 1440 homines,
239 1377 273 1426 ut
288 1368 377 1426 falsos
391 1369 461 1428 deos
474 1389 542 1428 eum
553 1376 618 1431 veri
630 1374 689 1433 Dei
701 1377 811 1434 iniuria
822 1381 930 1436 multos
945 1383 1054 1453 colant,

18 1463 52 1510 et
64 1452 381 1525 hominihusmartuis‚
407 1457 458 1530 qui
478 1471 533 1513 nee
556 1475 622 1514 oum
643 1460 793 1534 viverent,
817 1481 888 1520 vere
903 1464 1054 1535 vixerunt,

17 1538 150 1612 templis,
174 1535 331 1608 altaribus,
355 1539 527 1612 sacrifieiis,
552 1541 752 1600 sacerdotibus
778 1540 864 1628 (quae
877 1547 976 1604 omnia
990 1567 1052 1607 eum

15 1627 101 1680 reeta
116 1629 191 1693 sunt,
205 1638 266 1678 nou
280 1621 339 1678 nisi
351 1623 405 1679 uni
417 1621 482 1681 Deo
494 1625 564 1684 viva
578 1635 608 1682 et
619 1643 690 1684 vero
703 1626 862 1708 debentur)
880 1632 1053 1690 inserviant

396 1773 520 1834 CAP.
562 1775 676 1836 XIX.

14 1869 98 1937 Quod
106 1885 137 1922 eo
147 1873 265 1939 tempore
273 1869 379 1926 Aeneae
391 1871 422 1926 ιἰι
435 1871 548 1926 leudam
563 1876 680 1942 ιιιιιιίε,
699 1893 751 1947 quo
761 1876 874 1931 Lahdon
884 1878 970 1930 ludex
977 1893 1053 1945 praa·

408 1942 513 1996 ridebat
521 1943 664 1998 Hebraeis.

68 2047 117 2105 Eo
130 2055 260 2122 tempore
271 2058 338 2124 post
351 2059 465 2124 captam
479 2049 600 2108 Troiam
612 2063 701 2128 atque
714 2051 850 2124 deletam,
864 2053 977 2108 Aeneas
991 2069 1055 2108 ouen

11 2131 128 2212 viginti
145 2131 284 2204 navibus,
306 2131 409 2207 quihus
427 2132 622 2207 portabantur
636 2138 778 2210 reliquiae
790 2135 1001 2205 Troianorum,
1025 2136 1057 2191 in

11 2217 133 2275 ltaliam
144 2215 243 2285 venit,
266 2224 413 2296 regnante
425 2215 467 2271 ihi
480 2214 603 2290 Latino,
617 2226 647 2274 et
660 2218 737 2296 apud
750 2217 943 2276 Athenionem
956 2215 1057 2274 Mene-

11 2301 112 2372 stheo,
128 2297 205 2374 apud
219 2297 375 2376 Sicyonios
389 2298 559 2376 Polyphide,
575 2301 650 2376 apud
663 2302 799 2379 Assyrios
813 2301 962 2374 Tautane;
982 2299 1059 2376 apud

11 2385 170 2443 Hebraeas
191 2392 289 2440 autem
303 2381 394 2440 ludex
407 2383 528 2440 Lahdon
547 2385 612 2442 fuit.
646 2385 765 2444 Mortuo
779 2395 876 2444 autem
888 2384 995 2442 Latino
1009 2403 1056 2441 re-

11 2469 122 2549 gnavit
134 2467 249 2522 Aeneas
264 2467 358 2524 tribus
372 2469 470 2539 annis,
495 2467 605 2524 eisdem
616 2469 649 2525 in
662 2469 835 2544 supradietis
848 2470 921 2524 loeis
934 2487 1057 2525 manen-

11 2555 90 2610 :ihus
106 2551 242 2629 regibus,
256 2551 314 2607 nisi
328 2551 406 2626 quad
416 2549 625 2628 Sicyoniorum
638 2554 697 2608 iam
709 2551 851 2630 Pelasgus
865 2561 939 2622 erat,
953 2561 983 2607 et
996 2549 1057 2606 He·

11 2627 273 2694 ›rasorumludex
286 2631 428 2692 Samson:
442 2635 492 2711 qui
506 2653 574 2692 oum
585 2636 759 2692 mirabiliter
772 2634 859 2691 fortis
872 2643 960 2705 esset,
973 2643 1058 2709 puta-

11 2739 55 2777 :us
70 2727 122 2776 est
134 2715 291 2774 Hercules.
329 2715 389 2774 Sed
406 2717 550 2791 Aeneam,
575 2721 714 2796 quoniam
725 2717 840 2796 quando
853 2725 989 2774 mortuus
1003 2727 1058 2788 est,

11 2823 69 2862 son
87 2803 270 2876 comparuit,
284 2799 371 2858 deum
384 2801 442 2858 sihi
454 2801 590 2860 lecerunt
603 2801 711 2860 Latini.
740 2801 844 2861 Sabini
857 2802 945 2858 etiam
958 2819 1059 2880 regem

11 2906 96 2943 ιιιιιιιι
111 2886 244 2962 primum
257 2883 387 2943 Sancum
401 2881 577 2966 [Sangam],
592 2887 655 2944 siue
669 2897 703 2944 nt
715 2887 807 2964 aliqui
820 2885 969 2962 appellant
981 2881 1058 2943 San·

11 2982 109 3042 num,
136 2971 308 3026 retulerunt
328 2971 361 3026 in
374 2970 453 3027 deos.
484 2970 542 3028 Per
557 2971 634 3028 idem
647 2981 761 3046 tempus
775 2969 888 3030 Codrus
901 2987 956 3026 rex
969 2969 1058 3028 Athe-

11 3055 166 3112 densium
180 3051 451 3134 Peloponnensihus
467 3055 597 3112 eiusdem
608 3053 741 3114 hostibus
756 3057 885 3114 civitatis
898 3073 930 3110 se
944 3053 1059 3112 interfi-

11 3137 155 3196 iendum
170 3139 292 3216 ignotas
305 3137 426 3196 ohieeit:
441 3148 471 3195 et
482 3135 592 3196 laetum
606 3148 658 3196 est.
685 3137 849 3196 Hoe'modo
863 3157 929 3194 eum
941 3137 1059 3211 praedi-

11 3232 76 3280 ant
90 3223 227 3298 patriam
242 3219 393 3277 liberasse.
427 3219 613 3296 Responsum
631 3223 710 3278 enim
729 3229 903 3295 aaeeperant
915 3219 1059 3294 Pelopon·

15 3323 134 3377 enses,
150 3316 226 3364 tuno
240 3304 356 3362 demum
369 3320 401 3360 se
414 3313 614 3379 superaturos,
635 3306 662 3360 si
675 3321 778 3360 eorum
790 3319 892 3381 regem
906 3319 966 3358 non
980 3303 1059 3358 ocei-

11 3393 137 3447 issent.
153 3387 276 3446 Fefellil
289 3406 360 3466 ergo
375 3405 425 3445 eos
437 3385 539 3445 hahita
549 3388 685 3462 pauperis
699 3385 879 3462 apparando,
894 3393 924 3439 et
933 3384 965 3439 in
977 3399 1061 3439 suam

11 3493 114 3531 ecem
129 3491 189 3549 per
203 3473 333 3551 iurgium
345 3469 541 3546 provocando.
564 3470 648 3528 Vnde
661 3471 703 3526 ait
715 3469 874 3548 Virgilius:
891 3466 952 3523 Aut
964 3467 1061 3544 iurgia

11 3558 107 3616 odri.
157 3555 202 3615 Et
219 3554 298 3613 huno
312 3552 507 3612 Athenienses
524 3563 666 3631 tanquam
678 3553 765 3610 deum
782 3549 995 3609 saerilieiorum
1007 3547 1060 3606 ho·

11 3661 76 3702 ore
102 3643 280 3699 coluerunt.
311 3640 421 3706 Quarto
444 3637 618 3696 Latinorum
636 3655 709 3716 rege
733 3635 827 3694 Silvia
846 3633 963 3692 Aeneae
986 3631 1061 3705 filio,

11 3745 61 3785 sn
79 3725 124 3782 de
140 3722 274 3796 Creusa,
300 3722 335 3779 de
354 3741 411 3798 qua
425 3722 484 3780 luit
496 3723 656 3792 Ascanius,
677 3721 728 3796 qui
741 3720 846 3776 tertios
859 3717 901 3774 ihi
913 3718 1061 3796 regnavit,

11 3810 46 3868 d
65 3809 110 3866 de
126 3808 260 3866 Lavinia
272 3805 371 3866 Latini
384 3805 456 3878 illia,
469 3806 556 3882 quem
568 3801 752 3880 posthumum
765 3802 879 3860 Aeneas
894 3799 998 3859 dieitur
1009 3800 1060 3856 ha-

11 3895 125 3966 sisse;
148 3892 344 3969 Assyriorum
357 3898 456 3951 satem
467 3889 608 3951 viee'simo
623 3896 653 3944 et
667 3903 746 3946 nouo
761 3885 857 3959 Oneo,
870 3894 901 3945 et
911 3883 1060 3948 Melantho
