2602 4416
265 169 330 227 DE
366 167 595 228 CIVITATE
631 171 713 230 DEl
750 175 828 233 LlB.
857 178 896 236 ΙΙ.
1063 185 1105 244 ³⁹

56 322 178 399 Semper
211 322 377 388 discentes,
405 320 501 376 etad
525 323 666 378 veritatis
684 326 841 382 scientiam
866 345 1010 408 nunqnam
1031 351 1105 410 por.

55 409 218 463 canentes.

475 483 602 541 CAP.
645 487 693 544 ll.

244 563 290 616 De
300 563 357 627 bic,
378 579 448 632 quac
459 564 549 632 primo
563 567 694 619 columine
711 569 837 635 expedita
847 581 920 623 ιιιιιι.

117 655 294 728 Superiore
312 655 416 728 itaque
429 655 523 725 libro,
551 674 616 710 euno
630 655 805 714 decivitate
820 657 879 716 Dei
897 661 998 718 dicere
1016 664 1102 720 insti-

54 741 195 809 tuissem,
220 736 305 794 unde
318 733 376 792 boc
392 738 564 794 universum
579 757 668 812 opus,
695 741 746 796 illo
760 740 938 816 adiuvante,
952 747 984 802 in
997 764 1102 804 manus

55 832 184 878 sumtum
205 830 272 890 est,
301 822 436 876 occurrit
455 819 527 876 mihi
545 821 782 894 respondendum
805 843 870 881 esse
889 830 1027 901 primitus
1047 831 1101 900 eis,

56 909 101 981 qui
113 905 191 962 haec
206 905 289 960 belle
304 903 414 978 quibus
427 903 556 962 mundus
569 906 626 962 iste
640 908 816 979 conteritur,
840 913 1026 988 maximeque
1038 910 1100 970 Ro-

55 1007 155 1046 manae
170 988 261 1044 urbis
276 995 433 1042 recentem
452 1005 471 1044 a
488 987 625 1044 Barbarie
642 991 841 1052 vastationem
854 992 1038 1052 Christianae
1052 1013 1101 1050 re-

55 1074 157 1150 ligioni
171 1072 336 1142 tribuunt,
365 1087 424 1144 qua
442 1067 636 1144 probibentur
655 1072 791 1130 nefandis
810 1077 968 1134 sacrificiis
987 1079 1101 1136 servire

56 1155 267 1212 daemonibus:
299 1171 369 1210 oum
381 1155 482 1228 potius
495 1152 551 1210 boc
565 1153 706 1214 deberent
717 1158 849 1216 tribuere
862 1159 997 1231 Christo,
1022 1160 1102 1236 quod

59 1248 174 1312 propter
187 1239 260 1294 eius
275 1254 389 1293 nomen
404 1245 509 1294 contra
522 1239 696 1296 institutum
708 1258 878 1315 moremque
887 1244 1044 1314 bellorum,
1059 1243 1101 1298 eis

59 1341 109 1397 quo
124 1321 353 1400 confugerent,
380 1321 523 1398 religiosa
543 1330 573 1378 et
587 1323 767 1394 amplissime
786 1325 852 1378 loce
869 1323 993 1380 Barbari
1010 1325 1102 1380 libera

63 1405 279 1477 praebuerunt3
297 1412 390 1478 atque
404 1405 436 1460 in
448 1406 549 1461 multis
563 1404 738 1462 famulatum
751 1403 881 1462 debitum
894 1403 1023 1476 Christo,
1041 1424 1102 1464 uon

64 1489 152 1544 solun
166 1507 296 1558 verum,
323 1485 377 1542 sed
396 1488 484 1544 etiam
500 1490 607 1544 timore
627 1487 788 1546 confictum
805 1489 849 1546 sic
865 1487 1100 1562 honoraverunt,

65 1579 95 1625 ut
105 1571 177 1645 quod
197 1573 233 1626 in
253 1587 311 1626 eos
325 1569 396 1626 belli
409 1571 475 1626 iure
489 1570 555 1626 fieri
573 1573 725 1642 licuisset,
752 1573 889 1630 illicitum
902 1573 959 1630 sibi
973 1591 1039 1628 esse
1052 1575 1099 1629 iu-

61 1652 193 1712 dicarent.
208 1652 289 1710 Inde
301 1651 411 1710 incidit
423 1655 570 1729 quaestio,
585 1673 639 1712 cur
652 1653 724 1710 baec
740 1653 841 1712 divina
854 1655 998 1712 beneficia
1010 1657 1100 1712 etiam

58 1737 90 1792 ad
106 1739 214 1812 impios
235 1739 439 1814 ingratosque
458 1739 667 1810 pervenerint,
696 1746 726 1792 et
745 1757 800 1794 cur
816 1739 868 1794 illa
889 1735 993 1794 itidem
1015 1736 1100 1809 dure,

57 1840 123 1894 quac
134 1820 299 1876 hostiliter
312 1818 393 1875 fecte
407 1826 493 1890 sunt,
514 1819 580 1892 pios
592 1838 660 1876 cum
678 1821 775 1892 inpiis
794 1821 906 1894 periter
918 1817 1098 1878 afflixerinti

57 1905 141 1970 Quam
156 1902 376 1978 quaestionem
387 1919 442 1975 per
455 1903 547 1958 multa
558 1899 704 1972 diffusam,
718 1904 763 1963 lin
778 1903 913 1960 omnibus
930 1905 1009 1962 enim
1024 1922 1099 1978 quo·

55 1987 167 2044 tidionis
195 1987 250 2042 vel
274 1981 336 2052 Dei
357 1984 531 2042 muneribus
555 1986 604 2040 vel
625 1982 777 2042 bominum
804 1985 947 2058 cladibus,
972 2004 1099 2060 quorum

56 2080 175 2145 utreque
201 2069 285 2126 bene
305 2085 341 2122 ac
364 2069 443 2122 mole
467 2068 636 2124 viventibus
662 2070 808 2142 permixte
835 2077 925 2142 atque
938 2068 1099 2126 indiscrete

57 2171 134 2226 saepe
149 2150 314 2221 occidunt,
342 2150 443 2206 solent
454 2153 562 2207 multos
576 2154 723 2222 movere,l
743 2160 777 2208 ut
789 2169 843 2224 pro
857 2152 989 2225 suscepti
1002 2153 1099 2224 operis

58 2238 236 2292 necessitato
251 2232 460 2304 dissolverem,
487 2235 673 2308 aliquantum
685 2236 857 2292 immoratur
872 2253 954 2308 sum,
972 2236 1099 2292 niaxime

57 2319 88 2374 ad
100 2316 310 2376 consolandas
324 2325 444 2374 sanctos
460 2316 586 2374 feminas
602 2325 633 2372 et
646 2318 694 2390 pie
708 2327 816 2390 castos,
830 2319 862 2374 in
876 2320 982 2393 quibus
995 2319 1030 2374 ab
1043 2316 1097 2374 ho-

58 2411 96 2457 ste
109 2399 230 2476 aliquid
244 2408 451 2473 perpetratum
466 2408 521 2470 est,
537 2399 616 2475 quod
629 2401 732 2456 intulit
743 2401 941 2456 verecundiae
956 2400 1098 2470 dolorem,

57 2487 107 2540 etsi
123 2503 190 2540 non
211 2483 341 2538 abstulit
358 2481 521 2554 pudicitiae
550 2482 734 2552 firmitatem
759 2502 798 2538 ne
816 2484 970 2555 poeniteat
989 2500 1039 2538 ees
1052 2484 1098 2537 vi-

56 2577 110 2638 tae,
135 2583 215 2641 quas
229 2583 295 2620 nou
318 2573 365 2622 est
385 2563 465 2622 uude
486 2566 582 2638 possit
606 2565 758 2636 poenitere
778 2565 939 2636 nequitiae.
984 2562 1100 2618 Deinde

56 2667 147 2723 peuce
159 2649 227 2704 dixi
239 2649 275 2704 in
290 2665 353 2717 eos,
374 2649 426 2722 qui
439 2645 626 2704 Christianos
640 2644 773 2700 adversis
791 2646 850 2698 illis
864 2644 952 2699 rebus
966 2640 1098 2716 effectos,

61 2741 90 2786 et
105 2733 266 2804 praecipue
282 2729 427 2804 pudorem
444 2729 649 2788 humilitatum
671 2727 864 2798 semiustum,
890 2727 1023 2802 quumvis
1051 2745 1099 2784 ea-

60 2823 169 2870 starum
183 2823 277 2888 atque
297 2822 486 2886 tariotarum,
513 2812 708 2888 protervitate
720 2809 975 2884 impudentissima
993 2812 1096 2889 exagi-

58 2906 129 2968 tant,
156 2916 228 2956 cum
248 2897 312 2954 sint
337 2897 514 2972 nequissimi
540 2895 856 2966 etirreverentissimi,
881 2895 972 2972 louge
997 2895 1096 2952 abeis

57 2982 125 3053 ipsis
132 2979 286 3038 Romanis
298 2978 476 3057 degeneres,
489 2997 613 3054 quorum
620 2980 772 3053 praeclare
785 2979 883 3034 multa
895 2977 1056 3036 laudantur
1069 2987 1099 3034 et

57 3065 227 3121 litterarum
239 3065 386 3120 memorie
413 3061 610 3134 celebrantur,
636 3063 724 3118 immo
750 3062 869 3118 illorum
880 3062 994 3138 gloriae
1006 3059 1096 3118 vehe-

56 3155 171 3204 menter
194 3145 325 3202 adversi.
369 3143 494 3203 Romam
511 3145 617 3220 quippe
637 3153 753 3218 portam
769 3153 905 3202 veterum
923 3153 1098 3218 auctamque

56 3229 226 3300 laboribus,
247 3227 416 3286 foediorem
432 3237 559 3288 stantem
578 3229 714 3286 fecerant
739 3243 826 3302 quam
838 3236 989 3284 ruentem:
1004 3245 1098 3302 quen·

57 3310 216 3387 doquidem
230 3313 263 3368 in
276 3312 368 3371 ruina
382 3313 446 3369 eius
463 3310 574 3384 lapides
587 3319 617 3368 et
629 3311 723 3388 ligna,
742 3311 774 3388 in
788 3311 913 3366 istorum
926 3319 1025 3366 eutem
1037 3309 1099 3364 vite

59 3397 166 3467 onnie,
190 3413 254 3452 non
266 3411 434 3466 nurerum,
452 3393 504 3450 sed
517 3411 632 3452 morum
645 3395 827 3450 munimenta
840 3401 929 3468 atque
941 3405 1098 3447 ornamen-

60 3485 88 3530 ta
105 3477 308 3548 ceciderunt,
335 3493 405 3534 cum
424 3475 637 3534 funestioribus
658 3493 761 3532 eorum
781 3473 870 3532 eorde
889 3469 1098 3547 cupiditatibus

60 3575 142 3632 quun
155 3561 283 3638 ignibus
298 3569 378 3616 tecte
392 3559 472 3616 illius
487 3559 568 3616 urbis
581 3558 730 3616 arderent.
775 3558 888 3625 Quibus
907 3553 1011 3620 dictis,
1037 3553 1099 3624 pri·

59 3659 135 3700 nium
149 3643 316 3701 terminavi
328 3642 447 3700 librum.
483 3641 631 3715 Deinceps
647 3642 747 3714 itaquo
761 3639 860 3696 dicere
874 3635 1002 3707 institui,
1023 3651 1098 3709 quae

59 3727 131 3782 nala
147 3727 259 3782 civiter
282 3727 336 3783 illa
362 3741 502 3801 perpessa
529 3725 569 3782 sit
593 3724 628 3780 eb
656 3723 862 3798 originem,
890 3717 1048 3793 siveepud
1067 3735 1099 3774 sc

60 3805 166 3881 ipsene,
181 3809 294 3866 sivein
308 3808 472 3881 provinciis
486 3808 543 3866 sibi
560 3807 618 3864 iam
631 3802 785 3868 subdistis:
814 3818 888 3876 quoe
904 3802 1001 3859 omnio
1015 3798 1100 3858 Chri-
