2586 4396
261 198 319 259 DE
343 199 557 260 ClVl'l'ATE
579 199 655 260 DEl
683 201 761 261 ΜΒ.
783 203 872 262 XVl.
1030 209 1070 267 87

30 351 210 414 ostendens
223 352 264 410 ita
278 371 310 410 ee
323 356 435 429 operari
452 372 504 429 per
520 355 669 412 ministros
689 374 776 427 suos,
799 365 832 412 ιιι
845 357 904 412 sint
917 360 1002 416 etiem
1015 363 1071 436 ipsi

29 444 255 514 cooperatores
267 434 340 508 Dei,
360 439 434 494 sieut
452 437 605 514 Apostolus
622 439 706 497 dicit:
733 437 793 497 Dei
809 440 883 496 enim
898 457 994 498 eumue
1007 462 1071 501 eoo-

51 540 175 582 eraree.
250 549 253 556 ι
381 563 385 570 .

24 542 49 601 p
260 647 265 668 .
454 603 476 663 C
498 605 524 662 A
544 604 575 661 P.
618 605 678 662 Vl.

91 683 197 749 Quoto
205 681 377 753 intelligenda
388 684 424 737 eit
434 701 489 738 esee
498 685 606 750 locutio,
626 703 678 756 quo
688 685 763 740 Dese
772 685 883 758 Angelis
894 688 1021 758 loquitur.

96 773 225 832 Poterat
237 781 267 829 et
279 770 360 843 illud
373 774 486 849 quando
497 773 650 834 seruirent
661 775 757 850 homo,
771 776 805 834 de
816 779 935 858 Angelis
947 780 1073 859 intelligi

25 857 124 939 qnod
137 856 248 914 dietum
260 865 322 927 est,
338 853 662 932 Parmenionem,
683 863 823 937 quianon
834 861 925 934 dixit,
943 861 1072 920 Feriam:

27 943 92 1003 sed
107 941 183 1018 qnia
195 940 342 1016 sequitur,
362 941 406 998 ‘od
416 944 572 1020 irrogarem
584 953 732 1019 nostram
755 944 836 1002 nefas
850 957 895 1002 ert
907 944 1024 1002 eredere
1037 946 1074 1002 ad

28 1027 208 1105 imaginem
220 1023 397 1102 Angelorum
408 1023 553 1084 hominem
565 1025 683 1099 laomen,
696 1038 747 1084 ent
759 1029 878 1086 eandem
892 1049 956 1086 esse
968 1031 1072 1108 imagi-

28 1132 109 1171 nem
128 1109 312 1186 Angelorum
330 1116 359 1164 et
376 1106 448 1180 Dei3
473 1110 540 1166 ideo
558 1120 637 1168 reete
655 1112 716 1167 illie
731 1112 905 1191 intelligitur
921 1113 1072 1190 pluraliter

28 1192 309 1258 Trinitatis-Quae
322 1200 419 1248 temen
430 1191 571 1264 Trinitas,
585 1196 652 1269 quie
663 1212 737 1250 unus
749 1204 792 1250 est
801 1194 894 1266 Deus,
910 1197 997 1254 etiam
1008 1215 1073 1253 eum

28 1281 183 1346 dixisset,
194 1272 369 1332 Faciamus:
389 1273 431 1332 Et
439 1275 533 1348 feeit,
551 1278 657 1353 inquit,
670 1275 752 1335 Deus
765 1277 903 1336 hominem
916 1280 956 1336 od
968 1281 1073 1356 imagi-

29 1380 109 1422 nem
124 1357 204 1416 Dei:
229 1375 291 1415 non
304 1357 395 1430 dixit,
409 1357 554 1416 Feeerunt
567 1359 621 1430 dii,
642 1370 714 1430 ent,
728 1360 764 1416 ed
777 1363 933 1440 imegdnem
946 1361 1072 1418 deorum.

28 1447 171 1504 Poterat
184 1451 212 1498 et
227 1439 275 1498 hie
293 1441 392 1498 eedem
408 1443 534 1521 intelligi
548 1441 695 1516 Trinitas,
717 1451 854 1522 tanquam
866 1443 953 1502 Pater
966 1444 1073 1510 dixerit

27 1530 70 1589 ad
85 1527 205 1586 Filium
218 1534 247 1580 et
262 1523 404 1599 Spiritum
423 1536 570 1598 sanemur,
599 1525 714 1599 Vestite,
737 1537 767 1586 et
785 1529 989 1587 descendentes
1006 1549 1080 1586 eoas

20 1611 210 1691 fundamus
228 1609 270 1666 tlt
286 1608 416 1686 linguam
433 1627 546 1686 eorum
570 1612 597 1667 ei
615 1609 725 1688 aliquid
741 1621 834 1684 esset,
857 1611 934 1688 quod
946 1612 1072 1692 Angelos

27 1695 215 1776 prohiberet
226 1693 366 1771 intelligi:
380 1694 589 1769 quibuspetius
602 1697 739 1754 convenit
749 1697 850 1753 venire
861 1695 897 1752 ad
907 1694 1001 1752 Deum
1012 1715 1072 1752 mo-

29 1782 123 1840 tibus
138 1777 262 1848 saumis,
281 1774 337 1832 hoe
350 1785 405 1850 est,
425 1778 651 1856 cogitatiom'lns
663 1780 730 1854 piis,
744 1779 847 1856 quibus
860 1780 895 1837 el>
909 1780 952 1836 eis
966 1797 1072 1836 eonsu-

27 1869 114 1924 litur
126 1859 374 1918 incommutabilis
386 1858 512 1933 Veritas,
525 1871 661 1939 tanquam
673 1865 722 1918 lex
735 1873 854 1920 aeterna
866 1865 899 1921 in
910 1865 961 1920 illa
975 1881 1073 1919 eorum

29 1950 125 2008 ouria
139 1943 278 2020 superne.
299 1941 401 2020 Neque
414 1947 491 2002 enim
504 1943 561 2002 ribi
571 1947 628 2021 ipsi
641 1956 709 2002 eunt
720 1949 841 2018 reritns3
861 1946 912 2004 sed
923 1947 1073 2003 creatricis
1158 2011 1159 2016 ἵ

27 2031 205 2112 participes
219 2026 369 2100 Veritatis,
383 2026 420 2083 ed
431 2029 512 2084 illam
523 2039 688 2100 moventur,
707 2032 845 2104 'tunquam
857 2029 894 2086 ad
906 2029 1016 2093 fontem
1029 2031 1073 2084 ri-

27 2131 97 2188 tae,
112 2123 151 2170 ut
165 2110 242 2188 quod
254 2129 314 2168 non
327 2108 434 2168 hebent
447 2129 485 2167 ex
497 2130 527 2167 se
540 2112 623 2186 ipsis,
639 2113 754 2187 sapient
767 2128 805 2168 ex
817 2114 887 2188 ipsa.
929 2111 970 2167 Et
983 2108 1073 2188 [ideo]

28 2217 150 2260 eorum
163 2193 277 2252 stabilis
291 2203 335 2250 est
348 2195 403 2250 iste
416 2204 525 2264 motus,
551 2211 608 2270 que
626 2196 763 2266 veniunt,
789 2196 838 2270 qui
850 2213 911 2252 non
922 2193 1073 2251 recedunt.

27 2285 107 2344 Nee
123 2281 169 2336 sie
181 2279 310 2354 loquitur
322 2277 443 2358 Angelis
454 2275 545 2349 Deus,
559 2277 700 2354 quomodo
713 2297 766 2335 nos
780 2279 907 2336 invitem
920 2279 1014 2350 nobis,
1027 2278 1075 2334 rel

28 2370 126 2437 Deo,
141 2363 192 2420 rel
203 2362 341 2440 Angelis,
353 2363 400 2418 vel
413 2361 470 2440 ipsi
480 2362 586 2444 Angeli
599 2361 697 2436 nolis,
710 2364 772 2420 sire
784 2382 836 2438 per
848 2364 914 2421 illos
925 2362 1007 2421 Deus
1020 2381 1074 2420 no·

28 2457 99 2524 bis3
130 2445 186 2504 sed
198 2441 337 2502 ineffabili
351 2464 404 2502 ruo
418 2443 519 2518 modo,
539 2445 622 2502 nobis
631 2454 732 2502 eutem
745 2443 799 2502 hoe
813 2447 960 2503 indicatur
973 2451 1075 2502 no‘rtro

28 2535 138 2595 modo.
163 2527 223 2588 Dei
240 2529 344 2605 quippe
363 2527 512 2584 sublimior
529 2537 597 2584 ente
616 2547 700 2584 suum
717 2527 826 2586 lectrum
839 2531 963 2600 locutio,
986 2530 1075 2604 ipsius

30 2622 88 2678 sui
102 2617 179 2672 lecti
192 2621 238 2670 est
249 2611 434 2668 immutabilis
449 2612 541 2683 ratio,
567 2629 642 2686 quae
655 2609 814 2669 nonhabet
827 2630 929 2668 sonum
943 2619 1074 2689 strepen-

31 2717 106 2762 tem
121 2707 209 2773 etque
222 2705 432 2767 transeuntem,
448 2695 499 2751 sed
510 2695 570 2756 vim
583 2695 758 2772 sempiterne
770 2705 946 2766 manentem,
961 2705 990 2750 et
1003 2703 1075 2750 tem-

31 2783 191 2865 poraliter
203 2789 379 2854 operantem.
414 2775 479 2836 liae
490 2779 619 2858 loquitur
631 2777 712 2836 Deus
725 2779 845 2860 Angelis
859 2780 979 2852 sanetis,
993 2778 1075 2835 nobis

30 2878 147 2929 autern
160 2865 247 2922 aliter
257 2863 345 2944 longe
357 2863 469 2942 positis.
484 2862 607 2931 Quando
621 2872 716 2922 autem
728 2864 814 2920 etiam
824 2881 878 2920 nos
887 2861 997 2942 aliquid
1009 2863 1076 2919 talis

30 2951 207 3014 locutionis
222 2946 411 3006 interioribus
423 2948 539 3006 auribus
554 2949 694 3021 cepimus,
707 2947 828 3032 Angelis
841 2949 1075 3028 propinquemus.

29 3040 111 3099 Non
125 3037 228 3109 itaque
241 3029 312 3086 mihi
324 3031 439 3088 assiduo
458 3029 605 3089 reddenda
618 3041 664 3089 est
676 3033 751 3089 ratio
765 3033 796 3089 in
809 3031 863 3089 hoe
876 3023 971 3108 Opere
984 3031 1076 3088 de'lo-

30 3117 217 3182 cutionibue
231 3113 298 3170 Dei.
331 3115 389 3172 Ant
401 3117 478 3176 enirn
490 3114 606 3174 Veritas
619 3116 862 3174 incommutabilis
875 3135 927 3191 per
940 3135 972 3172 se
985 3118 1077 3192 ipsam

29 3201 238 3266 ineffabiliter
248 3198 378 3274 loquitur
390 3199 705 3258 rationalisereeturae
719 3200 875 3271 mentibus,
888 3209 938 3256 aut
949 3217 1001 3274 per
1011 3217 1075 3256 mu-

28 3279 164 3348 taln‘lem
180 3291 342 3340 ereaturam
354 3283 500 3357 loquitur,
524 3283 586 3339 sire
600 3281 775 3358 spiritalibus
789 3281 963 3358 imaginibus
976 3290 1075 3337 nostro

32 3371 176 3450 spiritui,
190 3369 253 3423 sive
267 3366 464 3444 corporalibus
478 3365 597 3422 vocibus
612 3367 741 3441 eorporis
755 3366 863 3420 sensui.

107 3450 186 3510 lllnd
200 3467 271 3506 sene
285 3447 361 3525 qued
375 3449 483 3506 dietum
497 3457 557 3524 est,
582 3447 624 3506 Et
640 3467 716 3505 nuno
734 3465 790 3504 non
809 3447 946 3522 deficient
965 3463 1001 3503 ex
1015 3443 1075 3502 illis

26 3541 154 3608 omnio,
170 3553 248 3614 quae
259 3533 360 3590 eonati
369 3531 493 3608 fuerint
503 3531 630 3608 sonere:
649 3550 709 3588 non
722 3531 830 3586 dietum
843 3539 888 3584 est
897 3527 1075 3586 'confirman-

26 3627 86 3698 do,
106 3620 164 3678 sed
178 3627 318 3696 tanquam
330 3615 553 3698 interrogando,
572 3616 648 3671 sieut
660 3615 733 3670 solet
746 3631 764 3668 a
776 3609 1017 3670 comminantibus
1031 3607 1075 3664 di-

25 3713 74 3782 ei,
92 3699 343 3784 quemadmodum
356 3701 397 3757 ait
410 3700 540 3778 quidam:
559 3697 625 3758 Non
638 3715 718 3754 erma
732 3695 895 3774 expedient,
909 3695 1025 3770 totaque
1039 3709 1076 3748 ex

24 3795 118 3853 urbe
138 3779 320 3863 sequenturl
343 3783 481 3862 sicergo
501 3782 700 3858 accipiendum
711 3790 769 3854 est,
795 3789 934 3858 tanquam
957 3777 1076 3848 dixerit,

22 3877 155 3940 Nonne
170 3870 269 3928 omnia
282 3867 416 3925 deficient
430 3869 549 3940 exiliis,
565 3883 638 3943 quae
652 3865 750 3923 eonati
764 3863 872 3921 inerint
884 3857 995 3920 funerei
1019 3859 1076 3917 Sed
