2530 4392
181 207 235 266 DE
259 207 475 266 ctvtunTE
502 207 583 266 DEI
609 209 692 268 utu.
715 209 796 268 XX.
952 216 1011 277 285

63 368 146 430 erunt,
158 358 305 418 adiurante
315 359 373 418 Dei
384 361 482 440 gratia
493 380 546 437 pcr
559 361 825 420 considerationem
837 361 1007 442 Scriptura·

57 485 65 514 ‚
78 443 208 518 inquibus
221 452 250 500 et
262 446 319 501 alia
333 454 363 500 ct
376 445 444 500 finis
458 447 521 520 ipse
533 448 756 520 praenuntiatus
772 457 831 518 est,
857 465 942 524 quem
955 471 1006 508 re·

70 529 119 582 iam
131 528 264 600 sentiunt,
288 529 324 586 ad
338 527 514 585 credendum
529 529 605 604 quod
619 549 679 586 non
693 530 866 602 credebant,
889 531 1006 590 futuros

69 610 211 682 firmiores,
237 621 266 668 et
287 611 324 668 ad
343 611 519 685 vincendum
537 615 625 669 ctiam
646 631 706 669 non
721 615 846 692 ligatum
859 614 1007 672 diabolum

55 696 128 750 iores.
155 693 231 762 Quod
251 697 277 750 si
294 697 336 753 ita
354 697 425 766 erit,
448 706 602 772 propterea
613 701 810 772 praecessisse
825 695 949 754 dicenda
964 708 1009 754 cst

65 780 192 856 alligatio,
207 788 240 835 ut
253 789 282 836 ct
295 781 381 857 ligati
394 788 424 834 et
437 782 526 836 soluti
541 781 717 856 exspoliatio
732 792 920 858 sequeretur:
935 799 1007 858 quo-

55 883 65 917 ι
77 862 109 918 dc
120 861 168 918 hac
179 881 209 918 re
223 862 331 920 dictum
346 871 401 934 est,
432 861 507 932 Qun
521 863 649 922 intrabit
663 865 693 920 s‘n
707 864 819 922 domam
834 865 951 937 fortis,
976 876 1009 922 at

55 966 60 1001 ι
73 949 129 1004 eins
141 948 256 1024 rapiat,
270 949 331 1004 nisi
337 949 429 1024 prino
442 947 618 1024 alligaverit
624 945 767 1020 fortem?

373 1114 495 1172 CAP.
541 1113 608 1172 tx.

54 1213 103 1265 tss't
117 1227 222 1282 regnans
231 1221 387 1264 sanctorum
397 1228 457 1263 cam
468 1209 578 1264 carneo
590 1229 642 1281 per
656 1214 728 1266 mitte
743 1229 841 1277 annos,
863 1225 889 1266 et
908 1215 938 1268 in
957 1231 1009 1283 qno

271 1281 443 1334 discernatur
453 1299 470 1334 a
481 1299 566 1351 regno
582 1292 701 1336 aeterno.

56 1382 151 1430 nterea
167 1371 233 1428 dum
250 1373 330 1428 mille
350 1374 437 1428 annis
457 1373 566 1450 ligatus
581 1383 627 1430 est
640 1373 788 1446 diabolus,
815 1375 909 1430 sancti
925 1370 1009 1448 [Dei]

54 1466 101 1512 unt
115 1473 177 1512 cum
189 1454 305 1513 Christo
320 1457 408 1512 etiam
425 1458 497 1530 ipsis
511 1459 591 1514 mille
602 1460 689 1515 annis
702 1457 812 1516 eisdem
825 1459 890 1514 sine
911 1455 1009 1529 dubio,

54 1539 116 1595 dem
128 1539 211 1596 modo
223 1539 440 1617 intelligendis,
465 1539 495 1596 id
514 1551 574 1614 est,
598 1545 655 1598 isto
676 1544 734 1598 iam
751 1552 882 1617 tempore
900 1542 1009 1614 prioris

53 1623 196 1680 adventus.
226 1621 356 1698 Excepto
371 1625 477 1700 quippe
491 1625 541 1680 illo
555 1645 661 1704 regno,
676 1624 711 1681 dc
726 1644 783 1700 quo
796 1627 828 1682 in
841 1624 901 1692 fine
915 1623 1008 1682 dictu-

53 1718 91 1777 st,
119 1705 218 1764 Venite
234 1707 381 1764 benedicti
392 1705 498 1765 Patrs'a
511 1711 582 1779 mes',
596 1711 751 1787 possidete
763 1719 912 1787 paratum
929 1708 1009 1766 nobis

53 1811 103 1861 ara,
117 1792 174 1846 nisi
185 1791 242 1848 alio
254 1792 352 1866 aliquo
365 1792 469 1862 modo,
482 1793 572 1870 longe
585 1793 702 1869 quidem
715 1794 836 1869 impari,
859 1793 917 1848 iam
931 1809 1009 1848 nune

53 1884 128 1931 arent
140 1893 206 1930 cum
219 1875 269 1930 illo
282 1876 377 1932 sancti
391 1877 469 1947 eiua,
495 1877 600 1951 quibus
615 1879 670 1948 nit,
697 1875 774 1934 Ecce
792 1894 846 1952 ego
864 1875 1008 1935 astacon

55 1976 144 2035 usqae
168 1961 498 2015 inconsummationem
523 1960 653 2033 saecula]
678 1960 811 2033 profecto
836 1976 897 2014 non
921 1960 1010 2015 etiarn

58 2042 204 2098 diceretur
212 2039 348 2098 Ecclesia
358 2059 486 2118 regnum
497 2043 571 2113 eius,
586 2061 750 2119 regnumve
763 2043 919 2098 coelorum.
935 2039 1010 2098 Nom

52 2146 64 2181 e
78 2127 136 2182 isto
150 2135 281 2200 tempore
295 2125 327 2180 in
340 2142 435 2200 reguo
449 2123 508 2180 Dei
522 2124 654 2180 eruditur
672 2125 768 2180 scriba
780 2125 846 2194 ille,
872 2123 922 2196 qui
940 2140 1010 2196 pro-

52 2208 219 2266 ethcsauro
235 2227 289 2266 suo
303 2225 381 2264 novo
395 2217 425 2262 et
438 2217 550 2277 vetera,
571 2207 607 2263 tle
621 2225 677 2283 quo
691 2225 782 2282 supra
794 2207 884 2263 locuti
897 2223 1009 2262 sumus.

58 2293 198 2350 Ecclesia
212 2292 363 2348 collecturi
376 2299 446 2348 suut
458 2292 574 2348 zizania
586 2309 731 2348 messores
745 2291 800 2362 illi,
814 2307 888 2366 quae
901 2291 1009 2364 permi-

52 2398 77 2433 m
92 2379 196 2433 tritico
210 2378 296 2432 simul
308 2393 443 2432 creseere
456 2393 551 2451 usque
564 2375 601 2432 ad
613 2393 754 2432 messem:
768 2373 845 2450 quod
858 2391 1009 2448 exponens

52 2460 153 2519 ilessis
179 2470 226 2518 est
243 2458 321 2531 finis
344 2458 466 2529 saeculi,
492 2475 641 2517 messores*
659 2468 757 2516 autem
770 2457 888 2534 Angeli.
924 2455 1011 2515 Sicut

52 2545 231 2622 alligantur
243 2545 382 2612 zizania,
408 2553 438 2600 et
451 2544 518 2618 igni
529 2543 752 2611 coroborentur,
766 2542 810 2598 ss'c
824 2542 884 2598 ers't
898 2541 929 2596 s'n
943 2559 1011 2596 con-

52 2631 156 2685 atione
177 2626 309 2686 saecnls‘:
336 2628 437 2684 mittet
455 2623 553 2684 Filius
573 2625 698 2682 hominis
717 2623 846 2701 Angelos
871 2639 953 2693 suos,
981 2632 1011 2679 et

52 2722 98 2769 ant
112 2713 150 2768 de
163 2730 260 2787 regno
274 2711 337 2768 eius
351 2711 453 2766 omnia
466 2709 621 2766 scandala.
635 2707 784 2783 Numquid
794 2706 830 2763 de
842 2724 936 2783 regno
948 2707 1010 2777 illo,

52 2797 103 2851 rlln
118 2805 195 2852 sunt
209 2789 365 2850 scandala?
391 2793 438 2849 De
453 2793 511 2849 isto
525 2811 597 2872 ergo
611 2811 705 2870 regno
719 2793 799 2863 eius,
814 2788 891 2866 quod
904 2799 950 2846 est
962 2788 1010 2846 hic

52 2881 106 2951 rin,
123 2880 316 2958 colligentur.
361 2876 435 2934 ltcm
449 2877 533 2934 dicit:
565 2876 626 2946 Qut
637 2876 762 2934 solverit
775 2893 864 2932 annm
878 2873 914 2932 de
927 2893 1011 2930 man-

52 2966 121 3020 istio
134 2965 288 3032 minimis,
302 2971 332 3020 et
346 2962 482 3020 docuerit
495 2963 539 3019 ss'c
551 2960 695 3030 homines,
709 2957 1011 3016 minimaovocabs'tur·

52 3066 91 3104 no
107 3046 280 3106 coeloram:
303 3047 354 3123 qui
366 3045 601 3117 antemfecers't,
617 3055 647 3102 et
660 3045 705 3100 sic
719 3043 870 3112 docuerit,
884 3057 1011 3118 magnas

53 3141 110 3187 tar
134 3132 168 3188 s'n
188 3146 283 3205 regno
297 3129 451 3186 coelorum.
495 3127 658 3203 Vtrumque
672 3127 743 3184 dicit
755 3129 787 3183 in
802 3145 896 3203 reguo
912 3126 1011 3180 coelo-

52 3223 71 3268 tt
86 3215 142 3288 qui
158 3231 224 3270 nou
237 3211 309 3268 facit
321 3209 459 3266 mandata
472 3227 545 3284 quoe
556 3211 655 3280 docet,
668 3209 723 3265 hoc
738 3219 782 3266 est
792 3211 871 3264 euim
885 3209 1010 3276 solvere,

52 3315 177 3367 errare,
208 3313 269 3352 non
283 3294 397 3364 facere;
423 3302 452 3347 et
460 3293 547 3348 illum
561 3295 611 3367 qui
624 3292 708 3362 facit,
735 3293 822 3347 etsie
837 3289 933 3346 docet:
961 3287 1012 3343 sed
1086 3323 1093 3331 -

56 3382 244 3451 minimum,
270 3379 354 3434 illum
372 3393 521 3452 magnum.
563 3374 603 3430 Et
617 3377 758 3432 contiuuo
772 3381 890 3430 secutus
904 3369 1011 3426 adiun-

52 3464 120 3522 >s'co
137 3462 330 3534 enimvobis,
344 3461 417 3538 qaia
429 3459 490 3515 ns'ss'
502 3459 701 3516 abundaverit
713 3457 834 3513 iustitia
847 3463 949 3512 vestra
962 3469 1012 3508 aa·

52 3548 210 3604 ribararn
224 3556 254 3605 et
266 3543 514 3613 Pharisaeorum,
537 3541 567 3598 id
581 3551 640 3612 est,
654 3558 740 3615 super
754 3539 898 3594 iustitiam
910 3553 1012 3592 corum

52 3633 152 3687 lvuut
174 3629 257 3705 quod
274 3629 390 3686 docent.
435 3624 481 3682 De
493 3624 606 3683 Scribis
620 3625 699 3680 enim
713 3631 742 3678 et
754 3620 920 3677 Pharisaeis
940 3619 1013 3676 dicit

52 3733 99 3772 ro:
117 3759 121 3764 .
137 3711 294 3782 Quoniam
310 3713 429 3779 dicant,
456 3719 486 3767 et
507 3728 564 3767 non
578 3709 717 3780 faciant.
756 3704 823 3763 Nisi
836 3723 907 3783 ergo
926 3721 1013 3779 super

52 3797 229 3854 nudaverit
242 3797 354 3854 iustitia
369 3803 485 3865 vestra,
498 3792 529 3850 id
542 3802 603 3864 est,
617 3801 716 3850 utros
729 3809 790 3848 non
804 3790 941 3860 solvatis,
963 3785 1012 3843 sed

52 3902 56 3936 ι
74 3883 193 3957 potius
210 3879 287 3956 quod
300 3880 426 3936 docetis:
452 3896 509 3936 noa
523 3877 696 3947 intrabitis,
710 3876 824 3951 inquit,
846 3877 1013 3950 inrogatam
