2590 4396
220 259 256 314 18
446 247 543 305 DlVl
564 243 752 304 AVRELll
774 242 1032 302 AVGVSTINI

217 406 342 483 pitolino
355 399 547 477 praesideret,
562 396 655 453 adhuc
667 397 730 470 ipsa
743 397 774 450 in
790 397 856 451 loeo
870 397 995 474 ignobili
1008 399 1146 453 latitaret.
1170 398 1261 466 Quae

218 501 317 546 tamen
331 487 358 542 si
371 485 503 541 omnium
516 481 637 536 deorum
650 486 743 534 mater
757 487 818 550 est,
833 497 894 535 non
909 482 1005 536 solum
1018 490 1119 537 secuta
1134 490 1178 536 est
1191 479 1257 538 Ro-

218 591 294 628 mam
308 567 450 645 quosdam
463 566 539 620 filios
556 579 642 634 suos,
669 581 773 618 verum
787 571 816 618 et
829 564 904 619 alios
916 565 1079 638 praecessit
1104 565 1190 619 etiam
1205 584 1257 619 se-

219 663 352 712 cuturos.
395 649 488 707 Miror
501 664 591 715 sane,
606 647 633 700 si
645 647 708 720 ipsa
720 647 836 718 peperit
849 645 1105 722 Cynocephalum,
1120 648 1170 722 qui
1185 649 1259 703 lon-

218 757 255 816 ge
269 744 370 812 postea
394 731 477 788 venit
491 742 529 784 ex
540 728 684 806 Aegypto.
728 728 833 785 Vtrum
857 731 945 787 ctiam
968 730 1022 786 dea
1035 731 1137 788 Febris
1152 748 1190 785 ex
1203 732 1261 786 illa

219 827 287 878 nato
302 819 357 886 sit,
375 812 483 870 viderit
495 812 689 884 Aesculapius
703 829 850 886 pronepos
864 814 937 869 eius.
983 812 1042 870 Sed
1057 813 1261 888 undecunque

218 911 287 958 nata
300 899 354 967 sit,
369 914 431 952 non
443 887 577 972 (opinor)
593 894 744 951 audebunt
757 913 820 950 eam
831 897 995 973 ignobilem
1005 897 1104 953 dicere
1116 895 1157 952 dii
1167 915 1262 970 pere-

218 982 299 1060 grini
324 978 409 1036 (leam
434 980 529 1035 civem
543 977 713 1034 Romanam.
742 999 743 1002 ¹
758 976 819 1034 Sub
833 977 889 1034 boc
900 988 945 1035 tot
959 979 1081 1036 deorum
1093 979 1262 1054 pracsidio,

218 1082 291 1139 quos
305 1079 462 1118 numerare
476 1063 542 1136 quis
557 1057 672 1137 potasti
692 1059 849 1138 indigenas
864 1071 894 1116 et
906 1064 1106 1140 alienigenas,
1122 1064 1262 1134 caeliteS,

216 1155 392 1216 terrestres,
406 1144 556 1216 infernos,
570 1145 712 1214 marinos,
723 1143 874 1215 fontanos,
888 1142 1038 1216 fluviales3
1054 1154 1093 1216 et,
1112 1155 1146 1202 ut
1158 1144 1263 1202 Varro

218 1229 301 1300 dicit,
316 1237 413 1284 certor
428 1236 517 1302 atquc
530 1229 678 1298 incertos,
693 1228 725 1282 in
740 1226 933 1301 omnibusque
946 1229 1105 1304 generibus
1120 1228 1264 1296 deorum,

218 1315 297 1369 sicut
309 1313 342 1368 in
354 1311 545 1381 animalibus,
560 1327 655 1365 mares
670 1317 700 1364 ct
713 1305 861 1365 feminast
895 1308 955 1366 Sub
967 1309 1024 1366 hoc
1038 1322 1109 1386 ergo
1123 1319 1170 1364 tot
1183 1309 1264 1366 deo-

218 1415 285 1452 rum
297 1393 445 1469 praesidio
460 1395 623 1450 constituta
637 1390 746 1464 Roma,
772 1410 834 1448 non
847 1401 912 1448 tanr
920 1394 1035 1470 magnis
1047 1401 1079 1447 et
1095 1389 1265 1450 horrendis

224 1477 366 1546 cladibus,
389 1477 486 1548 quales
505 1493 541 1532 ex
555 1475 653 1529 multis
670 1491 775 1546 paucas
795 1474 1036 1543 commemorabo,
1054 1474 1160 1548 agitari
1175 1471 1262 1529 affli-

223 1559 310 1634 gique
328 1557 433 1612 debuit.
477 1555 571 1612 Nimis
590 1557 667 1610 caim
683 1555 788 1610 multos
806 1555 873 1612 deos
890 1555 994 1632 grandi
1011 1554 1089 1608 fumo
1107 1572 1169 1623 suo,
1188 1563 1261 1610 tan-

224 1657 309 1712 quam
326 1640 409 1714 signo
428 1638 494 1692 dato
513 1638 549 1693 ad
573 1639 725 1692 tuitoiaem
745 1647 986 1714 congregaveram
1017 1637 1119 1710 quibus
1136 1639 1260 1710 templa,

224 1722 341 1791 altaria,
375 1719 532 1790 sacrificia,
563 1719 726 1775 sacerdotes
756 1720 932 1775 instituendo
965 1729 1050 1793 atque
1080 1719 1260 1792 praebendo,

224 1821 365 1859 summum
382 1821 483 1858 verum
500 1800 610 1872 Deum,
634 1802 680 1856 cui
697 1801 748 1856 uni
766 1800 837 1856 haec
855 1804 911 1856 rite
930 1811 1012 1878 gesta
1031 1801 1183 1872 debentur,
1209 1803 1261 1856 of-

224 1885 362 1940 fenderet.
388 1883 428 1938 Et
441 1883 555 1939 felicior
569 1883 684 1957 quidem
699 1901 763 1938 cum
775 1884 958 1954 paucioribus
972 1885 1060 1939 vixit:
1082 1884 1132 1938 sed
1146 1894 1260 1956 quanto

224 1968 316 2022 maior
339 1966 417 2022 faeta
441 1973 499 2036 est,
526 1967 601 2021 sicut
618 1966 701 2022 naris
719 1972 837 2034 nautas,
863 1973 942 2020 tanto
962 1966 1058 2036 plures
1078 1965 1260 2024 adhibendos

219 2053 348 2126 putarit:
376 2048 479 2120 crcdo,
500 2047 657 2122 desperans
670 2046 825 2118 pauciores
839 2047 920 2116 illos,
939 2048 993 2103 sub
1011 2046 1116 2120 quibus
1130 2045 1163 2100 in
1177 2063 1263 2100 com-

219 2137 374 2209 paratione
387 2133 497 2209 peioris
511 2132 591 2187 vitae
604 2130 710 2184 melius
723 2129 857 2200 vixerat,
883 2147 945 2184 non
960 2127 1094 2184 sufficere
1108 2126 1144 2183 ad
1159 2129 1264 2201 opitu·
1292 2127 1293 2192 J

219 2217 340 2274 landum
356 2214 518 2294 granditati
532 2231 612 2269 suae.
655 2209 754 2266 Primo
769 2213 848 2266 enim
861 2212 914 2267 sub
928 2213 999 2286 ipsis
1013 2211 1146 2288 regibus,
1169 2229 1265 2265 exce·
1292 2251 1293 2260 ,

220 2309 270 2372 pto
284 2299 381 2355 Numa
396 2297 556 2370 Pompilio,
583 2293 619 2350 de
633 2312 692 2370 quo
706 2295 765 2350 iam
779 2313 867 2368 supra
879 2296 996 2351 loeutus
1013 2313 1094 2365 sum,
1115 2301 1265 2368 quantum
1292 2317 1293 2348 1

220 2383 329 2438 inalum
342 2378 517 2517 disperdiosi
532 2378 703 2434 certaminis
716 2377 791 2448 fuit,
817 2376 895 2451 quod
909 2377 1030 2436 fratrem
1043 2376 1164 2433 Romuli
1190 2382 1276 2450 coii-¹
1292 2407 1293 2410 ¹

219 2467 265 2542 git
278 2463 374 2522 occidi

599 2543 720 2602 CAP.
763 2541 884 2600 Xlll.

301 2624 361 2689 Quo
369 2625 441 2688 iore,
461 2625 630 2696 quofoedere
641 2622 758 2676 Bouiani
768 2623 936 2676 obtinuerint
942 2622 1033 2690 priam
1045 2622 1179 2690 coniugia.

284 2713 437 2782 Quomodo
464 2732 520 2770 acc
544 2713 635 2786 luno,
662 2731 737 2788 quae
764 2711 979 2768 cumloresuo
995 2713 1184 2769 iamfovebat
1196 2711 1265 2768 Ro-

220 2817 323 2857 manos
338 2817 439 2853 rerum
452 2795 602 2867 dominos,
628 2805 807 2874 gentemque
820 2803 969 2872 togatam,
996 2815 1051 2852 nec
1065 2793 1168 2852 Venus
1194 2797 1265 2870 ipsa

220 2880 366 2937 Aeacidas
381 2897 451 2936 suos
465 2881 563 2953 potuit
576 2879 734 2950 adiuvare,
761 2888 796 2934 ut
808 2878 886 2933 bono
901 2887 931 2934 et
947 2897 1041 2955 aequo
1055 2897 1136 2934 more
1151 2881 1264 2936 coniu-

221 2965 270 3040 gia
284 2970 479 3032 mererentur,
495 2961 651 3036 cladesque
665 2970 748 3017 tanta
761 2962 850 3016 irruit
858 2959 946 3017 buius
959 2964 1092 3036 inopiae,
1106 2969 1140 3016 ut
1153 2979 1188 3016 ea
1202 2961 1263 3018 do-

220 3047 249 3100 lo
264 3053 418 3116 raperent,
445 3061 572 3118 moxque
586 3046 834 3118 compellerentur
845 3062 980 3121 pugnare
995 3065 1061 3102 cum
1074 3045 1203 3116 soceris3
1224 3058 1265 3103 ut

221 3129 346 3182 miserae
358 3127 486 3182 feminae
499 3126 631 3182 nondum
645 3145 683 3182 ex
704 3127 815 3182 iniuria
838 3129 954 3185 maritis
981 3130 1171 3197 conciliatae,
1197 3129 1263 3186 iam

219 3218 375 3284 parentum
388 3210 534 3286 sanguine
548 3209 722 3265 dotarentur
733 3204 745 3262 i
772 3209 811 3264 At
824 3210 903 3264 enim
916 3212 1055 3267 vicerunt
1068 3212 1100 3265 in
1112 3209 1167 3265 hac
1182 3229 1262 3269 oon-

220 3291 353 3348 flictione
366 3291 492 3348 Romani
504 3294 620 3349 vicinos
635 3289 726 3347 suasi
760 3293 886 3358 Quantis
901 3301 931 3348 ct
944 3311 1031 3368 quam
1043 3295 1144 3349 multis
1157 3296 1262 3351 utrin-

220 3393 277 3450 que
303 3376 475 3432 vulneribus
503 3393 538 3432 ac
564 3375 718 3430 funeribus
747 3383 807 3430 tam
836 3377 1069 3450 propinquorum
1102 3385 1133 3430 ct
1162 3377 1261 3432 conli-

220 3460 303 3514 aium
328 3460 403 3514 istae
426 3461 569 3516 victoriae
592 3454 812 3514 constiterunt'i
856 3457 980 3534 Propter
993 3449 1087 3515 untim
1100 3457 1262 3519 Caesarem

220 3559 357 3597 socerum
371 3550 400 3596 et
411 3559 504 3596 unum
517 3559 661 3619 generum
674 3542 738 3596 eius
752 3539 940 3614 Pompeium,
965 3544 1025 3598 iam
1050 3551 1167 3598 mortua
1181 3541 1258 3600 Cae·
1273 3608 1277 3619 ι

220 3627 295 3680 saris
308 3625 370 3680 filia
383 3640 479 3680 uxore
490 3620 639 3697 Pompeii,
660 3632 769 3697 quanto
784 3632 814 3678 et
827 3641 914 3698 quam
927 3625 1008 3680 iusto
1022 3625 1132 3681 doloris
1145 3627 1255 3681 instin-

221 3716 268 3761 ctu
283 3707 421 3762 hircanus
437 3707 594 3761 exclamat:

303 3787 385 3843 Bella
397 3805 450 3860 per
463 3786 615 3842 Emathios
624 3787 690 3859 plue
704 3804 791 3860 quam
805 3789 904 3843 civilia
918 3805 1047 3863 campos,

303 3870 414 3946 iusque
427 3869 527 3924 datum
541 3871 645 3925 sceleri
665 3871 804 3924 canimus.
847 3899 851 3908 ·
