2576 4396
240 193 300 250 286
467 182 568 242 DlVl
595 181 783 242 AVRELll
807 180 1064 242 AVGVSTlNl

240 345 340 402 ficium
353 349 405 396 eat.
428 337 502 396 Nam
516 345 546 392 et
557 333 612 393 hoc
627 335 663 392 cd
675 334 904 392 mirericordiam
916 336 1060 410 pertinet,
1085 356 1172 414 quam
1191 345 1269 418 qnia-

240 445 296 502 que
309 427 340 482 in
355 443 387 480 tc
401 425 494 498 ipsum
508 421 587 476 iacit.
602 417 760 494 Propterea
772 419 910 494 scriptum
923 427 982 476 eet:
996 418 1142 482 Miserere
1155 427 1270 484 animae

239 509 442 587 tuaeplaoeae
455 503 529 562 Dec.
556 503 667 580 Carpus
692 504 780 559 etiam
800 513 933 560 nostrum
953 522 1019 560 cum
1035 523 1087 580 per
1104 515 1269 584 temperan-

237 596 309 650 tiam
318 593 505 669 castigamur,
519 589 545 644 ei
557 586 625 659 boe,
637 587 876 664 quemadmodum
888 587 1035 660 debemur,
1047 599 1168 664 propter
1177 592 1270 650 Deum

238 677 379 747 fecimus,
404 683 437 730 ut
455 690 515 729 non
536 669 723 730 exhibeamur
741 671 870 727 membre
888 677 991 728 nostra
1008 689 1088 730 arma
1105 676 1269 752 iniquitatis

236 769 367 836 peccato,
381 757 433 816 red
446 774 528 812 arma
538 757 670 814 iustitiae
679 755 754 827 Deo,
768 755 944 812 sacrificium
956 765 1009 812 eet.
1023 757 1068 814 Ad
1078 759 1155 834 quod
1165 760 1269 818 exhor-

236 854 304 901 tans
317 843 471 918 Apostolus
485 842 541 898 ait:
563 837 693 898 Obsecro
705 842 807 916 itaque
818 856 880 910 oca,
886 839 1023 912 fratrea,
1031 859 1091 920 per
1103 845 1270 902 mirericor-

237 930 317 986 diam
324 927 394 997 Dei,
408 935 441 982 at
453 923 615 982 exhibeatis
627 934 864 1002 corporateetra
873 923 1113 996 boetiamuicam,
1126 939 1269 997 ranetam,

236 1011 301 1070 Dea
309 1011 487 1089 placentem,
500 1007 680 1066 rationabile
693 1007 858 1084 obeeqaium
870 1018 1009 1065 teatrum.
1024 1008 1059 1069 Si
1072 1028 1142 1088 crgo
1156 1029 1268 1086 corpur,

237 1114 293 1170 quo
307 1093 447 1151 inferiore
461 1101 601 1168 tanquam
613 1092 740 1162 farnulo,
754 1093 803 1148 vel
816 1100 956 1166 tanquam
967 1092 1164 1150 instrumento
1177 1097 1269 1152 utitur

236 1181 344 1252 annua,
358 1195 424 1234 cum
437 1178 501 1234 eine
513 1176 608 1233 bonne
623 1185 653 1231 et
664 1185 765 1232 rectus
778 1191 848 1232 ιιιιιι
861 1175 898 1232 ad
912 1174 1008 1232 Deum
1020 1177 1158 1250 retertur,
1179 1181 1267 1235 recri-

235 1263 335 1320 ficium
348 1271 406 1333 ιιι,
421 1270 528 1337 quanto
542 1261 636 1339 magio
650 1262 748 1316 anime
760 1261 824 1335 ipsc
839 1279 905 1316 cum
919 1277 951 1314 te
963 1261 1057 1318 refert
1069 1262 1106 1318 ad
1118 1261 1224 1334 Deum,
1239 1273 1269 1319 nt

234 1349 305 1426 igne
318 1347 426 1402 amerit
445 1347 508 1402 cina
528 1363 665 1416 accensa,
691 1343 813 1402 formam
835 1345 1090 1418 concupiscentiae
1114 1348 1268 1404 aaeaularie

234 1432 364 1499 amittat,
385 1431 469 1505 eique
481 1438 620 1505 tanquam
634 1430 864 1486 incommutabili
876 1427 988 1504 formae,
999 1417 1115 1486 subdite
1127 1431 1266 1487 reforme-

234 1525 298 1586 tur,
324 1513 434 1569 bincei
445 1515 582 1588 placens,
609 1512 687 1586 quod
699 1530 737 1568 ex
751 1515 814 1568 eine
825 1511 1042 1588 pulchritudine
1056 1517 1217 1588 acceperit,
1236 1516 1268 1572 fit

226 1593 430 1656 ,aecrfflciumi
453 1598 537 1664 Quod
550 1596 627 1652 idem
639 1596 795 1670 Apostolus
809 1606 1026 1671 consequenter
1038 1597 1214 1677 adiungens,
1228 1599 1266 1657 Et

234 1682 335 1752 nolito,
348 1683 455 1757 inquit,
469 1681 655 1752 conformari
665 1679 734 1736 buia
743 1676 877 1738 caecula:
892 1683 946 1738 ted
956 1681 1165 1754 rfformamini
1176 1685 1206 1740 in
1219 1703 1266 1740 aa·

233 1768 329 1823 vitate
342 1767 448 1823 mentia
460 1773 590 1833 vertrae,
604 1763 839 1842 adprobandum
850 1782 907 1822 ace·
916 1783 991 1842 qaae
1001 1767 1044 1822 eit
1054 1765 1191 1824 voluntat
1199 1765 1265 1838 Dei,

234 1851 311 1927 qaod
321 1849 424 1906 bonum
436 1857 467 1905 et
479 1846 693 1924 beneplacitam
706 1857 736 1904 et
745 1847 924 1924 perfectam.
947 1847 1020 1906 Cum
1033 1851 1125 1928 igitur
1136 1869 1207 1907 rara
1220 1870 1264 1907 aa·

234 1932 346 1989 crificia
358 1949 446 2006 opera
459 1931 521 1985 rint
532 1929 764 2004 misericordiae,
782 1934 847 1989 riva
859 1933 891 1990 iu
904 1949 962 1990 ιιοι·
973 1935 1063 2008 ipaot,
1078 1935 1141 1991 aire
1154 1935 1185 1990 in
1199 1953 1263 2010 pro-

233 2019 341 2088 ximor,
356 2033 430 2092 quae
440 2013 608 2075 rcicmntur
620 2015 657 2071 ad
667 2014 777 2086 Deum,
791 2035 879 2091 opera
891 2035 964 2074 varo
976 2017 1195 2074 misericordiae
1209 2038 1265 2076 non

234 2101 270 2158 ob
284 2099 364 2156 aliud
376 2097 465 2170 fiant,
494 2099 554 2154 niti
566 2108 629 2156 uta
641 2101 759 2156 miseria
772 2101 943 2172 liberemur,
970 2120 1003 2157 ac
1015 2121 1067 2177 par
1080 2101 1135 2158 boc
1148 2112 1180 2158 ιιι
1192 2103 1265 2159 beati

235 2186 341 2254 ιίιιιιιι;
355 2181 432 2257 quod
445 2198 506 2238 non
520 2179 564 2254 fit,
579 2183 637 2238 nisi
650 2182 727 2240 bono
740 2185 791 2242 illo
806 2183 842 2240 de
855 2201 911 2260 que
925 2185 1034 2242 dictum
1048 2195 1104 2257 eet,
1126 2185 1203 2244 Milli
1215 2207 1266 2243 aa·

234 2279 292 2324 tem
306 2265 472 2324 adhaerere
485 2265 560 2337 Deo,
573 2267 676 2324 tonum
689 2273 751 2325 at.-
775 2269 907 2343 proieeto
922 2269 1062 2342 efficitur,
1082 2279 1116 2326 nt
1129 2279 1193 2326 tote
1206 2273 1265 2346 ipsa

233 2349 364 2407 redemta
377 2347 504 2422 Civitas,
530 2348 585 2406 hoc
604 2359 650 2406 cat
671 2353 862 2430 congregatio
886 2356 1069 2430 societasque
1090 2363 1263 2425 sanctorum,

233 2435 401 2492 universale
418 2434 595 2492 sacrificium
613 2433 752 2491 offeratur
765 2435 829 2493 Deo
849 2455 901 2512 per
920 2437 1101 2495 sacerdotem
1118 2457 1263 2517 magnum,

234 2521 284 2596 qui
297 2519 428 2576 etiamne
441 2519 535 2592 iprum
545 2515 649 2576 obtulit
659 2520 691 2576 in
703 2521 840 2594 pastione
853 2537 908 2594 pro
921 2523 1016 2594 nobit,
1030 2532 1064 2582 ut
1076 2524 1153 2580 tanti
1166 2524 1264 2598 cepitis

233 2621 337 2678 corpur
352 2617 494 2676 erremus,
509 2603 668 2660 secundum
680 2603 803 2662 formam
815 2607 902 2662 cervi.
916 2605 1002 2664 Hanc
1016 2609 1094 2664 enim
1107 2607 1224 2678 obtulit,
1236 2609 1265 2662 in

232 2686 286 2744 hac
299 2687 411 2746 oblatu·
426 2697 484 2760 eat3
497 2689 567 2762 quia
580 2687 740 2744 secundum
752 2685 828 2746 banc
841 2689 1049 2762 mediatorem,
1063 2691 1095 2746 in
1104 2689 1158 2746 bac
1168 2709 1264 2747 tacer-

233 2771 297 2844 (ιιι,
310 2773 342 2828 in
354 2769 409 2827 bac
422 2769 599 2827 sacrificium
613 2780 666 2826 art.
689 2769 763 2830 Cum
775 2773 872 2850 itaque
885 2793 939 2831 noa
952 2773 1085 2832 hortauit
1100 2783 1178 2831 erret
1190 2775 1264 2850 Apo·

230 2859 340 2926 etolua,
354 2863 388 2909 ut
401 2853 588 2910 exhibeamur
602 2873 724 2930 corpora
738 2866 841 2913 nortra
854 2856 979 2916 boetiam
991 2861 1103 2931 viram,
1121 2867 1263 2930 ranetam,

230 2937 294 2994 Deo
308 2940 480 3012 placentem,
493 2937 667 2994 rationabile
680 2940 851 3016 obsequium
863 2951 1012 3016 nostrum,
1031 2953 1061 3000 et
1073 2961 1133 3000 nun
1145 2943 1264 3000 confor-

229 3039 341 3076 mamur
352 3019 420 3076 hnic
433 3021 560 3094 saeculo,
572 3021 623 3078 aed
633 3021 823 3082 reformemur
833 3025 865 3082 in
876 3028 1006 3083 novitate
1014 3029 1120 3084 mentis
1131 3036 1262 3097 nostrae;

231 3103 268 3160 ad
280 3103 459 3178 probandum
472 3121 547 3180 quae
561 3107 600 3162 eit
611 3108 746 3164 voluntas
761 3107 829 3180 Dei,
843 3109 921 3184 quod
933 3110 1041 3168 bonum
1055 3120 1084 3166 et
1096 3110 1262 3184 beneplaci-

229 3197 302 3259 tum,
316 3197 345 3243 et
356 3187 527 3262 perfectum,
541 3189 618 3266 quod
630 3200 722 3248 totum
733 3191 909 3269 racrifieimn
921 3209 976 3251 nos
989 3195 1046 3270 ipsi
1059 3212 1169 3250 tumne:
1185 3193 1262 3251 Dico

228 3273 313 3341 enim,
325 3273 433 3347 inquit,
440 3290 501 3350 per
512 3275 647 3350 gratiam
658 3273 727 3346 Dei,
741 3295 817 3354 quae
829 3277 904 3334 data
917 3289 964 3335 eet
975 3277 1056 3348 mibi,
1070 3278 1201 3336 amnilae
1216 3281 1265 3356 qui

227 3366 298 3412 eant
309 3357 339 3412 ia
351 3357 442 3426 colia,
456 3358 592 3436 aonplue
603 3376 720 3437 capere,
735 3376 822 3436 quam
831 3372 950 3438 oportet
959 3379 1077 3440 rapere,
1090 3361 1144 3419 aed
1156 3379 1263 3439 rapere

227 3440 269 3496 ad
281 3443 526 3520 temperantiam
538 3443 617 3500 ticet
628 3443 783 3519 unicuique
796 3442 879 3500 Deae
888 3447 1026 3524 partitae
1040 3455 1086 3504 ιιι
1091 3443 1173 3517 fidei
1185 3465 1263 3504 nerr-

227 3541 338 3580 earam.
363 3521 449 3582 Sicut
474 3527 549 3582 enim
575 3527 606 3584 ia
628 3543 686 3582 aaa
707 3544 831 3604 corpore
853 3528 948 3586 mlta
965 3528 1093 3587 membra
1113 3527 1262 3598 mimus,

228 3609 324 3664 omnia
338 3618 436 3666 autem
445 3609 574 3666 merudra
586 3627 643 3664 aaa
656 3609 770 3666 academ
780 3620 866 3668 acm
877 3609 1002 3672 tutat:
1016 3615 1062 3671 ita
1074 3613 1164 3670 malti
1176 3633 1262 3670 anum

226 3707 334 3767 carpat
345 3709 444 3748 eumue
453 3693 484 3748 ia
492 3690 627 3766 Obriato,·
640 3692 874 3769 singultantem,
888 3697 970 3754 alter
983 3697 1110 3754 alteriue
1122 3698 1261 3765 membra,

227 3771 367 3832 babeatee
381 3775 458 3831 dona
472 3775 592 3832 diversa
602 3778 760 3834 recaredum
771 3781 923 3857 gratiam,
935 3800 1010 3859 qaae
1024 3781 1098 3838 data
1111 3792 1159 3838 eet
1171 3782 1254 3838 nolit

229 3855 293 3914 lica
307 3866 353 3912 eat
364 3855 541 3914 racrificium
554 3857 799 3918 Christianorum:
813 3864 900 3922 malti
912 3883 999 3924 unam
1013 3881 1121 3941 carpat
1135 3867 1167 3921 ia
1176 3864 1260 3922 Obri-
