2586 4396
233 157 280 226 'tn
396 171 397 180 ’
464 158 1035 222 DIVIAVRELIIAVGVSTINI

237 318 317 379 Haeo
336 318 403 374 libri
420 316 508 373 verba
528 313 621 371 divini
638 315 708 370 setis
727 313 872 384 indicant,
899 315 957 368 iam
973 313 1032 368 illis
1049 312 1148 372 diebus
1167 315 1252 376 muse

238 407 372 483 gigantes
387 408 601 474 superterram,
615 396 727 472 quando
741 396 794 452 filii
806 396 862 454 Dei
874 406 1049 471 aeceperunt
1058 415 1165 456 uxores
1178 401 1252 459 filias

236 485 400 556 hominum,
416 502 480 540 oum
493 501 541 538 eas
553 489 684 538 amarent
695 481 799 552 bonae,
820 480 850 536 id
863 490 923 552 est,
940 478 1082 554 pulchrae.
1122 481 1252 542 Consue-

236 569 305 628 tudo
318 570 421 644 quippe
435 565 603 640 Scripturae
615 563 701 620 buius
715 573 772 636 est,
796 565 882 620 etiem
895 565 1039 640 speciosos
1053 584 1182 640 corpore,
1195 567 1252 624 bo-

237 671 290 708 nos
306 670 418 710 vocare.
443 648 501 706 Sed
515 659 544 704 et
554 659 620 723 post
630 667 713 724 quam
725 646 781 704 hoe
794 649 902 704 laetum
916 657 975 719 est,
990 651 1052 704 nati
1067 659 1135 706 sunt
1146 652 1251 729 gigan-

235 744 289 792 ιιι.
309 733 359 792 Sie
373 735 519 790 enimait:
550 731 694 808 Gigantea
707 743 805 788 autem
818 742 905 788 erent
919 750 1008 809 saper
1023 742 1136 789 terrem
1148 736 1178 802 in
1193 737 1253 792 die-

235 819 286 876 bua
301 817 379 874 illia:
405 826 515 894 etpost
530 815 617 885 illud,
643 834 727 891 quam
745 817 896 874 intrarent
907 816 973 888 filii
982 814 1043 873 Dei
1054 817 1095 873 ad
1103 815 1191 888 filiae
1204 817 1252 874 bo-

235 903 350 957 minum.
386 899 464 978 Ergo
478 909 508 955 et
520 908 586 956 aute
600 900 631 954 in
643 899 701 954 illis
715 897 829 970 diebus,
843 908 873 954 et
884 909 949 974 poet
960 898 1040 954 illud.
1065 900 1147 966 Quod
1159 912 1250 957 autem

236 985 295 1056 ait,
308 982 346 1042 Et
358 983 540 1060 generabant
554 983 625 1039 eibi:
652 982 721 1037 satis
735 981 880 1053 ostendit,
892 982 967 1057 quod
978 984 1075 1057 prius,
1089 993 1156 1040 ante
1169 1003 1253 1058 quam

237 1071 280 1125 sie
295 1067 430 1124 caderent
443 1066 496 1122 filii
508 1065 580 1136 Dei,
605 1065 669 1122 Deo
681 1067 874 1143 generabant,
899 1067 1043 1137 nonsibi,
1068 1066 1166 1138 idest,
1191 1087 1252 1124 uon

237 1153 404 1208 dominante
421 1149 541 1208 libidine
562 1148 701 1221 coeundi,
727 1149 778 1206 sed
799 1151 944 1208 serviente
958 1149 1051 1206 offieio
1064 1151 1253 1227 propagandi3

238 1254 296 1292 non
310 1235 447 1292 familiam
459 1233 550 1290 fartus
564 1235 626 1302 sui,
640 1232 691 1288 sed
703 1235 781 1290 aives
794 1233 928 1294 Civitatis
940 1233 1009 1291 Dei:
1026 1233 1122 1308 quibus
1134 1251 1252 1290 annuu-

237 1321 345 1376 tiarent
363 1328 501 1394 tanquam
514 1319 614 1396 angeli
626 1315 700 1388 Dei,
724 1327 757 1372 ut
775 1327 916 1392 ponerent
934 1319 966 1392 in
984 1315 1047 1374 Deo
1067 1335 1143 1392 spem
1158 1335 1252 1389 ruam,

238 1403 347 1459 similes
365 1404 444 1460 illius
463 1403 513 1476 qui
531 1411 617 1458 natus
636 1409 681 1458 est
699 1397 736 1456 de
748 1399 837 1472 Seth,
862 1399 938 1458 tilius
961 1397 1200 1472 resurrectionis,
1226 1411 1253 1456 et

239 1488 366 1561 speravit
383 1487 520 1544 iuvocare
540 1503 646 1540 nomen
664 1483 784 1542 Domini
796 1483 867 1541 Dei:
893 1487 925 1540 in
943 1501 999 1559 qua
1020 1503 1070 1560 spe
1083 1494 1180 1540 essent
1193 1503 1253 1540 eum

238 1571 298 1626 suis
310 1571 433 1642 posteris
448 1567 620 1624 cohaeredes
634 1577 817 1626 aeternorum
829 1568 980 1639 bonorum,
994 1568 1088 1624 etsub
1099 1566 1162 1624 Deo
1176 1577 1253 1642 patre

236 1653 341 1708 iratres
355 1651 488 1708 filiorum
511 1659 513 1662 '

299 1733 366 1790 Non
380 1743 477 1790 autem
490 1737 555 1791 illos
569 1737 610 1791 ite
623 1735 712 1792 fuisse
724 1738 844 1814 angelos
858 1734 926 1806 Dei,
942 1744 976 1792 ut
988 1733 1120 1791 homines
1135 1753 1197 1792 non
1209 1754 1251 1792 es·

238 1825 319 1886 sent,
344 1819 419 1873 sieut
440 1819 555 1892 quidam
576 1828 694 1892 putant,
721 1819 772 1874 sed
788 1817 918 1876 homines
935 1821 1034 1893 procul
1052 1818 1138 1876 dubio
1156 1817 1252 1890 tonse,

238 1899 388 1974 Scriptura
400 1902 462 1975 ipsa
474 1903 539 1958 siue
552 1903 611 1958 ulla
623 1903 812 1980 ambiguitate
825 1903 961 1960 declarat.
996 1899 1069 1958 Cum
1083 1903 1158 1958 euim
1168 1920 1252 1976 prae-

237 1985 357 2041 missum
370 1994 462 2056 esset,
488 1984 563 2060 quod
576 1987 707 2044 videnter
721 1985 822 2063 angeli
834 1984 896 2044 Dei
904 1986 993 2059 filine
1005 1983 1162 2055 bominum,
1186 1989 1255 2062 qaia

238 2067 329 2125 bonae
342 2078 426 2138 aunt,
445 2080 611 2126 temnerent
624 2069 681 2126 eibi
693 2087 799 2127 uxorea
812 2088 849 2127 ea
865 2070 993 2127 omnibus
1006 2085 1080 2146 quaa
1093 2069 1255 2145 elegerent,-

237 2169 307 2207 mox
319 2151 485 2209 adiunctum
498 2161 557 2224 est,
581 2151 622 2208 Et
635 2154 713 2210 dixit
725 2151 867 2210 Dominae
880 2151 977 2224 Deua,
1002 2149 1255 2230 Nonpermanebit

239 2236 366 2311 spiritua
380 2253 459 2292 meaa
471 2238 502 2292 in
514 2233 675 2292 bominibea
687 2235 734 2292 bie
748 2239 779 2293 ia
791 2246 953 2307 aeternam,
960 2244 1088 2314 prepter
1100 2236 1179 2310 quod
1189 2255 1254 2292 earo

239 2327 317 2374 tunt.
354 2317 465 2392 Spiritu
479 2320 583 2394 quippe
596 2317 654 2374 Dei
666 2319 785 2376 fuerant
801 2319 873 2376 faeti
891 2320 989 2398 angeli
1002 2317 1058 2374 Dei
1076 2327 1106 2374 et
1120 2317 1177 2374 filii
1189 2317 1254 2374 Dei:

238 2398 290 2466 sed
303 2398 473 2458 declinando
487 2401 523 2458 ad
536 2401 687 2473 inferiora,
701 2400 831 2460 homiues
845 2402 981 2462 dicuntur
994 2403 1111 2460 nomine
1125 2411 1254 2471 naturae,

238 2501 298 2540 non
311 2486 439 2561 gratiae;
461 2485 598 2542 dicuntur
611 2495 641 2542 et
653 2504 735 2554 earo,
749 2485 910 2544 desertores
924 2487 1042 2562 spiritus
1056 2494 1085 2540 et
1098 2484 1256 2542 deserendo

238 2567 355 2623 deserti.
397 2567 436 2624 Et
450 2567 641 2647 Septuaginta
654 2568 768 2645 quidem
781 2572 955 2644 interpretes
969 2579 999 2626 et
1010 2570 1131 2646 angelos
1144 2567 1202 2626 Dei
1213 2568 1257 2624 di-

239 2653 452 2724 renuntiator,
479 2663 509 2708 et
529 2653 606 2710 filios
620 2652 689 2710 Dei:
716 2653 791 2729 quod
812 2653 926 2730 quidem
948 2671 1007 2712 ιιοιι
1024 2671 1126 2708 onmes
1144 2653 1259 2710 eodiees

238 2729 360 2807 habent3
385 2754 453 2792 nam
466 2736 582 2810 quidam
594 2738 653 2792 nisi
668 2736 744 2792 filios
757 2736 814 2794 Dei
827 2757 887 2794 non
899 2736 1014 2794 babent.
1035 2736 1139 2811 Aquila
1151 2746 1259 2804 autem,

177 2887 180 2892 1
239 2835 323 2890 quem
334 2819 523 2892 interpretem
535 2819 634 2876 ludaei
646 2822 767 2876 eaeteris
780 2831 972 2896 anteponunt,
985 2839 1045 2878 non
1058 2822 1178 2897 angelos
1190 2819 1259 2885 Dei,

239 2916 293 2954 nee
310 2899 387 2958 filios
400 2902 473 2973 Dei,
499 2901 549 2958 sed
562 2901 637 2958 filios
651 2901 768 2960 deorum
781 2906 989 2979 interpretatus
1002 2914 1054 2960 eat.
1098 2902 1260 2974 Vtrumque

240 2993 337 3040 autem
351 3004 451 3040 verum
465 2995 516 3041 est.
540 2983 618 3042 Nam
629 2995 659 3042 et
670 2986 724 3044 filii
733 2987 791 3044 Dei
805 2997 897 3059 erant,
911 2989 962 3044 sub
977 3006 1033 3064 quo
1046 2997 1125 3062 patre
1137 3001 1260 3040 auorum

239 3076 355 3140 patrum
368 3069 454 3124 etiam
467 3069 571 3125 fratres
585 3079 685 3142 erant3
699 3079 728 3126 et
740 3070 794 3127 filii
807 3071 945 3143 deorum,
959 3072 1096 3146 quoniam
1107 3087 1124 3126 e
1135 3067 1193 3123 diis
1208 3087 1261 3145 ge-

240 3151 296 3206 niti
310 3157 409 3223 erant,
436 3171 500 3208 eum
513 3152 615 3230 quibua
630 3164 660 3210 et
676 3155 733 3229 ipsi
753 3155 795 3212 dii
816 3164 914 3226 erant,
940 3157 1022 3210 iuxta
1047 3152 1120 3212 illud
1137 3150 1260 3208 Psalmi:

151 3233 153 3238 ’
238 3231 303 3310 Ego
318 3235 397 3306 dixi,
415 3233 472 3292 Dii
484 3240 569 3308 tatia,
589 3248 618 3294 et
629 3237 695 3309 fila·
705 3237 827 3296 Eteelei
838 3255 942 3296 omnea.
985 3237 1090 3294 Merito
1104 3237 1185 3294 euim
1198 3253 1262 3290 ere-

239 3317 348 3374 duntur
359 3317 552 3399 Septuaginta
563 3323 736 3395 interpretes
748 3319 1100 3398 aoeepiaseprophetieum
1107 3318 1262 3394 Spiritum.

238 3409 270 3456 ut
288 3403 313 3457 si
327 3403 396 3477 quid
410 3405 470 3460 eius
494 3406 669 3462 auctoritato
685 3415 845 3475 mutarent,
871 3414 958 3479 atque
982 3405 1066 3460 aliter
1089 3421 1179 3479 quam
1203 3413 1264 3458 erat

239 3485 316 3560 quod
339 3487 604 3563 interpretabantur
627 3487 772 3561 dicerent,
798 3507 893 3564 neque
911 3486 966 3545 hoe
984 3489 1126 3544 divinitus
1139 3504 1208 3541 esse
1222 3485 1264 3540 di·

140 3605 148 3622 .
240 3578 317 3624 etum
330 3569 517 3628 dubitaretur.
562 3572 698 3638 Quamvis
716 3570 771 3630 bo'e
789 3575 821 3630 in
839 3569 972 3630 Hebraeo
992 3589 1055 3626 erse
1074 3567 1265 3645 perhibeatur

240 3651 420 3729 ambiguum,
440 3665 474 3712 ut
487 3665 517 3712 et
528 3655 582 3712 filii
595 3653 669 3726 Dei,
689 3665 718 3712 et
728 3655 781 3712 filii
794 3657 932 3727 deorum,
951 3663 1049 3730 posset
1063 3651 1265 3727 interpretari.

303 3733 477 3794 Omittamus
490 3740 580 3816 igitur
593 3756 691 3794 earum
704 3742 910 3816 scripturarum
920 3739 1041 3807 fabular,
1055 3754 1129 3812 quae
1138 3752 1266 3810 apocry-

242 3811 314 3888 phae
327 3830 553 3894 nuncupantur„
571 3840 605 3878 eo
629 3822 703 3897 quod
726 3843 823 3882 earum
848 3824 959 3880 oeeulta
976 3822 1059 3900 origo
1078 3837 1140 3876 non
1160 3817 1267 3876 clame
