2538 4392
203 157 262 212 168
430 145 527 208 DlVl
552 143 740 204 AVRELll
763 138 1020 204 AVGVSTlNl

201 305 271 376 fiet,
284 301 440 360 adiurante
454 298 581 357 Domino
588 291 744 372 ‚sequenti
757 293 847 366 libr03
874 291 1080 354 nebunotam
1094 301 1241 388 prolixum

199 389 322 446 ulterius
336 380 501 441 oneremus.

200 545 429 571 ΜΛΝἊΜΛΜ
434 541 774 572 WWWWWW
1185 549 1234 570 ΜΛ

379 653 524 728 nnnc
563 653 801 754 oncmvs
820 653 1058 728 ocrnvvs.

606 805 665 864 CA
679 805 702 862 P
715 805 740 862 V
754 805 780 864 T
818 805 841 864 l

198 906 244 960 De
254 906 296 1006 bic
306 921 374 974 quae
385 919 467 973 osque
478 905 514 956 acl
524 911 645 1025 tempopa
657 903 906 1024 Sqloptorirtdecem
916 911 942 956 et
952 913 1055 973 reptem
1065 906 1238 960 uoluminibus

624 989 685 1041 aspa
700 989 717 1025 a
731 988 809 1026 arun

198 1061 261 1145 Dc
274 1071 434 1138 civitatum
447 1079 604 1151 duarum,
602 1096 733 1155 quarum
745 1078 803 1138 Dei
816 1097 891 1151 una,
913 1079 1023 1136 saeculi
1036 1078 1126 1138 huius
1139 1091 1185 1137 est
1198 1084 1239 1140 al-

200 1175 280 1236 tera,
306 1165 338 1220 in
358 1181 414 1239 qua
432 1171 585 1240 nunclest,
612 1172 753 1238 quantum
771 1163 808 1220 ad
822 1161 977 1232 ,hominum
989 1182 1088 1240 genus
1103 1167 1239 1240 pertinet,

202 1250 290 1305 etiam
304 1249 359 1304 ista
372 1247 546 1326 peregrina,
574 1256 695 1320 exortu,
722 1256 753 1303 et
772 1264 930 1322 procursu,
957 1255 987 1302 et
1000 1243 1111 1304 debitis
1125 1247 1238 1320 finibus,

202 1339 249 1388 m'e
263 1333 439 1406 scripturum
452 1348 515 1387 esse
528 1331 664 1406 promisi:
679 1349 769 1406 quum
781 1331 861 1406 prius
875 1330 1010 1386 inimicos
1019 1328 1165 1389 Civitatis
1178 1331 1239 1402 Dei,

202 1417 254 1492 qui
268 1414 413 1472 conditori
426 1416 489 1471 eius
503 1412 618 1470 Christo
638 1413 708 1470 deos
730 1431 799 1470 suos
820 1411 1009 1488 praeferunt,
1036 1423 1069 1470 ct
1081 1415 1181 1471 livore
1192 1417 1239 1472 ribi

201 1499 452 1572 perniciosissimo
465 1498 606 1553 atrociter
618 1496 752 1555 invident
765 1495 958 1566 Christianis,
973 1506 1122 1571 quantum
1136 1518 1184 1556 me
1196 1497 1238 1554 al·

201 1583 319 1638 iuvaret
329 1582 392 1636 eius
404 1581 511 1657 gratia,
526 1579 707 1652 refellissem,
720 1579 798 1657 quod
810 1579 1006 1636 voluminibus
1020 1579 1127 1638 decem
1140 1584 1237 1657 priori·

201 1663 256 1718 bus
269 1661 336 1718 feci.
378 1661 425 1718 De
437 1660 575 1718 haerero
589 1679 664 1734 mea,
679 1661 863 1738 «quommodo
878 1665 1127 1736 commemorari,
1140 1667 1237 1740 triper-

202 1747 257 1800 tita
269 1745 479 1820 promissione,
495 1743 639 1800 decimum
652 1746 842 1820 sequentibus
856 1753 979 1830 quatuor
991 1745 1078 1802 libris
1093 1748 1237 1804 ambarum

201 1837 249 1884 est
267 1828 398 1904 digestus
418 1836 548 1889 exortus.
591 1827 707 1884 Deinde
725 1847 882 1904 procursus
903 1827 938 1884 ab
951 1827 1072 1886 homine
1081 1833 1184 1904 primo
1196 1849 1235 1887 ιι-

204 1929 260 1987 que
273 1910 309 1967 ad
322 1910 467 1970 diluvium
479 1909 554 1966 libro
568 1929 645 1982 uno,
671 1913 722 1986 qui
735 1921 780 1968 est
791 1909 878 1968 huius
894 1910 998 1986 Operis
1018 1913 1147 1988 quintus
1170 1915 1236 1971 deci-

201 2013 284 2052 mus:
311 1996 399 2069 atquc
419 1993 503 2050 inde
507 2005 598 2068 u's'que
618 1993 655 2050 ad
675 1987 823 2052 Abraham
841 2008 944 2050 rursus
965 1995 1086 2067 ambae,
1117 1999 1195 2055 sicut
1212 1999 1237 2053 in

201 2075 397 2154 temporibus,
423 2078 466 2134 ita
480 2078 553 2148 etin
568 2079 678 2134 nostris
696 2077 791 2134 literis
812 2085 1013 2134 cucurrerunt.
1055 2077 1122 2136 Seu
1136 2100 1155 2137 a
1166 2091 1236 2157 patre

200 2160 346 2218 Abraham
359 2173 451 2236 usque
464 2159 500 2218 ad
513 2145 641 2239 Regum
643 2170 755 2236 tempus
766 2159 983 2230 lsratlitarum,
997 2160 1049 2216 ubi
1062 2172 1185 2222 sextum
1197 2163 1236 2220 sle-

203 2245 309 2300 cimum
330 2245 469 2300 volumen
491 2243 686 2316 absolvimus,
714 2253 743 2299 et
761 2237 866 2300 inde
843 2261 935 2318 usque
947 2243 1004 2299 ad'
995 2245 1089 2317 ipsius
1105 2248 1143 2303 in
1162 2267 1237 2304 came

202 2325 367 2384 Salvatoris
381 2325 559 2402 adrentum,
581 2345 640 2401 quo
654 2345 746 2406 usque
759 2326 890 2383 decimus
904 2327 1043 2400 septimus
1057 2327 1139 2386 liber
1151 2331 1236 2388 tendi·

201 2418 269 2481 tur,
295 2409 359 2464 sola
380 2407 524 2466 videtur'
515 2427 547 2466 ru
565 2429 630 2466 mco
650 2411 726 2486 stylo
747 2411 913 2466 cucurrisse
925 2408 983 2466 Dei
999 2408 1134 2470 Civitas:
1161 2433 1237 2490 quum

201 2494 234 2550 in
247 2488 304 2549 hoc
317 2493 434 2550 saeculo
447 2511 508 2548 non
520 2494 584 2548 sola
599 2493 778 2565 cucurrerit,
793 2492 844 2548 sed
858 2493 958 2550 ambae
970 2495 1098 2568 utique
1088 2515 1125 2552 ιιι
1139 2515 1238 2576 genere

201 2573 361 2647 humano,
370 2577 448 2636 sicut
461 2575 519 2632 ab
510 2577 597 2632 mitio
612 2577 712 2647 simul,
740 2595 794 2634 suo
807 2593 951 2651 procursu
963 2586 1100 2652 tempora
1112 2583 1238 2637 variave-

201 2661 272 2720 rint.
295 2659 404 2716 Verum
416 2657 472 2716 hoc
486 2659 553 2716 ideo
567 2659 646 2732 feci,
665 2668 699 2716 ut
710 2662 791 2736 prius
806 2677 913 2735 exque
927 2661 1091 2734 apertiores
1106 2661 1169 2720 Dei
1181 2683 1238 2739 pro·

201 2745 359 2812 missiones
374 2759 439 2798 esse
445 2753 622 2818 coeperunt,
636 2759 729 2818 usque
742 2743 815 2800 ad'
790 2761 852 2802 erus
864 2760 902 2798 ex
914 2742 1033 2820 virgine
1044 2747 1238 2816 nativitatem,

200 2827 233 2882 in
248 2845 305 2900 quo
319 2827 456 2898 fuerant,
477 2845 553 2900 quae
567 2827 662 2898 primo
676 2827 920 2910 promittebantur
933 2825 1101 2900 implenda,
1123 2832 1190 2888 sine
1201 2831 1238 2884 in·

164 2925 165 2928 ’
201 2907 397 2980 terpolatione
420 2925 438 2962 a
462 2909 611 2964 contrario
634 2903 755 2975 alterius
779 2909 931 2981 Civitatis,
957 2909 1016 2964 ista
1038 2929 1120 2986 quae
1133 2912 1189 2971 Dei
1202 2921 1237 2967 est

201 3005 391 3066 procurrens,
404 2974 573 3046 distinctius
587 3003 755 3066 appareret,
781 2993 911 3068 quamvis
926 3009 1019 3066 usque
1034 2993 1074 3050 ad
1085 2997 1236 3054 revelatio·

201 3091 271 3128 nem
284 3069 467 3128 Testamenti
480 3073 568 3145 novi,
582 3083 643 3130 non'
656 3075 688 3130 in
702 3077 828 3146 lumine,
843 3073 940 3131 sedin
953 3075 1058 3132 umbra
1072 3080 1235 3137 cucurrerit.

202 3153 288 3212 Nunc
303 3173 391 3232 ergo,
417 3155 514 3230 quod
505 3159 734 3230 mtermiseram,
759 3158 845 3216 video
860 3176 924 3214 esse
943 3157 1131 3234 faciendum,
1158 3173 1189 3220 nt
1206 3178 1236 3216 ex

200 3233 335 3296 Abrahae
356 3239 536 3320 temporibus
557 3241 702 3316 quomodo
717 3244 804 3301 etiam
824 3243 875 3296 illa
894 3243 1079 3315 cucurrerit,
1107 3255 1236 3322 quantum

202 3324 284 3378 satis
287 3321 424 3394 videtur,
450 3325 609 3401 attingam,
636 3333 669 3380 ut
688 3325 788 3381 ambae
803 3327 886 3383 inter
900 3342 931 3380 se
945 3325 1063 3420 possint
1076 3329 1236 3386 considers·

201 3407 283 3464 tione
296 3407 459 3484 legentium
473 3409 642 3482 comparari.

547 3508 887 3616 ἰιιζιικ

202 3635 246 3688 De
257 3644 367 3690 terrena
374 3635 504 3693 Civitatis
514 3637 624 3708 regibus
634 3645 715 3706 atque
722 3639 895 3707 temporibus,
905 3639 1009 3721 quibus·
1009 3640 1043 3692 ob
1053 3641 1237 3695 exortudln·

224 3733 227 3743 =
274 3747 277 3754 ,
379 3705 594 3760 metandorum
605 3716 727 3775 tempora
740 3717 890 3778 supputato
900 3708 1071 3762 convemunt

267 3791 424 3850 Societas
415 3798 506 3888 igitur
520 3813 727 3873 usquequaque
741 3799 906 3856 mortalium
920 3796 1024 3856 diffusa
1037 3816 1095 3874 per
1111 3810 1201 3858 terras
1214 3807 1237 3854 et
