2538 4392
191 219 253 276 Μ
425 208 526 270 DIVI
551 209 738 270 AVRELH
763 205 1015 268 Avevsrtnl

185 369 269 448 pati,
284 374 313 424 et
324 381 483 440 resurgere
496 382 516 419 a
528 363 653 420 mortuis
666 363 756 420 tertio
770 362 827 431 die,
841 369 871 417 et
877 359 1062 436 praedicuri
1073 362 1105 416 im
1121 363 1235 419 uomitu

191 453 254 511 mus
265 449 483 527 poeaitentiam
503 455 533 506 et
549 447 751 508 remissionom
761 451 955 520 peccatorum
966 457 1028 519 per
1042 461 1148 502 ommes
1170 464 1235 520 ges-

192 544 247 602 tes,
261 530 470 608 incipientibus
483 528 519 585 ud
532 525 733 585 Hierusalem.
766 527 806 583 Et
817 526 868 581 ubi
878 542 980 580 rursus
994 526 1037 580 eis
1053 524 1092 580 de
1107 525 1232 582 adventu

191 618 255 672 eius
270 613 430 672 novissimo
444 611 662 686 requirentibus
676 608 838 685 respondit,
852 616 940 682 atque
954 608 1011 676 eit,
1037 605 1109 666 Nom
1131 620 1179 667 est
1191 629 1232 665 ee-

191 708 288 756 strum
301 697 379 756 sciro
398 693 598 769 temperaret
615 702 775 762 momenta,
801 709 875 770 pace
895 687 988 748 Pater
1007 693 1121 766 posuit
1140 694 1172 748 ior
1184 709 1233 749 ess

185 789 357 861 potestate:
370 777 424 836 sed
435 767 592 853 accepistis
606 777 749 834 uirtutem
758 773 895 852 Spiritus
908 775 1010 830 sancti
1021 777 1231 850 superuenien-

192 874 250 922 tem
263 865 294 918 im
309 877 375 927 eos,
398 869 428 917 et
442 860 530 916 eritis
543 857 616 917 milti
625 867 720 916 testes
733 860 764 915 io
777 855 987 928 Hierusalem,
1012 865 1043 914 et
1057 857 1090 912 im
1106 866 1175 914 tota
1188 855 1233 914 Is·

193 947 270 1004 daea
284 951 314 1000 et
329 940 480 1010 Samaria,
494 950 524 998 et
537 957 627 1017 usque
642 939 761 1011 e'rsfiues
776 950 888 999 terrae.
921 937 1056 996 Primum
1070 956 1103 995 se
1118 939 1232 998 abilia-

192 1027 320 1084 rusalem
335 1021 449 1084 diffudit
461 1023 612 1093 Ecclesia,
632 1031 663 1078 et
676 1041 742 1080 cum
754 1024 786 1080 in
800 1021 907 1082 Iudaea
919 1029 1007 1096 etque
1020 1021 1158 1080 Samaria
1168 1024 1230 1095 plu-

193 1109 262 1166 rimi
274 1105 480 1176 credidissent,
494 1116 524 1164 et
538 1108 569 1164 in
583 1107 656 1162 alias
669 1115 775 1184 gentes
794 1107 867 1162 itum
881 1113 941 1175 est,
965 1105 1008 1160 eis
1026 1106 1233 1162 annuntianti-

193 1191 249 1250 bus
262 1189 467 1269 Evangelium‚
482 1207 555 1264 quos
569 1191 643 1264 ipse,
657 1189 735 1258 sieut
747 1189 913 1260 luminaria,
927 1195 958 1244 et
969 1195 1125 1262 aptaverat
1137 1188 1234 1256 verbo,

194 1283 225 1334 et
236 1272 412 1334 accenderat
424 1270 537 1348 Spiritu
551 1280 663 1330 sancto.
698 1270 826 1332 ltixeret
839 1271 917 1328 enim
931 1271 988 1328 eis:
1014 1266 1122 1328 Nolite.
1132 1273 1235 1328 timere

195 1375 245 1416 eos
258 1357 309 1435 pai
321 1372 429 1434 eorpus
443 1355 595 1434 occidunt,
622 1355 751 1412 amintam
765 1365 863 1412 autem
877 1371 933 1410 noo
945 1363 1079 1430 possunt
1091 1353 1235 1412 occidere.

197 1441 254 1518 Qui
268 1447 301 1498 ut
313 1438 415 1517 frigidi
428 1440 532 1499 timore
545 1456 606 1498 non
621 1445 729 1509 essent,
748 1439 819 1515 igne
833 1436 964 1494 caritatis
978 1433 1133 1514 ardebant.
1178 1435 1237 1494 De·

196 1525 287 1597 nique
298 1541 352 1595 per
363 1524 455 1594 ipsos,
474 1540 536 1580 non
555 1522 650 1578 solum
667 1521 718 1596 qui
737 1539 803 1578 cum
820 1529 850 1578 et
867 1519 1118 1596 antepassipnetn
1130 1528 1238 1592 etpost

195 1605 441 1660 resurrectionem
454 1602 590 1680 riderent
606 1612 637 1662 et
655 1602 826 1675 audierant,
854 1619 957 1658 verum
978 1601 1069 1666 etiam
1086 1610 1158 1673 post
1181 1602 1238 1658 obi-

196 1694 257 1742 tum
271 1703 372 1762 eorum
383 1703 436 1758 per
448 1693 581 1759 posteros
595 1703 706 1762 eorum,
720 1687 799 1744 inter
807 1684 966 1744 horrendos
975 1685 1201 1758 persecutiones
1214 1695 1239 1738 et

196 1769 294 1824 varios
308 1768 455 1842 cruciatus
468 1784 502 1822 ae
515 1767 620 1824 funera
632 1766 796 1843 Martyrum
809 1766 1009 1843 praedicatum
1027 1775 1074 1826 est
1090 1773 1158 1826 toto
1173 1767 1237 1824 orbe

197 1848 404 1926 Evangeliuni‚
416 1857 600 1907 contestante
610 1849 676 1906 Deo
689 1852 794 1927 signis,
809 1851 984 1920 stertentis,
998 1857 1028 1906 et
1039 1849 1137 1906 variis
1147 1851 1236 1906 virto-

198 1931 288 2003 tibus,
302 1941 332 1987 et
345 1929 474 2006 Spiritus
490 1933 586 1992 saneti
598 1933 784 2010 muneribus:
809 1943 845 1992 ut
855 1934 954 2007 populi
967 1933 1103 2010 gentium
1117 1933 1236 1990 creden·

197 2024 242 2072 tes
256 2016 287 2070 in
302 2033 379 2085 eum,
393 2017 443 2088 qui
455 2033 507 2089 pro
521 2033 621 2074 eorum
633 2013 818 2092 redemtione
828 2015 986 2074 crucifixus
997 2023 1053 2085 est,
1069 2012 1237 2072 Christiana

198 2096 881 2174 amorevenerarentursanguinemMurtyrum,
896 2097 1236 2173 quemdiabolieoiurure
1264 2099 1265 2167 p

198 2181 351 2253 fuderunt3
373 2181 487 2254 ipsique
500 2197 599 2257 reges,
612 2199 734 2255 quorum
747 2182 859 2258 legibus
873 2181 1042 2258 vertebatur
1051 2179 1203 2249 Ecclesia,
1215 2182 1237 2236 ei

198 2265 313 2320 nomini
324 2264 482 2320 salubriter
495 2263 705 2342 subderentur,
737 2265 796 2322 uod
809 2263 844 2321 de
858 2274 936 2328 terra
951 2263 1238 2322 crudeliter-auterre

199 2347 298 2402 conati
311 2354 398 2420 sunt,
423 2353 454 2400 et
466 2343 557 2402 falsos
572 2345 642 2422 deos
657 2347 823 2420 inciperent
834 2348 985 2423 persequi,
1012 2364 1140 2421 quorum
1153 2365 1238 2406 eausa

200 2430 327 2484 cultores
341 2425 400 2484 Dei
413 2429 477 2484 veri
489 2426 608 2486 fuerent
620 2438 709 2486 antea
721 2431 876 2504 persecuti.
969 2506 972 2515 1

606 2577 728 2636 CAP.
772 2577 831 2636 LI.
917 2593 921 2602 '

218 2674 296 2740 Quod
305 2674 388 2729 etiam
396 2693 447 2744 per
457 2675 656 2730 baereticorum
665 2674 913 2755 dissensionespides
923 2673 1058 2728 catholico
1069 2675 1226 2730 roboretur.
1262 2695 1263 2700 ¹

265 2762 375 2822 Vident
389 2777 488 2824 autern
500 2765 632 2822 diabolus
649 2766 757 2840 templa
775 2766 946 2840 daemonum
960 2765 1071 2836 deseri,
1095 2775 1128 2822 et
1140 2768 1173 2823 in
1187 2787 1239 2824 nu-

198 2865 265 2903 men
278 2847 431 2904 liberantis
446 2848 616 2906 Mediatoris
632 2867 750 2905 currere
763 2869 857 2928 genus
870 2849 1042 2920 humanum,
1069 2847 1238 2907 haereticus

198 2929 304 2997 movit,
329 2931 379 3003 qui
393 2933 445 2987 sub
460 2931 600 2986 vocabulo
614 2930 782 2996 Christiano
797 2933 948 2989 doctrinae
961 2933 1141 2989 resisterent
1156 2932 1235 2990 Chri·

198 3011 329 3080 stianae,
343 3013 428 3085 quasi
439 3022 561 3086 possent
575 3010 777 3084 indifferenter
790 3019 856 3072 sine
866 3019 927 3074 ulla
938 3016 1127 3089 correptione
1138 3016 1238 3072 haberi

198 3093 230 3148 in
242 3090 444 3166 CivitateDei,
457 3097 533 3152 sicut
543 3094 654 3153 Civitas
664 3097 844 3156 confirsionis
853 3097 1054 3158 indifferenter
1064 3097 1238 3174 habuitpbi·
1261 3153 1262 3160 ,

197 3173 333 3248 losophos
347 3177 427 3233 inter
439 3196 471 3233 se
485 3177 601 3234 diversa
611 3189 640 3235 et
650 3179 773 3237 adversa
783 3185 956 3239 csentiente.
980 3183 1037 3248 Qui
1048 3200 1123 3260 erge
1135 3185 1169 3239 in
1182 3183 1237 3239 Ee·
1261 3203 1262 3269 p

198 3259 287 3314 alesia
298 3257 408 3316 Christi
421 3261 584 3318 morbidum
597 3262 706 3338 aliquid
719 3281 899 3341 pravumque
913 3267 1046 3340 sepiunt,
1070 3267 1096 3319 si
1111 3267 1237 3340 correpti

196 3351 230 3404 ut
242 3360 346 3404 sanum
358 3353 527 3422 rectumque
536 3347 662 3420 sapiant,
674 3348 819 3404 resistunt
828 3350 1048 3416 contumaciter,
1063 3365 1180 3423 sueque
1189 3366 1238 3421 pe-

197 3424 299 3482 stifera
311 3434 341 3480 et
348 3426 500 3482 mortifera
511 3426 646 3505 dogmate
654 3429 810 3486 emendare
817 3433 932 3502 nolunt,
946 3429 997 3485 sed
1006 3428 1167 3486 defensare
1173 3449 1237 3505 per·

197 3509 322 3580 sistunt3
332 3506 475 3566 haeretiei
487 3509 572 3582 fiunt,
586 3521 617 3567 et
627 3511 707 3568 fores
720 3512 1015 3572 exeunteshsbentur
1025 3513 1058 3568 in
1070 3515 1238 3576 exercenti-
1260 3515 1261 3556 1

196 3591 250 3648 bus
261 3591 399 3648 inimicis.¹
412 3591 672 3668 Etiamsicquippe
681 3595 1239 3658 verisiltiseatholteismembrirchrisn
1260 3557 1261 3636 i

197 3673 273 3726 malo
287 3690 341 3728 suo
354 3685 496 3748 prosunt,
518 3675 587 3732 dum
600 3675 681 3734 Deus
695 3680 788 3734 utitur
800 3689 831 3736 et
842 3682 927 3754 malis
941 3680 1025 3749 bene,
1039 3687 1071 3734 et
1084 3677 1239 3758 diligenti·

197 3751 249 3830 bns
263 3771 330 3808 eum
342 3759 440 3812 emnia
455 3768 650 3831 cooperantur
663 3761 695 3816 in
710 3762 825 3818 honum.
844 3762 958 3820 Inimici
971 3763 1049 3842 enirn
1063 3779 1170 3821 omnes
1182 3761 1237 3818 Ec·
1259 3749 1260 3760 ¹

198 3833 320 3903 alasiae,
345 3832 476 3908 quelibet
495 3858 595 3896 errore
615 3853 773 3900 caecentur
786 3847 833 3900 vel
846 3847 957 3902 malitia
971 3845 1187 3919 depraventur,
1214 3843 1237 3900 si
