2586 4396
271 193 331 252 nn
354 157 569 254 civim-rs
593 195 671 254 nm
692 195 773 259 ιιιι.
795 197 884 256 xvi.
1025 205 1080 260 ιιι

54 347 137 419 bam,
153 347 229 403 etin
244 345 352 404 Charra
364 346 504 405 habitatio
517 351 597 422 eius,
619 358 648 406 et
661 349 728 406 inde
741 350 895 424 profectio:
920 370 978 408 non
992 356 1084 411 solum

53 434 129 509 quia
143 429 292 488 Eusebius
306 433 336 487 in
350 429 501 488 Chronicis
516 431 551 488 ab
565 451 641 489 anno
655 431 740 489 huius
753 428 954 509 promissionis
968 455 1084 513 compn-

50 526 99 575 tat
113 524 144 572 et
157 515 296 587 ostendit,
309 525 375 588 post
387 516 616 595 quadringentos
625 525 659 575 ,et
671 517 795 596 triginta
806 536 899 574 annos
913 519 1023 576 exitum
1037 540 1083 577 es-

52 620 85 657 se
101 599 138 656 de
152 599 302 676 Aegypto,
317 600 431 674 quando
444 602 493 657 lex
507 599 573 658 data
586 610 644 673 est;
664 619 766 672 verum
780 603 867 658 etiam
881 603 949 678 quia
963 602 993 658 id
1006 621 1083 660 com-

53 692 200 742 memorat
212 682 364 756 Apostolus
376 682 491 740 Paulus.

426 835 547 894 CAP.
589 835 719 894 xv11.

53 931 101 984 De
110 930 198 983 tribas
215 931 443 984 excellentioribus
453 933 576 1004 gentium
591 935 695 1003 regnis,
705 952 816 1004 quorum
829 953 919 1001 ιιιιιιιιι,
932 936 965 988 id
973 943 1027 1000 est,
1038 935 1086 990 As·

198 1000 339 1066 syriorum,
354 1002 409 1054 iem
419 1002 652 1076 Abrcbcmgem'to
659 1005 797 1058 sublimius
808 1006 947 1060 emittebat.

119 1109 178 1165 l’er
190 1109 266 1166 idem
280 1119 391 1184 tempus
406 1113 564 1169 eminentia
576 1131 669 1191 regna
682 1123 765 1169 erant
778 1115 923 1191 gentium,
936 1115 968 1170 in
983 1115 1086 1190 quibus

53 1195 276 1271 terrigenarum
289 1193 410 1266 Civitas,
423 1193 479 1250 hoc
494 1205 549 1267 est,
563 1199 690 1254 societas
703 1195 851 1253 hominnm
864 1196 1022 1253 secundum
1033 1195 1086 1255 ho-

54 1279 333 1337 minemriventium
342 1278 394 1333 sub
405 1277 553 1335 dominatu
564 1281 738 1358 angelorum
748 1279 928 1340 desertorum
940 1281 1087 1358 insignius

56 1361 235 1432 excellebat,
259 1379 352 1438 regna
370 1361 506 1418 videlicet
524 1365 595 1434 tria,
619 1361 842 1439 Sicyoniorum,
867 1363 1087 1442 Acgyptiorum,

53 1445 254 1521 Assyriorum.
276 1443 335 1501 Sed
347 1444 536 1521 Assyriorum
549 1449 640 1503 multo
655 1455 718 1503 erat
732 1448 880 1522 potentius
894 1455 982 1523 atque
997 1447 1087 1502 subli-

52 1532 143 1586 mius.
176 1527 252 1586 Nam
265 1546 319 1584 rex
333 1530 382 1584 ille
395 1528 491 1586 Ninus
503 1528 568 1586 Beli
581 1530 669 1602 filius,
691 1539 813 1605 excepta
825 1527 918 1601 India,
932 1531 1087 1587 universae

51 1615 143 1671 Asiae
160 1615 281 1686 populos
301 1611 517 1690 subiugarerat.
542 1613 641 1670 Asiam
654 1633 732 1671 nunc
749 1613 830 1686 dico,
854 1633 916 1670 non
928 1615 1007 1670 illam
1019 1631 1087 1688 par·

53 1709 117 1754 tem
130 1715 205 1772 quae
218 1695 303 1753 huius
318 1697 437 1753 maioris
449 1698 535 1754 Asiae
547 1716 607 1754 una
618 1699 770 1772 provincia
784 1708 844 1768 est,
871 1696 922 1754 sed
936 1716 999 1754 eam
1013 1715 1088 1773 quae

53 1782 196 1838 universa
208 1781 279 1837 Asia
290 1789 486 1856 nuncupetur,
500 1800 586 1857 quam
601 1782 715 1860 quidam
728 1784 760 1839 in
773 1783 865 1838 altera
880 1781 1014 1855 duarum,
1027 1783 1088 1858 ple-

49 1867 139 1940 rique
163 1873 261 1921 autem
283 1866 316 1920 in
339 1866 427 1921 tertia
449 1866 540 1922 totiu's
564 1867 641 1922 orbis
666 1877 748 1942 parte
770 1875 949 1941 posuerunt,
974 1875 1007 1922 ut
1029 1867 1089 1922 sint

50 1967 170 2019 omnes,
183 1947 264 2019 Asia,
277 1947 408 2023 Europa,
422 1959 452 2006 et
463 1948 577 2006 Africa:
592 1949 670 2025 quod
682 1969 742 2006 non
756 1951 870 2025 aequali
884 1950 1029 2007 divisione
1044 1949 1088 2005 fe·

50 2041 171 2090 cerunt.
198 2031 329 2107 Namque
341 2033 398 2088 ista
411 2050 485 2106 quae
499 2032 568 2089 Asia
581 2043 776 2107 nuncupatur,
792 2051 809 2088 a
821 2032 941 2088 meridie
954 2051 1007 2106 per
1019 2031 1088 2088 Ori-

52 2127 156 2174 entem
165 2134 256 2191 usque
267 2113 694 2191 adSeptemtrioncmpervenit
701 2135 708 2171 ε
716 2114 838 2189 'Europa
848 2133 917 2171 vero
929 2113 1088 2190 oScptem-

51 2202 157 2256 trione
172 2217 264 2274 usque
283 2198 320 2254 ad
339 2197 542 2269 Occidentem
563 2208 650 2274 atque
666 2197 736 2255 inde
754 2197 853 2254 Africa
871 2199 906 2254 ab
924 2197 1089 2254 Occidente

51 2301 150 2358 usque
163 2283 199 2339 ad
211 2282 372 2340 bleridiem.
397 2281 480 2339 Vnde
492 2281 629 2339 ridentur
642 2281 741 2339 orbem
754 2281 903 2338 dimidium
916 2281 991 2338 duae
1004 2290 1088 2338 tane-

49 2387 100 2439 re‚
117 2365 237 2441 Europa
250 2375 279 2422 et
291 2367 404 2438 Africa,
425 2369 513 2424 alium
526 2385 595 2424 vero
609 2366 759 2425 dimidium
773 2367 834 2422 sola
847 2365 924 2422 Asia.
952 2364 1012 2423 Sed
1025 2364 1089 2420 ideo

49 2454 124 2508 illae
144 2448 217 2506 duae
233 2457 330 2524 pa'rtes
350 2451 446 2507 factae
463 2460 547 2522 sunt,
571 2451 638 2526 qnia
656 2453 734 2506 inter
752 2459 905 2524 utramque
922 2450 957 2505 ab
972 2449 1089 2506 Oceano

48 2533 239 2613 ingreditur,
263 2533 401 2609 quicquid
420 2551 559 2609 aquarum
584 2543 678 2589 terras
702 2534 851 2603 interluit,
878 2541 907 2587 et
931 2530 987 2587 hoc
1009 2545 1090 2586 mare

51 2636 198 2696 magnum
211 2617 295 2674 nobis
309 2617 389 2674 facit.
422 2618 603 2692 Quapropter
622 2619 647 2672 si
661 2618 693 2673 in
707 2615 778 2672 duas
791 2623 888 2689 partes
903 2614 1001 2670 orbcm
1014 2613 1089 2670 divi-

51 2703 122 2772 das,
136 2700 267 2758 Orientis
282 2710 312 2757 et
325 2700 502 2772 Occidentis,
517 2699 586 2756 Asia
599 2702 656 2756 erit
667 2701 699 2756 in
712 2718 782 2770 una,
796 2700 828 2754 in
841 2699 932 2754 altera
945 2715 1016 2755 vero
1027 2693 1088 2752 Eu·

50 2801 132 2860 ropa
146 2793 173 2840 et
185 2786 293 2843 Africa.
308 2786 503 2852 Quamobrem
517 2782 631 2861 [unum]
645 2785 735 2840 trium
747 2800 917 2861 regnorum,
933 2799 1005 2858 quaa
1018 2789 1089 2837 tunc

46 2869 282 2948 praecellebant,
303 2863 455 2949 [regnum]
470 2871 584 2926 scilicet
596 2867 716 2945 Sicyon‘
773 2887 802 2924 m
817 2885 876 2923 non
891 2876 954 2922 erat
967 2866 1019 2922 sub
1032 2863 1088 2922 Aa·

45 2955 162 3033 syriis,
186 2955 255 3028 quia
266 2955 299 3010 in
311 2951 430 3028 Europa
444 2963 540 3034 sunto.
549 2886 871 3032 Acgyptiofflautem
886 2949 1031 3027 quomodo
1045 2949 1088 3004 cis

44 3059 113 3097 non
127 3037 312 3108 subiacebat,
335 3037 468 3113 aquibus
487 3047 551 3095 tota
563 3037 633 3094 Asia
650 3037 819 3108 tenebatur,
845 3037 916 3092 solis
937 3034 1032 3104 lndis,
1056 3041 1090 3090 ut

43 3121 235 3200 perhibetur,
257 3123 395 3195 exceptis.
422 3119 456 3177 ln
469 3122 590 3197 Assyria
602 3123 694 3199 igitur
705 3122 910 3195 praevaluerat
923 3119 1088 3176 dominatus

44 3208 162 3282 impiae
172 3203 320 3264 civitatis:
333 3203 418 3260 huius
433 3214 519 3280 caput
531 3213 595 3260 erat
606 3206 657 3260 illa
669 3203 812 3279 Babylon,
827 3205 908 3259 cuius
922 3205 1089 3280 terrigenae

46 3291 185 3348 civitatis
199 3307 306 3346 nomen
319 3288 501 3363 aptissimum
515 3297 571 3358 est,
584 3286 615 3342 id
628 3296 683 3356 est,
697 3285 840 3341 confusio.
868 3284 911 3341 lbi
924 3293 1022 3340 autem
1035 3282 1088 3338 Ni-

46 3393 107 3431 nus
121 3372 269 3452 regnabat
285 3381 352 3448 post
369 3380 493 3428 mortem
509 3371 601 3446 patris
618 3372 665 3426 sui
677 3368 758 3439 Beli,
783 3370 833 3442 qui
844 3369 956 3441 primus
969 3367 1030 3420 illic
1041 3382 1089 3419 re-

46 3466 202 3538 gnaverat
216 3458 372 3536 sexaginta
385 3457 513 3530 quinque
526 3473 628 3511 annos.
651 3452 743 3510 Filius
756 3468 828 3508 vero
844 3451 907 3505 eius
921 3447 1028 3517 Ninus,
1042 3449 1090 3520 qui

45 3543 199 3616 defuncto
213 3549 296 3616 patre
309 3541 450 3596 successit
462 3541 494 3596 in
506 3557 647 3617 regnum,
670 3535 883 3612 quinquaginta
897 3529 969 3586 duos
983 3545 1089 3607 regna-

44 3627 97 3684 vit
112 3637 229 3696 annos,
252 3634 280 3681 et
292 3622 416 3681 habebat
428 3625 460 3681 in
473 3639 567 3702 regno
582 3620 773 3698 quadraginta
788 3629 858 3690 tres,
875 3611 990 3690 quando
1004 3619 1090 3668 natus

43 3719 98 3766 est
113 3704 279 3779 Abrabam,
303 3708 430 3782 quierat
447 3724 541 3764 annus
563 3706 681 3762 circiter
694 3701 863 3759 millesimus
878 3697 1089 3753 ducentesimus

40 3801 124 3850 ante
152 3788 300 3847 conditam
318 3789 455 3862 Romam,
479 3791 573 3848 veluti
596 3791 718 3847 alteram
739 3786 771 3842 in
789 3780 947 3842 Occidente
964 3778 1073 3856 llabylo

38 3879 145 3934 niam.
