2602 4416
234 233 274 285 to
449 221 545 281 DlVl
578 218 763 280 AVRELil
795 220 1048 280 AVGVSTlNl

243 379 358 433 stianac
372 373 513 452 religioni
523 373 702 441 tribuerent,
730 373 756 426 si
773 372 831 426 iam
848 380 920 428 tunc
937 370 1118 452 Evangelica
1132 372 1274 432 doctrina

239 459 381 516 adversus
395 457 490 514 falsos
505 465 535 512 et
552 455 671 511 fallaces
691 471 793 510 eorum
810 453 879 509 deos
896 455 1105 513 testificatione
1118 460 1272 515 liberrima

237 550 420 616 personaret.

627 633 694 693 cl
716 635 749 692 P.
797 634 870 692 111.

234 736 279 790 De
289 733 447 788 assumenda
458 729 580 794 historic,
601 747 654 799 qua
673 731 848 795 ostendatur,
868 747 935 800 quae
954 735 1027 784 mala
1046 731 1195 786 acciderint
1213 733 1272 787 Ro-

233 805 328 867 manis,
347 818 406 854 cum
417 802 477 852 dece
492 802 611 852 colerent
619 837 628 864 ,
648 809 792 868 antequam
807 801 904 870 religio
920 799 1079 854 Christiana
1094 800 1269 856 adcresceret.

298 890 444 948 Memento
464 897 573 960 autem,
596 907 643 944 me
666 890 723 946 ista
746 900 1031 964 commemorantem,
1053 889 1272 949 adhuccontra

235 973 387 1045 imperitos
401 989 507 1048 agere,
533 989 571 1026 ex
595 989 721 1045 quorum
734 973 880 1046 imperitia
892 973 966 1029 illud
979 992 1096 1048 quoque
1111 983 1210 1030 ortum
1223 985 1273 1031 est

234 1057 360 1132 vulgare
387 1053 590 1127 proverbium:
616 1053 722 1111 Pluvia
748 1053 832 1126 defit,
859 1073 948 1111 causa
975 1054 1145 1112 Christiani.
1189 1056 1272 1115 Sunt

235 1154 362 1211 namque
375 1138 427 1210 qui
440 1155 542 1192 eorum
556 1135 662 1191 studiis
675 1136 845 1193 liberalibus
858 1139 973 1193 intituti
989 1147 1088 1194 amant
1100 1138 1270 1211 historiam,

235 1237 293 1294 qua
306 1220 444 1276 facillime
458 1221 516 1274 ista
530 1227 693 1278 noverunt:
720 1218 771 1276 sed
784 1227 818 1274 ut
828 1219 914 1275 nobis
933 1219 1151 1277 ineruditorum
1163 1224 1272 1279 turbas

165 1343 168 1350 .
233 1303 442 1362 infestissimas
456 1301 590 1376 reddant,
617 1321 649 1358 se
671 1321 760 1360 nosse
784 1301 985 1374 dissimulant3
999 1310 1101 1377 'atque
1119 1302 1175 1360 hoe
1190 1305 1274 1378 apud

234 1388 344 1466 vulgus
359 1387 533 1444 confirmare
547 1387 695 1457 nituntur,
720 1385 817 1442 clades
831 1385 936 1458 quibus
949 1403 1001 1459 per
1016 1395 1096 1442 certa
1109 1387 1275 1444 intervalla

232 1473 368 1526 locorum
383 1478 412 1524 ct
425 1477 591 1541 temporum
612 1487 708 1545 genus
731 1467 892 1524 humanum
915 1467 1152 1546 oportetaffligi,
1178 1487 1274 1525 eausa

234 1551 370 1607 accidere
392 1553 521 1606 sentinis
546 1549 719 1621 Christiani,
743 1549 823 1624 quod
846 1557 950 1604 contra
973 1549 1043 1605 deos
1068 1553 1273 1630 suosingenti

234 1635 315 1689 sarna
328 1641 358 1687 ct
369 1633 607 1704 praeclarissima
621 1633 792 1687 celebritate
806 1647 859 1704 per
873 1640 980 1686 cuncta
994 1629 1177 1690 diffunditur.
1208 1631 1271 1690 Re-

235 1717 335 1771 colant
348 1731 419 1790 crgo
434 1713 599 1784 nobiscum,
625 1721 783 1788 antequam
806 1711 941 1770 Christus
965 1716 1098 1771 venisset
1119 1718 1270 1786 incarne,

234 1805 392 1870 antequam
406 1796 469 1850 eius
484 1813 592 1850 nomen
606 1813 652 1866 ea,
678 1798 727 1851 cui
741 1797 853 1852 frustra
865 1796 1015 1866 invident,
1043 1799 1139 1874 gloria
1152 1799 1270 1872 populis

236 1882 453 1947 innotesceret,
480 1877 587 1952 quibus
602 1877 817 1933 calamitatibus
831 1895 879 1932 res
893 1874 1044 1934 Romanae
1065 1881 1269 1953 multipliciter

234 1962 375 2036 varieque
391 1961 537 2016 contritae
551 1960 622 2030 sint,
650 1960 725 2016 etin
738 1957 784 2016 his
799 1959 968 2030 defendant,
996 1963 1021 2016 si
1034 1971 1170 2036 possunt,
1197 1961 1268 2018 deos

235 2061 317 2114 suos,
331 2095 332 2099 ,
344 2044 371 2098 si
383 2050 542 2119 propterea
556 2043 714 2113 coluntur,
742 2061 781 2098 ne
802 2043 861 2098 ista
883 2043 959 2098 male
973 2046 1125 2116 patientur
1138 2047 1268 2102 cultores

235 2141 353 2198 eorum3
378 2143 504 2201 quorum
518 2127 544 2180 si
559 2123 629 2199 quid
638 2143 723 2181 nunc
736 2126 817 2198 passi
830 2125 952 2196 fuerint,
967 2127 1053 2182 nobis
1066 2127 1269 2201 imputandum

238 2227 303 2264 esse
317 2207 510 2264 contendunt.
555 2207 616 2266 Cur
629 2209 708 2264 euim
727 2225 849 2282 eaquae
871 2205 1004 2265 dicturus
1018 2227 1102 2281 sum,
1127 2213 1268 2285 permise-

233 2299 307 2347 runt
320 2289 455 2347 accidere
470 2290 633 2346 cultoribus
652 2291 732 2362 suis,
756 2299 914 2365 antequam
928 2309 978 2347 eos
992 2291 1172 2350 declaratum
1184 2292 1267 2351 Chri-

234 2375 273 2429 sti
287 2391 396 2429 nomen
412 2369 590 2444 offenderet,
618 2391 779 2448 eorumque
798 2371 944 2429 sacrificia
956 2373 1143 2448 prohibereti

637 2523 756 2582 CAP.
800 2522 860 2584 lv.

235 2617 315 2684 Quod
322 2619 440 2670 cultores
450 2619 559 2670 deorum
575 2621 650 2672 nulla
660 2635 778 2688 unguem
792 2635 809 2670 c
825 2617 877 2670 diis
891 2619 948 2670 suis
958 2625 1108 2688 praecepta
1119 2621 1267 2687 probitatis

302 2688 470 2756 acceperint,
490 2695 517 2740 et
525 2687 555 2740 in
564 2689 651 2741 acoris
661 2705 753 2741 eorum
764 2687 859 2757 turpia
869 2703 988 2756 quaeque
998 2689 1197 2742 celebraverint«

294 2776 394 2832 Primo
405 2779 487 2848 ipsos
500 2793 598 2831 meres
612 2795 651 2831 ne
663 2778 807 2850 pessimos
821 2775 979 2849 haberent,
1006 2795 1097 2852 quare
1111 2775 1153 2833 dii
1166 2797 1267 2836 eorum

236 2875 341 2915 curare
355 2853 538 2914 noluerunti
557 2856 640 2912 Deus
656 2859 735 2914 enim
747 2876 837 2916 verus
853 2876 915 2930 eos,
929 2877 947 2914 a
958 2861 1063 2935 quibus
1077 2879 1137 2916 non
1151 2863 1266 2918 coleba-

234 2951 298 3010 tur,
324 2940 430 2994 mcrito
445 2940 596 3015 neglexit:
623 2937 666 2993 dii
688 2948 787 2998 autem
800 2941 862 3011 illi,
888 2959 1046 3018 aquarum
1059 2944 1139 2998 cultu
1153 2959 1185 2998 se
1197 2959 1266 3016 pro-

233 3022 331 3078 hiberi
353 3019 488 3077 hemines
508 3021 705 3098 ingratissimi
725 3033 965 3098 conqueruntur,
997 3027 1125 3082 cultores
1141 3042 1211 3081 suos
1230 3027 1267 3083 ad

233 3106 309 3160 bene
328 3102 488 3160 vivendum
505 3121 597 3178 quare
617 3105 707 3160 nullis
726 3106 842 3183 legibus
868 3104 1064 3165 adiuverunti
1096 3106 1203 3183 Vtique
1223 3109 1267 3165 di-

235 3205 329 3263 gnum
342 3195 417 3257 erat,
441 3195 477 3242 ut
489 3185 636 3261 quomodo
650 3188 701 3243 isti
715 3189 835 3245 illorum
848 3207 948 3261 sacra,
973 3192 1015 3246 ita
1024 3192 1072 3246 illi
1085 3192 1209 3246 istorum
1222 3192 1265 3247 fa-

234 3277 282 3325 cta
315 3277 463 3325 curarent.
520 3268 580 3326 Sed
614 3271 834 3344 respondetur,
867 3273 946 3347 quod
970 3275 1124 3330 voluntate
1148 3277 1266 3349 propria

232 3353 358 3426 quisque
371 3353 465 3408 malus
480 3361 535 3410 est.
585 3354 660 3420 Quis
677 3351 734 3411 hoo
748 3351 921 3432 negaverit?
947 3354 1157 3414 Verumtamen
1174 3360 1265 3430 pcrti-

231 3436 320 3491 ncbat
333 3435 370 3490 ad
384 3437 570 3492 consultores
585 3435 673 3508 deos,
701 3439 781 3494 vitae
798 3438 895 3494 bonae
913 3447 1072 3512 praecepta
1089 3457 1151 3495 non
1165 3442 1263 3496 oecul-

231 3527 295 3573 tare
309 3520 425 3592 populis
439 3520 602 3576 cultoribus
616 3521 690 3590 suis,
716 3519 768 3576 sed
783 3521 863 3576 clara
875 3521 1097 3595 praedicatione
1110 3523 1263 3595 praebere:

231 3618 284 3673 per
297 3610 380 3657 vates
408 3603 496 3658 etiam
522 3603 684 3658 convenire
709 3611 798 3676 atque
820 3619 947 3680 arguere
972 3613 1148 3677 peccantes3
1172 3607 1264 3678 palam

231 3683 339 3737 minari
353 3700 463 3754 poenas
484 3685 559 3738 male
579 3684 751 3760 agentibus,
776 3686 906 3756 praemia
919 3695 999 3742 reete
1012 3687 1181 3744 viventibus
1201 3691 1263 3762 pol-

231 3763 326 3817 liceri.
370 3765 448 3830 Quid
463 3782 594 3839 unquam
611 3766 670 3820 talc
688 3765 720 3820 in
739 3765 862 3821 deorum
880 3767 999 3824 illorum
1018 3769 1135 3843 templis
1153 3781 1265 3844 promta

233 3853 263 3900 ct
277 3845 422 3901 eminenti
435 3866 510 3904 voce
524 3841 719 3920 concrepuiti
744 3847 940 3906 Veniebamus
958 3851 1046 3908 etiam
1060 3869 1116 3908 nos
1129 3853 1263 3928 aliquan-
