2538 4392
232 201 294 262 nn
318 203 538 265 crvrrsru
562 169 642 268 our
662 209 745 270 ιιι.
766 211 875 275 xvn.
1016 225 1075 284 nt

0 385 15 406 ι
43 354 164 436 Spernat
177 365 209 416 ts
221 354 383 428 Βοιιίιιιιι,
405 379 442 418 ac
453 361 496 418 ais
510 379 566 420 rac
579 367 669 440 caper
681 360 800 424 Israel:
813 378 843 426 et
855 367 998 450 Disrtpit
1011 373 1075 434 Do-

1 469 14 504 ι
42 444 132 500 atinus
143 459 267 516 regrum
281 441 317 498 ab
330 439 432 500 Israil
443 445 479 501 da
492 463 581 502 manu
593 457 648 504 tao
660 445 756 520 hodic,
770 451 967 532 quadraginta
979 475 1073 518 annos

5 567 8 576 ,
42 526 174 604 regnarit
187 543 278 599 super
290 523 391 598 lsrael,
409 535 494 584 tanto
507 529 620 585 scilicet
632 533 727 606 spatio
740 538 897 610 temporis,
921 549 1030 612 quanto
1045 553 1075 600 et

1 656 12 670 „
41 613 99 686 ipse
112 607 225 679 David,
245 617 276 664 et
288 609 400 668 audivit
411 609 468 668 hoc
479 613 573 687 primo
586 622 718 689 tempore
730 621 818 696 regni
831 621 893 678 sui:
919 631 953 678 ut
965 624 1075 680 intelli-

0 735 11 754 ,
40 709 138 773 gamus
150 692 218 750 ideo
232 691 359 766 dictum,
383 697 452 770 quia
467 697 566 752 nullus
586 697 733 774 dc=stirpc
747 704 810 758 eius
822 701 921 762 fuerat
933 718 1075 784 regnatu-

1 802 11 841 ι
39 793 102 850 rus3
128 786 158 834 ιι
169 777 362 850 respiciamus
376 778 414 836 ad
427 781 549 854 stirpem
561 779 675 852 David,
696 784 776 842 unde
789 795 819 844 et
831 799 954 845 exortus
969 800 1014 846 ιιι
1027 809 1075 848 ιι-

1 895 10 927 ι
40 861 159 920 cundum
173 879 292 917 carnem
304 861 449 920 Mediator
460 863 518 920 Dei
532 873 562 919 ιι
573 862 725 924 hominum
738 866 824 927 homo
835 865 970 930 Christus
981 873 1074 932 Ιιιιιι.

1 970 9 1008 ι
94 944 159 1002 Nou
172 953 271 1002 autern
282 943 370 1002 habet
382 945 551 1022 Scriptura,
570 949 647 1023 quod
659 951 691 1006 in
703 953 850 1030 plerisque
864 954 979 1014 Latinis
993 957 1074 1015 codi-

1 1051 10 1088 c
39 1030 115 1086 cibus
129 1029 254 1106 legitur,
277 1027 420 1107 Diae-opit
433 1029 577 1088 Dominus
595 1053 719 1110 ragnum
731 1033 835 1094 Ierac'l
851 1039 887 1096 dc
898 1059 987 1098 mauu
1001 1051 1074 1100 tua:

0 1143 5 1156 ·-
38 1114 85 1170 sed
98 1113 300 1170 sicutanobis
313 1115 441 1187 positum
465 1124 510 1172 ιιι
531 1117 685 1174 inventum
708 1119 740 1176 in
764 1119 904 1194 Graecis,
929 1122 1076 1201 Dior-opit

1 1231 2 1234 =
37 1197 177 1255 Dominus
189 1215 313 1271 reguum
331 1197 367 1254 ab
381 1194 484 1254 Israel
501 1199 538 1256 dc
557 1219 646 1257 mauu
663 1211 734 1259 tao:
759 1213 793 1260 ιιι
811 1203 867 1261 hoc
885 1207 1074 1284 intelligatur

1 1314 3 1336 ι
38 1283 69 1340 de
80 1298 168 1336 mana
182 1289 246 1348 tua,
267 1279 344 1354 quod
357 1289 404 1336 ast
416 1281 452 1339 ab
467 1278 575 1338 larail.
609 1282 714 1358 Populi
727 1305 798 1364 crgo
812 1287 903 1344 lsrail
916 1305 1073 1364 personam

1 1374 12 1415 λ
35 1365 159 1442 figurate
172 1363 295 1440 gerebat
307 1360 394 1422 homo
409 1366 477 1436 iste,
497 1367 548 1439 qui
559 1369 684 1440 populus
697 1387 824 1446 regnum
837 1371 935 1428 fuerat
943 1375 1072 1444 ‚amissu-

6 1502 8 1511 ,
33 1465 94 1519 rus,
109 1445 224 1503 Christo
236 1444 304 1504 lesu
316 1445 447 1504 Domino
461 1457 563 1506 nostro
577 1467 631 1524 per
644 1469 754 1510 novum
767 1452 997 1526 Testamentum,
1011 1475 1073 1513 non

1 1591 5 1597 ,
34 1527 200 1601 carnaliter,
214 1529 452 1603 sedspiritaliter
465 1542 637 1609 regnaturo.
666 1533 712 1591 Da
725 1553 782 1612 quo
796 1555 885 1612 quum
899 1535 1017 1609 dicitur,
1030 1539 1074 1596 Et

1 1651 7 1663 ι
34 1615 115 1672 dudit
127 1613 349 1690 illudprosimo
363 1624 425 1684 tuo,
438 1615 475 1672 ad
489 1618 587 1672 carnis
602 1621 811 1695 cognationem
822 1621 853 1676 id
865 1621 1008 1679 refertur:
1035 1640 1073 1678 ex

1 1735 8 1745 ··
32 1698 122 1754 lsrael
139 1698 219 1754 enim
236 1695 371 1754 Christus
391 1698 551 1754 secundum
570 1685 704 1781 c'arnem,
728 1703 807 1759 unde
825 1713 855 1760 ιι
872 1703 953 1761 Saul.
989 1705 1075 1772 Quod

32 1801 100 1838 uero
114 1779 247 1838 additum
261 1790 317 1851 ιιι,
330 1781 402 1838 dono
416 1799 506 1859 super
520 1792 559 1852 tc,
572 1793 670 1858 potest
679 1785 796 1860 quidem
805 1788 944 1865 intelligi,
958 1789 1076 1846 meliori

32 1877 78 1940 te,·
101 1883 172 1922 nam
184 1863 345 1938 etquidem
358 1865 401 1920 sie
412 1874 483 1922 sunt
495 1867 698 1941 interpretati:
723 1870 773 1925 sed
786 1873 891 1928 melius
906 1872 950 1926 sio
963 1873 1072 1944 accipi-

6 2015 9 2024 *
31 1959 88 2022 tur,
95 1950 169 2006 bono
175 1963 267 2023 super
273 1957 313 2017 ιι,
323 1955 356 2004 ut
366 1949 436 2022 quia
442 1949 593 2006 illebonae
599 1960 655 2022 et,
666 1950 731 2008 ideo
743 1955 782 2008 eit
790 1971 879 2026 super
889 1963 930 2024 te,
942 1955 1026 2010 iuxta
1036 1955 1072 2010 il-

1 2104 2 2107 ,
32 2033 76 2090 lud
98 2030 180 2088 aliud
198 2029 415 2105 propheticum,
439 2030 543 2090 Danae
550 2051 664 2110 ponam
678 2051 776 2092 omnes
790 2037 925 2092 inimicos
939 2046 1006 2091 taos
1020 2036 1073 2092 sub

1 2159 7 2188 ,-
28 2117 151 2196 pedibua
166 2116 236 2171 taio.
251 2113 285 2170 In
295 2115 399 2190 quibus
414 2124 460 2170 est
469 2123 499 2170 et
509 2111 611 2186 lsraiil,
626 2117 676 2172 oui
688 2135 741 2172 suo
753 2119 935 2190 persecutori
947 2131 1074 2193 regnum

1 2272 3 2277 Α
28 2199 151 2256 abstulit
164 2196 309 2255 Christus.
345 2198 483 2265 Quamvis
503 2197 595 2254 fuerit
611 2199 672 2256 illio
694 2207 724 2254 ιι
740 2198 847 2270 ΙιιιὸΙ,
870 2200 903 2254 in
919 2217 975 2274 quo
988 2197 1073 2255 dolus

1 2326 6 2334 1
27 2302 87 2341 non
103 2291 183 2352 crat,
210 2279 354 2356 quoddam
374 2281 458 2355 quasi
477 2280 657 2339 frumentum
676 2283 795 2340 illarum
812 2284 973 2358 palearum.
996 2281 1073 2340 Nam

1 2357 4 2422 ζ
28 2369 130 2442 utiquc
143 2364 215 2422 inda
228 2373 314 2420 eraut
326 2363 471 2437 Apostoli,
484 2363 554 2420 inde
567 2373 614 2422 tot
625 2364 782 2442 Martyres,
797 2383 920 2442 quorum
931 2367 1014 2441 prior
1028 2375 1074 2422 ιιι

27 2449 213 2526 Stephanus;
238 2446 307 2504 inde
321 2456 366 2504 tot
378 2445 543 2519 Ecclesiae,
567 2463 639 2524 quas
650 2449 806 2523 Apostolus
819 2447 929 2506 Paulus
944 2467 1071 2508 comme-

25 2544 131 2606 morat,
145 2535 180 2590 in
194 2531 389 2590 conversione
402 2533 466 2588 eius
480 2531 706 2610 magnificantes
721 2531 828 2591 Deum.

92 2617 142 2676 Ι)ι
165 2634 223 2692 qua
240 2633 274 2672 rc
292 2631 355 2672 non
373 2613 474 2672 dubito
494 2615 724 2693 intelligendum
742 2633 808 2672 esse
828 2616 906 2692 quod
926 2619 1071 2694 sequitur,

1 2741 2 2768 1
22 2701 66 2760 Ει
79 2701 236 2760 dividetur
246 2696 350 2758 Israel
361 2700 392 2756 ιἰι
408 2699 482 2756 duo:
500 2699 533 2755 in
545 2696 637 2756 lsrael
649 2700 764 2756 sufficet
776 2699 930 2758 inimicum
943 2699 1071 2772 Christo,

22 2795 54 2841 et
67 2784 165 2842 Israel
177 2781 386 2840 adhaerentem
397 2780 532 2855 Christo,
558 2784 591 2842 in
603 2781 695 2840 lsrail
708 2781 745 2840 ad
758 2785 911 2856 ancillam,
938 2793 969 2841 ct
980 2783 1072 2842 lsrail

19 2870 60 2925 ad
79 2869 209 2924 liberam
226 2869 434 2942 pertinentem.
465 2865 541 2924 Nam
559 2868 618 2924 ista
634 2865 694 2924 duo
712 2885 824 2946 genera
837 2869 964 2944 priunum
983 2868 1073 2925 simul

20 2961 122 3018 erant,
143 2953 228 3009 velut
240 2949 384 3008 Abraham
397 2948 491 3008 adhue
504 2950 678 3009 adhaereret
690 2953 831 3023 ancillae,
855 2951 947 3010 donec
961 2953 1072 3009 sterilis

16 3047 75 3103 par
88 3029 152 3088 Dei
171 3031 297 3109 gratim
317 3031 491 3090 foecundata
509 3035 660 3090 clamaret:
688 3034 922 3095 Eiiccoacillam
933 3036 1073 3109 etfilium

15 3121 94 3179 eius.
132 3117 259 3192 Propter
277 3127 430 3192 peceatum
449 3118 565 3194 quidem
581 3117 748 3176 Salomonis
767 3129 913 3197 regnante
932 3119 994 3176 filio
1008 3121 1071 3175 eiua

13 3201 169 3275 Roboarn,
190 3202 309 3272 scimus,
329 3198 420 3257 lsrail
434 3203 466 3258 in
480 3202 537 3258 duo
550 3201 641 3258 fuisse
654 3202 798 3274 divisum,
812 3212 901 3276 atque
914 3203 957 3258 ita
968 3219 1070 3276 perse-

12 3305 156 3358 verasse,
170 3283 344 3342 habentibus
357 3285 483 3361 singulis
493 3285 626 3359 pertibus
639 3302 725 3362 reges
736 3301 816 3355 suos,
831 3284 923 3340 donec
934 3285 986 3340 illa
996 3299 1071 3359 gons

10 3380 84 3428 tota
98 3389 119 3427 a
132 3368 289 3427 Chaldaeis
304 3377 382 3426 esset
395 3369 513 3444 ingenti
525 3370 690 3426 vastatione
713 3368 855 3424 subversa
869 3373 958 3439 atque
971 3373 1070 3420 trans·

7 3457 88 3512 lata.
127 3452 191 3512 Sed
203 3451 259 3510 hoc
273 3451 343 3528 quid
356 3449 393 3508 ad
407 3447 546 3524 Saulem,
570 3469 636 3508 cum
648 3452 675 3506 si
687 3451 749 3506 tale
763 3447 876 3524 aliquid
889 3447 1070 3503 comminan-

6 3538 88 3594 dum
109 3547 210 3610 esset,
237 3537 294 3612 ipsi
307 3534 405 3592 Dauid
417 3535 508 3591 fuerit
527 3533 778 3604 comminandum,
806 3532 890 3587 cuius
912 3525 1071 3584 eratfilius

1 3617 185 3680 Salomoni
200 3619 351 3678 Postremo
365 3637 444 3677 nunc
458 3620 536 3676 inter
550 3637 582 3674 sc
595 3637 669 3698 gens
680 3614 815 3672 Hebraea
829 3613 923 3670 divisa
937 3629 999 3668 non
1013 3620 1069 3683 ast,

1 3705 68 3762 sed
80 3701 294 3764 indifferenter
308 3705 340 3760 in
354 3701 484 3760 eiusdem
503 3703 611 3758 erroris
630 3703 771 3759 societate
792 3697 923 3772 dispersa
940 3713 993 3772 per
1011 3705 1073 3754 ter·

1 3809 74 3846 ras.
124 3789 247 3847 Divisio
261 3806 332 3848 vero
346 3789 412 3858 illa,
439 3804 526 3862 quam
539 3783 622 3842 Deus
642 3785 695 3841 sub
713 3799 840 3858 persona
852 3779 966 3852 Saulis,
992 3781 1072 3836 illius

1 3876 107 4014 reglrpi
122 3881 155 3930 et
169 3873 270 3948 populi
282 3871 407 3950 figuram
425 3869 574 3949 gerentis,
602 3867 696 3926 eidem
717 3886 811 3946 regno
834 3867 999 3942 populoque
1018 3865 1071 3919 nri·
