2592 4396
469 426 614 485 DIVI

97 565 450 640 AVRELII
515 566 979 641 AVGVSTINI

328 715 575 770 H1PPONENsls
600 717 768 770 nriscorr

255 833 332 898 AD
367 835 826 918 MARCELLINVM,

24 973 149 1077 DE
223 971 785 1080 CIVITATE
855 979 1057 1103 DEI,

141 1165 488 1226 CONTRA
542 1169 942 1241 PA‚GANOS

236 1309 369 1374 LIBER
396 1310 606 1387 QVARTVS
634 1311 847 1378 DECIMVS.

461 1441 626 1452 ..ι-...ρ-

394 1519 621 1580 CAPUT
667 1520 689 1577 1.

20 1629 72 1685 Per
89 1631 303 1684 inobedientiam
320 1631 406 1700 primi
422 1633 574 1686 temiaisin
591 1634 721 1686 necandae
740 1636 834 1687 mertis
851 1637 1059 1704 perpetuitatem

143 1697 265 1751 ruituros
275 1699 464 1768 emnesfur'sae,
475 1701 528 1752 nisi
535 1703 630 1752 multos
640 1699 695 1752 Dei
700 1702 796 1770 gratia
806 1703 940 1756 liberaret.

19 1766 174 1847 Diximus
187 1787 288 1842 iamin
302 1788 497 1860 superioribus
511 1789 607 1860 libris,
634 1788 670 1844 ad
691 1787 848 1848 humanum
871 1809 979 1869 genus,
1000 1811 1060 1848 non

19 1877 114 1931 solum
134 1879 262 1926 naturae
280 1870 472 1928 similitudine
494 1871 679 1942 sociandum,
708 1890 810 1929 verum
832 1875 919 1930 etiarn
937 1875 1060 1949 quedam

19 1953 211 2034 cognationis
224 1951 438 2009 necessitudine
452 1955 484 2008 in
497 1955 638 2010 unitatem
657 1953 830 2010 concordem
845 1959 925 2028 pacis
942 1959 1059 2014 vinculo

20 2034 235 2114 colligandum,
248 2051 285 2089 ex
297 2033 414 2090 homine
427 2053 486 2092 uno
500 2033 595 2092 Deum
607 2036 737 2093 voluisse
749 2035 881 2093 hemines
894 2040 1060 2096 instituere:

19 2140 116 2196 neque
131 2117 191 2173 hoe
205 2135 299 2193 genus
313 2117 402 2172 fuisse
415 2119 446 2172 in
461 2119 587 2194 siugulis
610 2116 770 2191 quibusque
791 2121 980 2189 moriturum,
1001 2121 1060 2174 nisi

20 2203 75 2260 due
85 2200 196 2277 primi,
217 2217 339 2273 qnorum
352 2208 466 2255 creatus
481 2209 526 2255 est
538 2217 614 2254 unus
629 2217 667 2253 ex
679 2201 777 2271 nullo,
799 2202 872 2256 alter
889 2218 927 2255 ex
940 2202 1007 2272 ille,
1029 2201 1057 2255 id
1141 2265 1144 2274 ‚

17 2282 226 2342 inobedientia
242 2277 432 2338 meruissent:
461 2299 477 2337 a
498 2281 601 2356 quibus
622 2281 777 2337 admissum
799 2292 844 2338 est
870 2291 929 2340 tarn
948 2282 1059 2360 grande

18 2377 188 2441 peccatum,
203 2372 237 2418 ut
248 2364 280 2417 in
293 2362 421 2418 deterius
436 2383 469 2419 eo
483 2373 588 2420 natura
600 2373 762 2420 mutaretur
773 2363 913 2435 humana,
927 2369 1014 2422 etiam
1027 2367 1060 2421 in

16 2461 153 2524 posteros
177 2445 354 2522 obligatione
373 2447 486 2520 pcccati
506 2456 535 2500 et
560 2447 661 2500 mortis
683 2448 858 2507 necessitate
879 2449 1058 2502 transmissa.

18 2533 124 2588 Mortis
151 2537 252 2583 autem
268 2545 390 2604 reguum
410 2529 442 2582 iu
462 2525 592 2582 homines
612 2545 705 2600 usque
725 2526 796 2582 adeo
812 2528 989 2582 dominatum
1004 2537 1057 2596 est,

18 2625 50 2669 ut
64 2629 174 2670 omnes
189 2611 221 2664 in
235 2607 390 2665 secundam
409 2626 523 2684 quoque
542 2615 681 2678 mortem,
704 2609 787 2662 euius
802 2609 899 2664 nullus
915 2618 959 2662 cst
979 2607 1058 2675 finis,

15 2691 239 2769 poena-debita
256 2692 432 2766 praecipites
454 2699 571 2768 egeret,
602 2690 660 2745 nisi
682 2688 750 2745 Inde
773 2689 909 2764 quosdam
929 2687 1059 2746 indebita

14 2775 72 2832 Dei
87 2775 192 2854 gratia
206 2774 351 2830 liberaret.
395 2773 437 2828 Ac
458 2791 509 2846 per
523 2770 577 2828 hee
590 2769 697 2826 factum
712 2781 771 2841 cst,
793 2781 827 2828 ut
843 2790 909 2828 cum
929 2781 972 2828 tot
992 2781 1058 2828 tan-

11 2871 124 2934 taeque
137 2865 244 2935 gentes
262 2874 313 2930 per
334 2867 476 2912 terrarum
496 2855 594 2911 orbem
613 2851 735 2909 diversis
754 2853 859 2910 ritibus
877 2854 1059 2928 moribusque

12 2945 174 3008 viventes,
200 2939 354 3011 multiplici
367 2939 550 3014 linguarum,
576 2954 737 3007 armorum,
756 2938 879 2994 vestium
891 2939 951 2992 sint
963 2938 1059 2992 varie·

12 3033 75 3080 tate
90 3023 272 3091 distinctae3
299 3029 466 3077 nontamen
480 3021 604 3094 amplius
619 3017 771 3092 quamduo
792 3017 933 3094 quaedam
950 3034 1060 3096 genera

10 3106 167 3161 humanae
182 3103 330 3157 societatis
345 3105 537 3173 exsisterent,
563 3119 633 3175 quas
649 3098 790 3158 Civitates
807 3102 878 3158 duas
900 3100 1058 3158 secundum

10 3186 193 3262 Scripturas
213 3193 329 3239 nostres
339 3185 443 3239 merite
457 3185 601 3258 appellare
615 3185 767 3257 possimus.
811 3181 878 3238 Vna
896 3186 1001 3257 quippe
1016 3191 1061 3236 est

7 3271 173 3325 hominum
196 3265 354 3322 secundum
372 3284 503 3337 carnem,
528 3266 621 3320 altera
639 3263 796 3320 secundum
814 3263 946 3336 spiritum
961 3265 1060 3319 vivere

7 3355 40 3408 in
56 3353 112 3407 sui
127 3349 273 3420 cuiusque
287 3349 404 3424 generis
428 3365 497 3420 paee
511 3348 687 3416 valentium3
714 3353 819 3400 etcum
833 3343 863 3398 id
877 3343 954 3417 quod
972 3361 1060 3414 expe-

5 3444 79 3491 tunt
95 3439 314 3504 assequuntur,
328 3431 361 3486 in
375 3431 420 3484 sui
434 3431 573 3502 cuiusque
587 3428 703 3505 generis
717 3443 788 3498 pace
801 3426 973 3500 viventium,

437 3539 558 3598 CAP.
600 3538 650 3596 11.

5 3645 49 3696 De
59 3644 129 3696 vita
139 3637 262 3700 carnali,
283 3653 351 3705 quac
360 3652 415 3689 non
425 3653 457 3688 ex
467 3635 587 3702 corporis
597 3642 715 3697 tantem,
736 3632 783 3686 ted
798 3637 879 3684 ettam
890 3647 922 3682 ex
935 3629 1019 3681 animi
1027 3629 1062 3681 sit

413 3702 586 3769 intelligenda
595 3701 676 3752 vitiis.

68 3797 175 3855 Prius
192 3808 262 3868 erge
274 3789 431 3847 videndum
446 3799 505 3858 est,
528 3787 597 3861 quid
609 3790 649 3842 sit
663 3787 818 3922 secungum
834 3801 966 3855 earnem,
992 3783 1062 3859 quid
1170 3803 1172 3808 ’

44 3879 96 3938 ΙΙ.
