2586 4396
231 197 271 253 74
455 178 550 240 DIVI
570 175 759 236 nvnnnn
784 174 1034 234 nvotsTlNl

231 331 528 412 &iintelligendum
544 337 604 401 est,
628 326 682 384 lroe
695 327 790 386 Deum
805 327 933 399 tunae,
959 343 1048 402 quum
1066 331 1145 386 uren
1166 331 1255 390 lineus

168 460 169 464 =
232 427 455 502 quingentorum
468 432 610 472 annorum
619 421 699 470 esset
711 411 788 482 Nol,
805 409 908 483 idest,
926 411 1157 491 quadringentos
1169 427 1254 474 octn-

231 511 314 588 gintn
326 505 404 561 vitre
415 517 509 557 *onnon
522 505 647 576 ageret,
661 514 737 572 *quos
750 512 830 552 more
843 514 896 552 suo
910 493 1063 570 Scriptum
1077 499 1253 576 quingentos

230 597 330 658 vnent,
356 584 472 644 nomine
491 583 580 638 totius
594 582 749 638 mximam
760 588 871 654 purtem
881 581 1051 656 plerumque
1068 581 1254 659 significans:

232 669 445 731 senoentesimo
465 666 569 742 quippe
588 682 665 722 nnno
682 665 761 721 vitoe
772 662 851 735 Not,
874 663 1005 722 seeundo
1026 683 1125 722 mense
1144 665 1253 724 fertum

153 750 158 760 ⁴
232 766 276 814 en
285 754 442 812 diluvium:
469 767 502 806 no
522 749 564 804 sio
582 757 698 806 uentura
716 749 824 826 viginti
838 748 912 804 nuni
922 747 1065 822 praedieti
1077 758 1146 808 nunt
1159 749 1255 807 futuri

231 842 310 898 vitoe
322 835 469 892 hominum
481 834 691 906 periturorum,
712 832 818 908 quibus
831 833 984 888 uenientis
998 830 1105 889 diluvio
1120 831 1252 890 deleren-

231 933 288 982 tur.
331 918 393 976 Neo
405 917 514 974 frustm
524 915 668 987 ereditur,
692 917 735 972 sio
753 916 861 972 lentum
873 933 939 974 esse
951 915 1103 988 diluvium,
1122 917 1182 974 ium
1194 936 1253 974 non

232 1004 360 1062 inventis
373 1003 405 1058 in
418 1009 496 1057 terre
509 1001 559 1076 qui
572 1018 631 1058 non
642 1008 729 1056 mont
737 991 823 1078 'digni
831 1001 884 1056 tuli
897 1007 989 1058 morte
999 999 1138 1078 defungi,
1152 1002 1253 1075 quein

231 1089 335 1164 impios
348 1085 527 1142 vindicatum
540 1092 601 1142 est:
620 1101 679 1142 nou
693 1102 749 1160 quo
761 1083 809 1140 hie
820 1085 975 1159 quiequam
984 1081 1071 1140 benis
1084 1083 1252 1158 quandoque

232 1171 379 1230 moritruis
393 1170 450 1225 tale
462 1186 556 1248 genus
568 1169 670 1226 mortis
683 1168 773 1226 societ
781 1166 894 1242 aliquid
904 1166 981 1243 quod
991 1167 1035 1223 eis
1047 1168 1137 1242 possit
1148 1165 1252 1222 obesse

231 1262 440 1333 postmortem.
483 1250 688 1310 Verumtamen
707 1253 802 1310 nullus
822 1267 920 1308 eorum
932 1251 1040 1308 diluvio
1054 1257 1177 1306 morttrus
1191 1259 1251 1322 est,

233 1357 305 1416 quos
315 1338 353 1396 de
367 1337 477 1394 semine
489 1333 562 1394 Seth
574 1345 749 1414 propagatos
763 1344 865 1402 snuete
877 1332 1030 1410 Seripture
1042 1342 1251 1392 oounmemornt.

232 1422 282 1481 Sic
301 1431 398 1480 autem
421 1419 562 1477 divinitus
586 1413 689 1477 dilrivii
713 1437 798 1476 eousn
818 1426 968 1476 narretur:
998 1417 1121 1488 Vident,
1145 1417 1252 1492 inquit,

233 1505 376 1564 Dominus
390 1502 472 1562 Deae
479 1542 489 1574 ,
513 1505 583 1581 qaia
595 1503 811 1581 multiplicatae
824 1511 893 1559 runt
905 1501 1038 1560 nadiiao
1050 1501 1193 1558 lominum
1206 1518 1253 1557 ru-

228 1607 285 1666 per
299 1598 426 1656 terram,
452 1595 482 1643 et
502 1587 593 1643 omnio
613 1587 734 1664 quisquo
755 1583 850 1664 [qaod
865 1580 1079 1664 unuquisque]
1095 1586 1252 1662 cogitatis

232 1671 319 1728 eorde
337 1686 388 1726 ouo
408 1668 567 1744 deligenter
583 1686 674 1747 sapor
690 1669 822 1747 maligna
840 1686 936 1726 omnes
954 1669 1034 1726 dieo:
1060 1677 1089 1726 et
1107 1669 1252 1744 cogitavit

234 1751 331 1822 Dauo,
346 1751 504 1829 quiafeoit
516 1751 656 1809 hominem
669 1769 759 1830 sapor
772 1764 902 1824 tarr-ara,
916 1761 947 1810 ot
958 1751 1153 1829 recogitavit,
1167 1761 1197 1808 et
1209 1751 1252 1808 di·

230 1837 279 1893 nit
291 1834 389 1905 Deus,
404 1832 514 1892 Beleia
527 1833 668 1893 hominem
680 1854 761 1914 quem
766 1836 839 1909 feei
851 1835 966 1908 afaoie
979 1845 1081 1894 terrae
1094 1835 1130 1892 al
1143 1833 1252 1890 leonino

231 1935 321 1997 noque
334 1919 375 1976 ul
384 1935 494 1997 paone,
520 1927 551 1976 et
563 1937 583 1976 a
595 1921 755 1997 reptitibuo
769 1935 859 1998 usquo
871 1920 913 1978 ad
922 1918 1059 1978 volatilia
1072 1917 1157 1988 ooali,
1181 1917 1251 1994 quia

232 2003 331 2060 iratae
343 2019 421 2072 mm,
439 2003 574 2079 quoniam
583 2003 655 2076 feci
665 2021 724 2062 roe.

596 2119 721 2179 CAP.
762 2117 886 2178 XXV.

230 2213 273 2268 De
285 2217 330 2268 ira
341 2215 410 2281 Dei,
429 2233 496 2285 quae
511 2217 703 2270 iinmutatilem
716 2218 943 2339 grapqaillitateot
957 2219 1030 2270 nullu
1044 2215 1252 2286 inflammatione

664 2305 715 2354 per
730 2305 762 2338 ur
779 2297 818 2339 at.

293 2373 340 2431 Iro
352 2373 424 2446 Dei,
449 2393 508 2431 non
521 2373 700 2448 perturbatio
716 2378 805 2432 nnimi
819 2378 881 2432 eius
895 2385 956 2449 est,
982 2375 1032 2432 sed
1043 2374 1185 2431 iudicium
1197 2391 1251 2449 quo

230 2459 379 2536 irrogetur
400 2477 493 2534 poena
514 2467 642 2534 peceato.
685 2457 834 2538 Cogitatio
852 2479 923 2517 vero
943 2462 1005 2516 eius
1023 2468 1054 2516 et
1069 2458 1251 2536 recogitatio,

230 2541 432 2600 mutandarum
455 2559 553 2599 rerum
574 2551 621 2598 est
642 2543 829 2600 immutabilis
847 2545 932 2601 ratio.
975 2543 1076 2619 Neque
1089 2542 1253 2599 enimsieut

230 2623 390 2698 hominem,
408 2628 450 2683 its
462 2625 558 2684 Deum
572 2626 742 2702 cuiusquam
754 2627 825 2683 sueti
837 2629 885 2684 sui
896 2629 1041 2702 poenitet,
1063 2628 1147 2682 euius
1161 2635 1208 2682 ert
1218 2623 1253 2680 le

230 2709 363 2767 omnibus
386 2712 506 2768 omnino
527 2710 615 2766 rebus
637 2718 697 2766 tem
713 2710 774 2767 fixe
790 2713 953 2783 sententie,
978 2727 1063 2787 quum
1077 2718 1157 2766 oertu
1169 2727 1253 2784 pree·

230 2794 360 2849 scientie.
403 2792 463 2850 Sed
484 2793 511 2848 si
529 2811 590 2849 non
606 2802 704 2850 ututur
717 2791 871 2868 Scriptura
886 2795 992 2852 talibus
1010 2794 1122 2863 verbis,
1147 2809 1209 2848 nou
1222 2810 1253 2846 se

228 2873 352 2950 quodem
364 2876 448 2930 modo
458 2875 626 2931 fanuiliuriur
640 2877 802 2935 insinuabit
811 2880 891 2935 omni
900 2879 1003 2956 generi
1012 2875 1169 2945 hominum,
1184 2877 1252 2948 qui·

227 2957 279 3011 bus
292 2960 355 3012 vult
368 2975 432 3012 esse
445 2960 624 3028 consultum,
637 2967 669 3014 ut
680 2969 711 3016 et
722 2971 885 3036 perterrent
897 2962 1111 3038 superbientes,
1125 2965 1153 3012 et
1164 2959 1251 3013 exei-

228 3047 271 3094 tet
288 3039 488 3117 negligentes,
516 3050 546 3097 et
558 3051 693 3099 exerrent
705 3054 893 3119 quaerentes,
920 3055 950 3103 et
962 3047 1023 3103 alut
1035 3041 1251 3119 intelligentes:

229 3120 304 3196 quod
316 3141 377 3178 non
390 3122 514 3194 faceret,
540 3125 566 3180 si
579 3143 638 3183 non
652 3129 777 3202 seprius
791 3129 962 3203 inclinaret,
988 3138 1018 3186 et
1030 3126 1150 3204 quodem
1163 3123 1251 3182 modo

229 3205 416 3262 descenderet
427 3206 465 3262 ed
477 3209 614 3265 iacentes.
657 3211 741 3278 Quod
751 3221 848 3269 nutem
860 3215 946 3272 etium
959 3215 1112 3270 interitum
1124 3211 1251 3266 omnium

227 3290 395 3346 nnirnulium
408 3300 590 3349 terrenorum
602 3295 821 3371 volatiliumque
834 3296 1000 3368 denuntiet,
1018 3293 1252 3374 magnitudinem

226 3371 343 3429 futurae
366 3373 454 3430 eladis
475 3373 596 3448 effetur3
622 3395 683 3433 non
705 3381 902 3438 annuentibus
925 3382 1047 3439 rationis
1073 3376 1251 3454 expertibus,

224 3465 362 3533 tunquum
375 3467 405 3514 et
417 3459 480 3533 ipsu
491 3461 690 3534 peonnverint,
703 3463 833 3519 minetur
847 3467 975 3522 exitium.

577 3592 697 3651 CAP.
740 3593 892 3653 XXVI.
982 3633 984 3640 ι

226 3684 303 3748 Quod
315 3706 380 3740 arca
394 3706 473 3757 quam
485 3688 545 3742 Not
559 3689 646 3769 iussas
661 3700 702 3743 eet
710 3692 821 3764 farere,
840 3693 869 3746 in
885 3691 1152 3746 omnitenentem
1164 3690 1252 3743 Eccle-

602 3775 719 3830 ooomque
728 3761 872 3832 significet.

291 3841 349 3899 lum
363 3864 432 3901 vero
448 3846 524 3921 quod
537 3847 599 3904 Noi
612 3846 723 3908 homiui
735 3853 831 3922 iusto,
857 3862 886 3907 et
898 3854 973 3908 siout
986 3850 1020 3906 de
1033 3853 1084 3908 illo
1098 3851 1252 3923 Scriptura
