2530 4392
218 220 278 276 ale
414 204 416 210 ’
443 209 546 270 DlVl
564 206 753 270 eventu
775 204 1024 266 AVGVS'l'lNl

222 367 298 426 lecto
312 365 390 422 enim
402 382 455 439 per
467 363 632 442 angelicum
650 361 843 418 ministerium
856 369 938 418 tante
949 379 998 416 res
1011 358 1186 440 peragenda
1202 371 1246 418 est

222 449 256 509 Si
269 459 366 506 eutem
379 447 561 523 quaerimus,
588 463 658 520 quos
672 446 765 502 iustos
782 445 811 500 ci
823 445 1032 523 congregaturi
1044 454 1116 502 sunt
1129 443 1249 524 Angeli.

223 533 284 604 Qui
296 533 464 612 disponent,
475 531 582 604 inquit,
594 538 800 586 testamentum
812 529 875 586 eius
888 545 977 607 asper
988 526 1163 600 sacrificia.
1177 528 1251 586 llaec

211 625 267 673 est
279 617 373 673 omnis
387 615 449 671 rite
462 615 619 684 iustorum,
643 611 797 688 disponere
814 619 1020 668 testamentum
1031 610 1093 670 Dei
1105 629 1199 687 snper
1211 631 1239 668 ss

219 699 338 757 crificia.
364 696 423 754 Aut
436 697 514 754 enim
526 712 615 769 opera
626 695 841 754 misericordiae
856 704 924 752 sunt
936 712 1027 773 seper
1040 694 1216 768 sacrificia,
1228 698 1249 754 it

219 793 276 856 est,
290 780 440 839 seemlieiis
453 779 669 855 praeponenda,
687 781 770 836 iuxta
783 780 957 838 sententiam
970 778 1029 838 Dei
1041 779 1187 850 dicentis,
1199 779 1249 838 Ma

220 866 413 925 sericordinm
428 861 549 940 [megia]
562 864 626 921 eolo
639 881 725 941 psam
737 862 936 936 sacrificium:
950 872 1000 920 ant
1010 865 1038 920 si
1049 881 1147 940 super
1160 865 1250 922 sacri·

214 950 308 1024 ficia,
330 949 362 1004 in
375 947 526 1003 sacrificiis
540 949 716 1026 intelligitur
729 946 854 1019 dietum,
878 945 1020 1022 quomodo
1040 957 1250 1023 superterram

219 1035 285 1090 fieri
298 1032 406 1087 dicitur
419 1029 495 1108 quod
507 1031 540 1088 fit
552 1033 654 1107 utique
667 1032 698 1088 in
711 1041 804 1088 terra:
818 1030 947 1106 proiecto
960 1032 1025 1106 ipsa
1037 1049 1132 1106 opera
1142 1032 1250 1088 miseri-

221 1115 337 1173 ccrdiae
350 1125 421 1172 sunt
430 1115 577 1172 *sacrificia
590 1115 692 1192 quibus
705 1117 836 1191 placetur
848 1113 924 1186 Deo,
943 1116 1019 1172 sieut
1032 1116 1067 1172 in
1080 1116 1157 1172 libre
1166 1113 1249 1172 huius

222 1199 338 1276 Operis.
351 1199 463 1256 decimo
483 1219 531 1255 me
558 1198 729 1256 disseruisse
754 1200 942 1256 reminiscor:
967 1199 1135 1274 inquibus
1161 1199 1247 1274 operi·

220 1286 275 1342 bus
289 1284 447 1360 disponunt
459 1285 529 1340 iusti
540 1293 746 1340 testamentum
753 1281 822 1354 Dei,
836 1284 1031 1359 quiapropter
1042 1284 1247 1358 promissiones

222 1388 297 1445 quae
316 1387 393 1425 novo
413 1369 475 1424 eius
489 1366 678 1424 Testamento
698 1368 903 1438 continentur,
926 1365 997 1424 haec
1009 1366 1139 1425 iaciunt.
1175 1365 1247 1423 Vnde

222 1453 409 1530 congregetis
420 1453 477 1508 sibi
485 1453 570 1508 iustis
579 1452 652 1523 suis,
666 1460 695 1508 et
705 1451 741 1508 ad
751 1469 833 1508 suam
846 1450 993 1508 dexteram
1002 1452 1190 1521 constitutis,
1203 1469 1244 1506 no·

222 1539 342 1593 sissimo
356 1537 457 1610 utique
470 1535 589 1607 iudicio,
607 1535 739 1592 dicturus
754 1544 799 1592 est
813 1533 960 1592 Christus:
991 1533 1099 1594 Venite
1111 1535 1246 1594 taedae

222 1617 327 1676 Petris
345 1620 417 1687 mei,
434 1620 589 1696 possidete
604 1630 751 1698 paratam
768 1619 847 1678 codis
864 1637 985 1697 regnam
1004 1638 1024 1676 e
1041 1619 1245 1677 constitutions

222 1702 329 1758 mendi.
352 1701 477 1759 Esurivi
493 1704 582 1773 enin,
599 1713 629 1761 et
642 1703 767 1762 dedistis
783 1701 855 1760 milti
870 1703 1067 1760 manducare:
1095 1711 1126 1760 st
1145 1711 1243 1760 caetera

222 1803 295 1860 qnae
309 1785 349 1840 ilsi
361 1785 548 1858 proferuntur
560 1784 596 1840 de
609 1785 752 1844 bonorum
769 1787 905 1861 operibus
923 1785 1025 1856 bonis,
1051 1795 1084 1842 et
1100 1786 1140 1843 de
1157 1803 1243 1844 corun

222 1869 357 1942 praemiis
371 1869 555 1943 sempiternis
568 1887 620 1944 per
633 1871 763 1926 ultimam
776 1871 950 1927 sententiam
962 1869 1136 1928 iudicantis.

594 2019 714 2080 CAP.
756 2019 878 2078 XXV.

221 2114 264 2170 De
274 2116 419 2186 prophetia
431 2116 597 2182 Malachiae,
617 2135 670 2188 pse
685 2114 740 2170 Dei
754 2118 881 2172 iudicium
898 2117 1021 2172 ultimam
1037 2118 1205 2184 declaretur,
1222 2127 1241 2170 et

264 2187 430 2256 quorundam
439 2189 540 2242 dicitur
545 2205 596 2257 per
602 2187 808 2259 purificatorias
815 2187 1051 2263 poenssfccieisda
1060 2190 1208 2244 ηιιιιιίιιιιο.

283 2294 427 2370 Propheta
440 2293 607 2367 Malachiae,
622 2298 684 2352 sive
695 2294 830 2368 Malachi,
844 2298 894 2373 qui
906 2305 936 2352 et
942 2295 1071 2376 Angelus
1087 2297 1186 2356 dietus
1198 2311 1241 2364 est,

222 2379 273 2454 qni
287 2379 374 2434 etiarn
387 2379 495 2436 Esdres
510 2379 655 2451 sacerdos,
678 2381 761 2436 cuins
774 2381 831 2438 alia
844 2383 876 2437 in
890 2397 1032 2437 canonem
1044 2385 1158 2458 scripta
1169 2400 1240 2438 reee-

219 2472 270 2537 pta
281 2471 360 2534 sunt,
375 2463 411 2519 ab
424 2463 568 2539 aliquibus
582 2463 719 2536 creditur,
733 2459 814 2540 (nem
825 2462 862 2520 de
874 2466 924 2522 illo
936 2462 1011 2521 hene
1024 2483 1093 2522 esse
1102 2464 1240 2524 Hebraeo

219 2565 284 2604 rum
296 2548 464 2620 opinionem
477 2547 548 2604 dicit
561 2537 795 2627 Hieronymus,)
815 2547 955 2605 iudicium
971 2551 1167 2606 novissimum
1183 2569 1238 2625 pro

220 2629 330 2706 plectat,
339 2630 454 2704 dicens3
468 2631 642 2702 Eeceoenit,
656 2630 877 2692 dicitDomiase
884 2632 1082 2710 omnipotens:
1095 2637 1239 2712 etqssisss·

220 2713 342 2773 stinelit
354 2717 429 2778 diem
440 2717 581 2774 introitus
595 2718 668 2788 eius,
683 2726 738 2772 est
750 2716 913 2793 qaisferre
919 2719 1039 2795 poterit
1051 2728 1087 2775 ast
1099 2719 1238 2798 adspiciet

220 2797 301 2856 cem?
328 2797 408 2868 Quin
430 2802 493 2876 ipse
515 2800 686 2876 ingreditur
708 2802 796 2877 paesi
815 2801 894 2877 ignis
916 2799 1100 2875 conflatorii,
1124 2801 1239 2880 apsari

218 2881 310 2938 derbe
323 2882 501 2962 locantium:
514 2893 544 2938 et
552 2883 665 2940 sedebit
677 2881 817 2958 conflens,
831 2893 861 2940 et
872 2884 1042 2954 medens,
1054 2886 1137 2942 anet
1147 2903 1236 2944 essm

219 2975 249 3021 et
260 2966 338 3020 sicet
349 2973 516 3040 argentum,
530 2976 560 3022 et
572 2965 833 3039 emundabitfilios
845 2963 926 3038 Levi,
946 2977 974 3024 et
979 2966 1098 3038 fundet
1111 2987 1161 3026 eos
1173 2971 1235 3026 sient

219 3065 324 3102 aarum
336 3057 367 3104 et
380 3058 554 3123 argentum:
572 3059 604 3108 et
622 3059 711 3106 erunt
723 3047 848 3107 Domino
860 3052 1019 3128 efferentes
1032 3049 1151 3109 hostica
1163 3056 1191 3110 is
1202 3055 1236 3108 is·

218 3131 314 3186 stitia.
341 3127 384 3187 Et
398 3130 533 3208 placebit
554 3127 679 3190 Domino
702 3132 883 3206 sacraficium
899 3131 975 3192 Inde
999 3143 1030 3190 et
1048 3131 1235 3202 Hier-aceles,

218 3215 297 3270 sicet
308 3211 408 3272 diales
415 3215 570 3292 pristinis,
584 3218 704 3275 etaient
717 3219 803 3275 eund
809 3218 974 3295 prioritas.
999 3215 1043 3275 Et
1055 3219 1195 3277 medes·
1205 3217 1236 3274 si

216 3315 267 3354 ooo
286 3299 316 3354 in
334 3295 454 3370 iudicio,
473 3310 504 3358 et
519 3319 569 3358 ero
589 3299 676 3359 testie
691 3301 777 3358 velen
800 3316 890 3379 super
914 3299 1077 3371 melficta,
1104 3313 1136 3360 et
1160 3319 1235 3380 asper

217 3381 383 3453 adulteros,
410 3394 440 3440 et
453 3399 543 3461 super
563 3401 612 3443 eos
631 3385 683 3462 qai
694 3385 799 3442 ierant
812 3385 843 3441 in
855 3387 968 3442 nomine
979 3401 1042 3440 meo
1053 3387 1233 3450 mendaciter,
1252 3381 1253 3433 l

217 3475 247 3522 et
258 3466 473 3542 qeifrcadeet
482 3467 642 3526 mercedem
651 3469 844 3538 mercenario,
858 3477 888 3526 et
898 3467 1067 3546 oppriment
1073 3485 1137 3545 per
1142 3479 1233 3547 potss-

209 3551 290 3604 vtiam
303 3551 418 3620 viduas,
431 3561 462 3608 et
468 3551 795 3630 percutientpstpillos,
810 3560 1025 3630 etpereertsst
1039 3553 1180 3610 iudicia
1191 3549 1230 3608 si·
1251 3551 1252 3643 l

216 3647 317 3700 venae,
332 3644 362 3690 et
375 3636 426 3711 qai
438 3651 492 3690 non
507 3637 611 3693 timent
622 3653 680 3705 me,
703 3635 779 3694 dicit
790 3633 933 3692 Dominae
946 3635 1140 3711 omnipotens.
1168 3633 1229 3706 oe-
1250 3697 1251 3704 ,

216 3713 295 3766 πίαιιι
307 3731 360 3788 ego
374 3715 516 3774 Dominus
530 3715 616 3775 Dese
625 3728 734 3790 vester,
755 3727 786 3778 et
798 3735 855 3776 eos
868 3727 972 3775 ustor.
992 3715 1041 3774 Ex
1053 3715 1101 3775 his
1115 3739 1185 3796 quae
1196 3717 1229 3772 li

217 3801 263 3846 ota
282 3805 365 3864 sunt,
387 3797 505 3855 videtur
519 3801 680 3858 evidentius
699 3819 839 3877 apparere
858 3802 890 3858 in
908 3802 959 3858 illo
976 3799 1086 3858 iudicio
1107 3801 1230 3878 qnndsn

217 3876 396 3948 l¹¹⁰f¹¹¹¹l⁸m
410 3865 596 3959 purgatoriis
608 3901 716 3960 poenes
730 3884 853 3942 futures.
876 3883 931 3941 Vbi
943 3883 1022 3942 enlm
1034 3882 1152 3957 dicitnr,
1168 3883 1229 3954 Osis
