2576 4396
268 185 330 246 DE
353 186 567 248 ClVlTATE
593 189 671 249 DEI
695 192 773 251 LlB.
796 193 837 253 X.
1002 201 1062 260 3lb

31 343 111 400 enim
123 341 215 397 beata
228 341 296 412 erit,
322 343 379 397 nisi
391 359 501 398 secura.
527 342 566 399 Vt
578 353 675 400 antem
689 363 791 402 secura
804 347 854 419 sit,
868 348 940 406 ialso
952 352 1065 426 putabit

30 443 143 502 semper
158 443 191 480 se
203 425 320 481 beatam
332 425 411 498 iore3
438 427 574 501 quoniam
586 427 740 503 aliquando
756 431 813 486 erit
824 441 855 486 et
866 433 979 491 misera.
1011 436 1063 495 Coi

28 529 98 590 ergo
112 508 263 588 gaudendi
274 527 362 565 causa
372 509 483 566 falsitas
496 512 563 583 erit,
578 511 718 586 quomodo
730 512 765 570 de
773 517 897 571 veritate
910 517 1063 596 gaudebiti

27 595 107 652 l'idit
119 593 177 649 hoe
187 591 376 668 Porphyrius,
390 603 599 672 purgatamque
612 597 738 652 animam
752 599 787 654 ob
799 595 853 654 hcc
866 603 975 657 reverti
989 601 1065 658 dixit

28 680 60 735 ad
72 678 206 748 Patrem,
221 695 259 733 ne
270 677 424 752 aliquando
434 677 493 733 iam
505 681 646 736 malorum
655 679 764 754 polluta
774 685 950 764 contagione
963 694 1063 742 tenea·

28 774 82 818 tur.
126 767 143 798 *ι
158 761 245 818 Falso
265 762 359 839 igitur
376 781 393 818 a
411 761 582 837 quibusdam
594 762 754 821 Platonicis
773 776 819 822 est
836 767 964 824 creditus
981 770 1063 845 quasi

28 847 215 903 necessarios
225 845 305 900 orbis
316 845 376 917 illc,
389 845 424 901 ab
435 845 542 902 eisdem
553 847 678 904 abeundi
689 857 719 904 et
728 848 764 904 od
773 850 872 908 eadem
885 853 1061 910 revertendi.

29 930 111 997 Quod
124 930 245 984 etiamsi
258 947 361 985 verum
374 939 466 1001 esset,
492 933 541 1006 qui
559 929 614 988 boc
631 931 709 987 seire
721 933 888 1008 prodesset,
915 937 974 992 nisi
986 937 1063 993 forte

29 1014 93 1069 inde
106 1032 140 1068 se
155 1012 242 1068 nobis
255 1012 398 1070 auderent
409 1015 556 1090 praeferre
569 1013 729 1088 Platonici;
755 1020 824 1093 quia
838 1020 869 1075 id
887 1038 941 1076 nos
959 1023 991 1077 in
1008 1020 1063 1078 bac

30 1100 86 1153 vita
99 1099 161 1152 iam
174 1097 366 1168 nesciremus,
386 1097 461 1173 quod
473 1099 529 1173 ipsi
542 1101 574 1156 in
586 1101 643 1156 alia
657 1101 778 1156 meliore
789 1103 850 1158 vita
863 1106 1062 1182 purgatissimi

30 1191 56 1236 et
69 1182 280 1255 sapientissimi
294 1179 411 1237 fuerant
423 1184 577 1254 nemitori,
604 1192 635 1238 et
650 1183 757 1238 falsum
771 1183 913 1241 credendo
925 1187 1003 1242 beati
1015 1188 1061 1243 lu-

29 1261 104 1320 tnrii
136 1262 224 1330 Quod
239 1266 265 1320 si
279 1263 516 1322 absurdissimum
529 1276 559 1322 et
572 1267 777 1322 stultissimum
795 1276 840 1322 est
852 1267 963 1340 dicere,
990 1269 1062 1325 Por-

28 1349 124 1424 phyrii
135 1349 269 1423 prolecto
284 1356 329 1403 est
340 1348 530 1424 praelercnda
544 1349 701 1420 sententio,
714 1347 759 1404 bis
773 1351 821 1426 qni
832 1352 994 1407 animarum
1004 1354 1063 1406 eir-

30 1435 110 1489 culos
134 1434 303 1488 alternante
326 1449 438 1508 semper
460 1433 600 1490 beatitate
623 1442 654 1490 et
676 1434 795 1489 miseria
820 1437 959 1510 suspicati
985 1444 1061 1492 sunt.

29 1515 110 1584 Quod
124 1517 150 1571 si
163 1517 207 1571 ita
222 1524 282 1587 est,
312 1535 380 1572 ecce
393 1515 562 1572 Platonicus
581 1518 613 1574 in
630 1517 734 1572 melius
747 1535 764 1572 a
777 1516 899 1574 Platone
912 1517 1061 1576 dissentit:

30 1620 95 1656 eeee
108 1598 194 1670 vidit,
215 1599 290 1674 quod
304 1601 354 1655 ille
367 1618 427 1656 uon
439 1600 525 1672 vidit,
543 1620 599 1658 nee
612 1609 680 1676 post
691 1601 780 1656 talem
791 1620 827 1658 ac
839 1611 955 1658 tantum
967 1604 1061 1681 magi·

29 1695 116 1740 strum
129 1683 245 1761 refugit
258 1685 481 1756 correctionem,
494 1683 546 1740 sed
558 1683 669 1742 bomini
679 1687 847 1760 praeposuit
856 1687 1018 1742 veritatem.

737 1765 1061 1847 (enomexxxr)

386 1847 710 1908 css.xxxr

30 1948 129 2002 Contra
139 1955 333 2017 argumentum
342 1943 559 2012 Platonicorum,
577 1965 629 2018 qao
642 1950 760 2004 animam
769 1947 913 2004 lamonem
925 1949 983 2004 Deo
992 1967 1062 2003 asse-

383 2025 450 2069 rant
460 2034 513 2070 esse
523 2028 699 2072 coaeternam.

86 2106 147 2165 Gur
161 2123 233 2184 ergo
247 2124 309 2162 non
320 2106 419 2180 potius
433 2107 582 2164 divinitati
595 2108 740 2166 credimus
754 2109 790 2166 de
802 2108 847 2165 bis
861 2109 965 2181 rebus,
991 2125 1061 2183 quas

26 2193 151 2250 bumana
163 2192 284 2268 ingenio
298 2191 497 2270 pervestigare
511 2209 570 2247 nou
583 2209 749 2267 possumus,
763 2211 838 2270 quae
851 2194 977 2250 animam
990 2210 1062 2268 quo-

26 2297 77 2354 que
93 2278 190 2349 ipsam
205 2293 264 2330 non
281 2273 346 2330 Deo
360 2284 561 2346 coaeternam,
588 2277 640 2334 sed
654 2287 780 2334 creatam
793 2277 865 2334 dicit
881 2295 962 2348 esse,
989 2292 1062 2350 quac

26 2381 83 2418 non
99 2354 184 2415 erati
210 2357 249 2414 Vt
261 2359 339 2414 enim
351 2355 406 2414 boc
419 2358 564 2416 Platonici
577 2361 692 2418 nollent
705 2362 840 2433 credere,
865 2359 941 2416 banc
959 2362 1061 2435 utique

27 2463 144 2501 causam
157 2441 294 2498 idoneam
307 2441 363 2498 sibi
374 2442 550 2500 videbantur
563 2441 683 2515 afferre,
707 2447 774 2520 quia
787 2447 846 2500 nisi
860 2443 935 2518 quod
949 2461 1063 2518 semper

27 2539 111 2585 antea
123 2526 241 2597 firiaset,
254 2527 462 2601 sempiternum
473 2525 608 2600 deinceps
620 2545 755 2583 essenon
767 2536 877 2603 posset.
891 2527 1063 2599 Quanquam

28 2611 105 2668 etde
121 2610 234 2666 mundo
256 2620 287 2666 et
299 2609 335 2665 de
346 2609 392 2666 his
406 2627 478 2684 quos
492 2609 524 2664 in
537 2607 647 2665 mundo
661 2607 730 2666 deos
744 2629 761 2666 a
774 2608 946 2668 Deoiaetos
960 2608 1062 2664 scribit

28 2696 126 2767 Plato,
153 2695 337 2769 apertissime
356 2694 434 2750 dieat
449 2709 499 2747 eos
514 2709 578 2747 esse
593 2693 738 2768 coepisse,
763 2703 793 2750 et
810 2693 917 2750 babere
935 2692 1062 2764 initium,

26 2781 113 2837 finem
126 2789 227 2834 tamen
242 2796 302 2833 non
314 2776 481 2847 babituros,
508 2775 560 2831 sed
579 2794 631 2850 per
645 2775 812 2834 conditoris
831 2775 1063 2852 potentissimam

26 2866 209 2920 voluntatem
222 2862 254 2916 in
267 2869 415 2916 aeternum
428 2878 636 2935 permansuros
650 2879 715 2917 esse
727 2859 885 2936 perhibeat.
912 2857 1020 2914 Verum
1033 2858 1063 2915 id

28 2945 171 3023 quomodo
187 2946 366 3022 intelligant,
378 2945 565 3016 invenerunt,
580 2962 641 3000 non
655 2963 720 3001 esse
733 2944 788 3003 boc
801 2945 938 3003 videlieet
950 2952 1060 3018 tempo·

27 3033 78 3102 ris,
92 3029 145 3086 sed
158 3028 375 3086 substitutionis
389 3029 514 3084 initium.
534 3025 642 3100 „Sient
656 3031 744 3102 enim,
758 3031 906 3106 inquiunt,
921 3029 947 3084 si
959 3047 1010 3103 pes
1025 3045 1063 3082 ex

29 3115 224 3186 „aeternitate
239 3130 351 3186 semper
365 3111 468 3167 ferisset
480 3113 512 3167 in
522 3113 651 3186 pulvere,
666 3133 779 3190 semper
790 3117 817 3170 ei
828 3113 960 3170 subesset
969 3113 1061 3166 vesti·

29 3201 147 3276 „gium3
174 3195 255 3272 quod
271 3205 367 3252 mmen
380 3196 537 3273 vestigium
550 3214 568 3250 a
583 3197 714 3254 caleante
727 3199 836 3254 lactum
850 3215 935 3252 nemo
949 3194 1062 3250 dubita-

30 3293 106 3352 „ret,
120 3301 176 3338 nee
190 3282 316 3336 alterum
330 3281 422 3335 altero
435 3280 517 3352 prius
532 3289 625 3352 esset,
640 3283 772 3356 quamvis
785 3284 908 3336 alterum
922 3278 957 3334 ab
971 3280 1063 3334 altero

29 3367 159 3436 „laetum
172 3374 265 3421 esset:
295 3364 350 3434 aie,
362 3364 509 3438 inquiunt,
523 3365 687 3421 otmundus
700 3375 786 3440 atque
799 3366 831 3420 in
844 3363 893 3418 illo
907 3363 948 3416 dii
961 3361 1064 3428 creati,

29 3461 211 3526 „et'semper
225 3448 346 3504 luerunt
358 3465 471 3522 semper
484 3448 647 3504 exsistente
660 3450 711 3523 qui
730 3447 815 3517 lecit,
842 3453 981 3501 ettamen
995 3441 1065 3495 facti

29 3536 153 3604 „sunt.“
207 3529 356 3606 Numquid
381 3548 452 3609 ergo
478 3531 503 3584 si
526 3532 623 3588 anima
649 3549 761 3606 semper
787 3529 857 3598 fuit,
895 3527 983 3581 etiam
1009 3523 1065 3576 mi-

28 3621 103 3674 seria
131 3621 196 3674 eius
222 3633 337 3690 semper
361 3613 451 3670 luisse
477 3613 600 3670 dicenda
627 3611 688 3670 esti
730 3612 823 3668 Porro
848 3611 874 3665 si
899 3605 1008 3680 aliquid
1034 3607 1065 3661 in

27 3703 90 3773 illa,
118 3700 197 3777 qaod
215 3718 253 3756 ex
273 3707 395 3754 aeterno
414 3697 561 3768 nonfuit,
586 3697 761 3772 essecocpit
783 3713 821 3750 ex
843 3703 987 3765 tempore,
1015 3708 1066 3744 cur
1156 3729 1160 3738 .

27 3805 86 3842 non
106 3786 173 3842 fieri
186 3784 330 3861 potuerit,
351 3791 383 3838 ut
396 3784 458 3856 ipsa
472 3798 510 3836 ex
522 3789 651 3856 tempore
670 3799 744 3856 quae
762 3788 849 3835 antea
867 3793 927 3832 non
941 3771 1064 3830 luissctl

27 3867 145 3929 Deinde
156 3865 307 3928 beatitudo
322 3883 435 3944 quoque
449 3865 513 3921 eius
530 3874 596 3938 post
615 3865 845 3941 experimentum
857 3859 999 3918 malorum
1012 3858 1063 3914 lu·-
