2576 4396
220 213 281 270 290
449 203 545 262 DlVl
567 201 756 260 AVRELII
781 199 1034 258 AVGVSTINI

220 366 303 420 viant
314 359 489 428 invidorum,
516 357 664 432 querelam
678 355 712 412 de
726 353 779 412 hnc
792 373 825 410 re
840 351 976 411 Chaldaei
989 353 1088 408 nescio
1104 355 1189 410 cuius
1202 373 1260 412 cx-

218 461 369 522 promens:
398 441 630 516 ‚,Conqueritur,
648 440 762 514 inquit,
786 440 833 494 vir
845 440 877 494 in
891 435 1035 494 Chaldaea
1048 436 1157 509 bonus,
1184 457 1261 512 pur-

221 529 357 608 „gandae
370 527 485 584 anhnae
496 543 602 602 magno
616 524 765 580 molimine
778 521 935 578 frustratos
947 519 1004 576 sibi
1014 537 1077 576 esse
1086 537 1261 594 successus,

123 675 127 692 ἱ
221 633 310 686 „cum
319 613 366 669 vir
378 611 415 668 ad
428 607 529 666 eadem
538 617 643 682 potens
654 615 750 663 tactus
765 605 876 663 invidia
888 603 1035 660 adiuratas
1050 605 1143 660 sacris
1156 609 1261 680 preci-

221 699 296 769 „bus
309 695 456 773 potentias
470 693 638 769 alligasset,
666 711 703 748 ne
720 692 868 763 postulata
881 687 1085 746 concederent.
1128 687 1212 767 Ergo
1229 702 1263 746 et

220 781 349 859 „ligavit
361 781 428 848 ille,
443 777 555 851 inquit,
568 785 597 830 et
609 777 666 830 iste
679 793 740 830 non
754 774 874 830 solvit.“
911 774 975 839 Quo
989 773 1099 828 indicio
1113 772 1191 829 dixit
1204 793 1261 850 ap-

219 881 323 940 parere
342 861 508 937 theurgiam
528 877 592 915 esse
610 869 670 914 tam
682 857 752 914 boni
767 856 943 914 conficiendi
957 875 1042 932 quam
1053 858 1166 914 maliet
1180 859 1262 931 apud

221 950 290 1004 deos
305 955 335 1002 et
348 944 423 1020 apud
436 943 569 1000 homines
583 941 782 1015 disciplinam3
810 942 871 1015 pati
884 942 972 996 etiam
985 939 1072 1010 deos,
1096 940 1176 998 etad
1189 943 1262 999 illas

219 1030 451 1110 perturbationes
466 1029 673 1102 passionesque
687 1024 800 1096 deduci,
815 1041 885 1099 quas
900 1026 1091 1080 communiter
1105 1023 1263 1081 daemoni-

220 1119 274 1172 bus
293 1124 323 1170 et
339 1111 504 1169 hominibus
524 1111 661 1186 Apuleius
680 1108 827 1179 attribuit;
854 1107 923 1164 deos
936 1117 1035 1164 tamen
1048 1108 1083 1164 ab
1098 1109 1140 1164 eis
1154 1107 1264 1166 aethe-

220 1202 282 1256 riae
295 1197 372 1254 scdis
392 1195 546 1252 altitudine
567 1211 720 1267 separans,
749 1203 779 1248 ct
791 1191 923 1250 Platonis
937 1209 1071 1252 assereus
1083 1193 1116 1248 in
1129 1193 1182 1249 illa
1196 1193 1263 1250 dis-

222 1285 352 1339 cretione
366 1281 550 1336 sententiam.

635 1359 757 1418 CAP.
801 1358 842 1416 X.

219 1462 262 1515 De
274 1460 415 1530 theurgia,
426 1460 604 1531 quaestinem
613 1459 805 1540 purgationem
815 1457 913 1509 animia
924 1458 1078 1508 desomnem
1087 1457 1267 1511 invocatione

656 1536 806 1596 promettat.

283 1619 361 1677 Ecce
375 1638 452 1676 nunc
468 1621 542 1676 alius
555 1618 740 1690 Platonicus,
766 1635 850 1692 quem
864 1616 1023 1672 doctiorem
1041 1615 1155 1688 ferunt,
1184 1616 1266 1675 Por-

219 1706 357 1782 phyrius,
383 1723 436 1778 per
451 1706 551 1761 nescio
566 1721 652 1778 quam
664 1701 848 1779 theurgicam
861 1701 1044 1775 disciplinam
1065 1700 1157 1756 etiarn
1177 1703 1266 1776 ipsos

221 1791 291 1846 deos
306 1789 461 1845 obstrictos
482 1787 669 1862 passionibus
684 1796 713 1841 ct
724 1785 991 1860 perturbationibus
1009 1785 1092 1842 dicit:
1119 1789 1267 1859 quoniam

221 1875 312 1931 sacris
325 1873 461 1948 precibus
480 1871 609 1926 adiurari
625 1865 789 1945 terrerique
807 1876 982 1943 potuerunt,
1008 1887 1048 1924 ne
1070 1878 1267 1942 praestarent

221 1960 336 2015 animae
349 1956 571 2033 purgationem,
585 1955 670 2010 etita
683 1955 791 2010 terreri
803 1947 838 2008 ab
852 1970 887 2008 co
901 1953 951 2028 qui
963 1951 1125 2027 imperabat
1137 1957 1267 2027 malum,

219 2052 253 2098 ut
265 2041 300 2098 ab
313 2043 365 2096 illo
380 2041 430 2114 qui
446 2037 586 2114 poscebat
604 2039 729 2109 bonum,
755 2055 807 2113 per
821 2035 943 2092 eandem
960 2046 1053 2092 artem
1073 2033 1269 2116 theurgicam

220 2127 296 2183 solvi
308 2125 359 2180 illo
374 2125 479 2178 timore
493 2131 697 2198 conponant,
712 2121 789 2178 etad
801 2119 927 2178 dandum
939 2119 1114 2176 beneficium
1125 2120 1268 2180 liberari.

220 2211 291 2278 Quis
313 2226 375 2264 non
397 2206 496 2262 videat
512 2205 585 2262 haec
604 2207 702 2263 omnia
720 2205 869 2262 fallacium
892 2203 1064 2260 daemonum
1087 2222 1155 2260 esse
1180 2225 1269 2265 com-

219 2301 333 2362 menta,
360 2291 420 2346 nisi
433 2309 534 2346 eorum
548 2291 728 2347 miserrimus
742 2307 844 2346 servus
865 2296 894 2344 et
907 2306 924 2343 e
938 2289 1035 2366 gratia
1057 2289 1122 2344 veri
1149 2289 1270 2350 libera-

220 2377 293 2432 toris
320 2371 454 2430 alienent
480 2374 555 2430 Nam
575 2376 601 2430 si
617 2373 689 2430 haec
708 2374 784 2450 apud
797 2374 866 2429 deos
880 2381 1037 2452 agerentur
1055 2371 1169 2445 bonos,
1197 2379 1270 2450 plus

219 2459 262 2514 ibi
276 2459 378 2534 utique
391 2461 503 2515 valeret
516 2459 664 2516 beneficus
677 2467 818 2536 purgator
834 2458 966 2529 animae,
995 2473 1080 2531 quam
1091 2459 1271 2518 malevolus

220 2543 384 2618 impeditor.
427 2543 486 2600 Aut
500 2545 525 2598 si
539 2543 595 2600 diis
609 2545 694 2600 iustis
707 2541 809 2614 homo,
828 2559 881 2617 pro
894 2559 951 2617 quo
965 2540 1123 2618 agebatur,
1145 2559 1270 2624 purga-

124 2666 126 2674 t
219 2630 301 2685 tione
318 2624 471 2685 videbatur
489 2626 648 2706 indignus,
677 2645 739 2684 non
757 2627 859 2701 utique
876 2624 911 2680 ab
932 2623 1033 2681 invido
1051 2625 1166 2696 territi,
1196 2647 1272 2702 nec,

219 2713 372 2785 sicutipse
386 2711 471 2783 dicit,
498 2730 550 2786 per
563 2721 672 2768 metum
691 2710 864 2767 valentioris
880 2709 1011 2764 numinis
1031 2707 1182 2783 impediti,
1215 2715 1272 2770 aed

218 2795 325 2852 iudicio
340 2794 432 2851 libero
446 2795 477 2849 id
498 2813 608 2874 negare
627 2794 798 2852 debuerunt.
842 2791 950 2852 Mirum
972 2801 1019 2848 est
1039 2801 1154 2866 autem,
1183 2799 1275 2872 quod

218 2879 366 2956 benignus
380 2880 431 2933 illc
444 2875 621 2950 Chaldaeus,
647 2880 697 2954 qui
709 2876 869 2956 theurgicis
884 2877 975 2934 sacris
988 2877 1115 2932 animam
1126 2896 1275 2957 purgare

218 2961 369 3036 cupiebat,
396 2979 456 3018 non
469 2962 585 3019 invenit
597 2965 723 3039 aliquem
736 2963 918 3037 superiorem
930 2959 1043 3033 Deum,
1064 2962 1115 3035 qui
1127 2965 1178 3017 vel
1192 2968 1275 3038 plus

218 3053 344 3100 terreret
356 3053 445 3120 atque
457 3045 494 3102 ad
507 3046 749 3104 benefaciendum
769 3054 890 3124 cogeret
907 3045 1026 3100 territos
1044 3035 1131 3117 deos,
1159 3051 1217 3104 vel
1234 3053 1276 3108 ab

219 3131 261 3184 cis
275 3137 436 3188 terrentem
449 3140 661 3207 compesceret,
688 3139 721 3187 ut
733 3129 824 3186 libere
836 3129 1060 3186 benefacerent:
1087 3130 1131 3184 sic
1158 3139 1275 3192 tamen

217 3211 341 3291 theurgo
354 3212 431 3270 bono
445 3233 529 3272 sacra
542 3215 714 3287 defuerunt,
743 3213 847 3288 quibus
865 3216 944 3290 ipsos
962 3212 1048 3284 deos,
1074 3231 1150 3288 quos
1172 3217 1277 3276 invo.

218 3297 303 3352 cebet
316 3299 430 3354 animae
441 3309 632 3378 purgatores,
658 3301 740 3374 prius
759 3297 794 3354 ab
813 3299 864 3354 illa
883 3298 997 3353 timoris
1010 3303 1091 3372 peste
1103 3315 1278 3377 purgaret

218 3379 296 3447 Quid
309 3385 386 3439 enim
400 3401 506 3439 causae
520 3393 579 3456 est,
594 3402 648 3440 cur
661 3383 742 3440 Deus
756 3383 904 3456 potentior
918 3379 1049 3437 adhiberi
1058 3383 1156 3455 possit
1170 3402 1190 3440 a
1208 3407 1280 3464 quo

216 3475 399 3536 terreantur,
426 3485 481 3522 neo
502 3469 632 3541 possita
651 3486 708 3542 quo
727 3461 909 3544 purgenturl
947 3465 992 3522 An
1007 3465 1163 3522 invenitur
1178 3468 1280 3529 Deus

217 3551 267 3623 qui
280 3549 418 3608 exaudiat
430 3551 578 3622 invidum,
598 3559 628 3606 et
640 3553 775 3608 timorem
788 3550 843 3605 diis
857 3551 985 3606 incutiat
997 3567 1035 3604 ne
1047 3547 1281 3630 benefaciant3

216 3651 271 3690 uec
291 3634 442 3690 invenitur
455 3633 537 3691 Deus
555 3635 605 3709 qui
623 3633 763 3690 exaudiat
780 3633 971 3705 benevolum,
998 3641 1028 3688 et
1045 3632 1190 3693 timorem
1208 3641 1279 3698 diis

216 3715 330 3771 auferat
348 3725 381 3772 ut
393 3713 600 3774 benefacienti
640 3715 666 3774 0
680 3717 817 3796 theurgia
828 3712 992 3794 praeclara!
1007 3735 1024 3772 o
1037 3717 1157 3775 animae
1169 3739 1279 3797 pm.

217 3797 340 3854 dicanda
351 3797 504 3878 purgatio!
531 3800 578 3856 ubi
593 3802 656 3874 plus
670 3802 794 3878 imperat
804 3801 952 3858 immunda
964 3798 1145 3873 inridentis,
1170 3823 1283 3882 quam

218 3882 355 3954 impetrat
379 3901 451 3957 pura
477 3883 686 3943 beneficentia:
712 3889 770 3942 imo
792 3903 862 3942 vero
882 3887 1077 3964 malignorum
1096 3887 1282 3960 spirituum
