2538 4392
200 203 259 267 138
403 239 407 248 -
430 196 529 260 DlVl
549 191 741 255 AVRELII
760 189 1017 252 avdvsrntt

201 377 289 436 quam
302 355 445 412 moriente
457 350 576 408 bomine
584 347 694 421 'resipit
704 352 784 402 terra
796 344 974 416 cammunis3
998 348 1169 424 resurgenti
1180 351 1231 407 uti·

200 461 256 518 qne
270 437 429 497 reddituras
455 431 586 492 Proinde
598 432 630 488 s'a
638 430 737 488 *madia
751 439 864 498 terrea,
878 427 977 500 idest,
990 445 1059 486 eum
1072 431 1171 488 anima
1183 449 1232 490 na·

199 535 260 582 stra
273 525 330 580 isto
341 531 460 578 terreno
474 516 618 576 clauditur
637 529 775 587 surpere,
800 511 966 570 iaciendum
984 521 1029 568 est
1049 512 1191 572 iudieinm
1204 525 1231 572 et

198 608 326 678 iustitia,
351 603 430 680 quad
442 599 528 660 nobis
540 600 634 676 prosit
651 599 684 654 in
702 606 865 672 pasterum,
885 594 1001 671 quanda
1013 599 1141 675 recipiet
1152 601 1229 675 quis·

199 709 253 769 que
265 689 424 748 seeundum
435 705 472 745 aa
491 703 566 763 qaue
573 701 634 762 per
646 698 753 760 carpus
765 683 871 757 gessit,
894 681 960 738 sive
970 679 1083 750 domm,
1096 682 1159 739 sive
1169 701 1230 740 aaa·

198 775 265 832 lum.
291 769 351 830 Per
363 787 469 850 eorpus
482 770 587 846 quippe
597 767 642 822 ibi
655 764 732 821 dixit
743 765 910 840 Apostolus,
930 782 982 838 per
992 772 1107 836 tempus
1120 782 1178 840 qua
1189 768 1229 824 vi·

197 861 244 916 xit
257 860 290 914 in
302 871 435 930 eorpore.
462 851 567 928 Neque
580 851 660 908 enim
672 850 698 906 si
711 851 777 924 quis
790 850 920 927 maligna
932 856 1030 906 mente
1043 857 1132 924 atque
1145 850 1229 924 impis

199 941 378 1020 rogitatione
390 934 580 1012 blasphemet,
601 951 696 1010 neque
708 933 740 990 id
752 935 819 990 ullis
832 932 968 988 membris
983 933 1116 1006 camuris
1130 950 1229 1008 opere·

198 1035 265 1096 tur,
285 1022 352 1079 idea
366 1039 428 1080 nen
440 1021 594 1091 mitreus,
615 1019 684 1094 quia
696 1016 727 1073 id
740 1035 801 1074 nnn
813 1025 895 1074 motu
909 1016 1039 1092 eorporis
1053 1017 1152 1093 gessit,
1166 1033 1232 1072 eum

198 1107 255 1166 hue
268 1125 320 1182 per
331 1105 406 1163 illud
417 1115 531 1180 ternpus
545 1102 683 1182 gesserit,
702 1119 759 1177 qua
773 1101 866 1180 gessit
879 1109 909 1156 et
921 1115 1035 1174 eorpus.
1079 1097 1134 1156 late
1146 1098 1231 1156 made

201 1199 402 1270 congruenter
413 1189 544 1266 intelligi
556 1194 653 1261 potest
665 1186 755 1242 etiam
766 1183 930 1259 illud-quud
940 1184 973 1240 in
981 1180 1098 1240 Psalmo
1111 1184 1233 1260 legitur:

201 1273 284 1334 Deus
304 1283 403 1334 autem
420 1291 478 1330 rea
498 1281 602 1329 noster
622 1279 694 1328 ante
711 1267 832 1327 saecula
851 1275 992 1346 operatus
1010 1275 1057 1324 est
1068 1265 1194 1324 salutem
1206 1269 1235 1324 ia

200 1357 295 1416 medio
310 1367 430 1415 terrae:
449 1365 483 1412 ut
495 1354 643 1412 Dominus
653 1351 734 1410 lesus
747 1352 912 1426 aeeipiutur
922 1349 1004 1406 Deus
1018 1359 1118 1406 nester
1130 1351 1181 1424 qui
1194 1361 1237 1405 est

202 1452 273 1502 ante
285 1443 421 1512 saecula,
440 1441 510 1515 quin
522 1455 575 1514 per
587 1439 684 1512 ipsum
695 1436 776 1493 faeta
788 1443 859 1492 sunt
870 1433 999 1503 saecula,
1017 1441 1153 1508 operatus
1169 1430 1235 1508 [est]

202 1528 326 1584 salutern
342 1532 474 1580 nestram
493 1523 526 1578 in
544 1520 642 1577 media
660 1529 775 1590 terrae,
800 1535 892 1594 quum
903 1515 1040 1574 Verbum.
1050 1533 1120 1576 earo
1132 1515 1236 1574 laetum

203 1617 258 1678 est,
273 1616 303 1662 et
315 1616 435 1666 terreno
448 1603 592 1661 habitavit
604 1605 637 1660 in
651 1619 783 1678 corpure

265 1687 381 1745 Deinde
399 1693 502 1762 postea
523 1703 611 1760 quam
628 1684 832 1762 prophetatum
848 1693 895 1742 est
912 1684 944 1742 in
957 1681 1002 1740 bis
1015 1683 1113 1741 verbis
1126 1683 1235 1753 Annae,

203 1770 354 1849 quomodo·
361 1769 483 1850 gloriari
495 1768 600 1826 debeat
613 1771 665 1842 qui
677 1770 838 1845 gloriatur,
852 1785 913 1825 nnn
926 1768 958 1824 in
971 1769 1132 1843 sentique,
1145 1767 1236 1824 sedin

201 1855 349 1925 Domin03
373 1861 492 1928 propter
511 1851 735 1908 retributionem
754 1868 830 1926 quae
847 1853 880 1909 in
893 1850 940 1908 die
953 1849 1057 1908 iudioii
1070 1851 1174 1908 sunna
1187 1865 1236 1920 est,

202 1935 358 2008 Dominae,
377 1935 485 2012 inquit,
504 1935 661 1995 adamds't
673 1935 704 1992 s‘n
717 1934 823 2005 caelas,
837 1935 994 1993 attonuit:
1019 1936 1085 2013 aisse
1098 1934 1237 1993 mauult

202 2031 338 2080 extrem
349 2019 463 2091 tetrae,
490 2021 561 2097 quia
571 2021 671 2078 iustus
684 2027 739 2076 ert.
775 2017 902 2076 Prorsus
915 2017 1049 2076 ordinem
1060 2019 1161 2078 tenuit
1172 2035 1238 2074 ean-

201 2103 340 2162 lessienis
356 2103 496 2160 fidelium.
523 2101 683 2160 Adseendit
704 2103 784 2158 enim
803 2103 836 2159 in
859 2103 972 2160 eoelum
989 2101 1136 2160 Dominus
1159 2100 1237 2160 Clui-

201 2198 277 2260 stns,
291 2187 402 2245 atinde
414 2196 559 2244 venturus
573 2193 619 2242 est
628 2185 809 2243 udaivosat
821 2195 952 2242 mortuos
965 2184 1150 2244 iudicandos.
1169 2184 1238 2244 Nan

197 2272 269 2350 -quts
282 2271 454 2341 adscendit,
480 2271 558 2326 sieut
573 2268 648 2325 dieit
659 2268 833 2343 Apostolus,
857 2269 921 2326 ¹as‘ea‘
938 2271 989 2346 qui
1000 2279 1031 2327 st
1043 2269 1238 2334 descenditis

200 2347 366 2428 infertores
377 2363 489 2432 partes
507 2349 630 2411 terrae?
659 2349 721 2422 Qus·
739 2351 906 2430 deseendit,
932 2354 996 2430 duee
1014 2361 1110 2410 estet
1124 2354 1179 2430 qua·
1190 2352 1238 2410 ad·

201 2437 318 2497 stendit
331 2453 423 2515 super
435 2453 532 2494 omnes
545 2435 658 2506 eaelns,
683 2444 719 2492 at
737 2436 916 2514 adinpleret
933 2438 1038 2494 maia.
1076 2433 1136 2492 Per
1152 2436 1239 2494 nubes

202 2523 275 2600 er'go
283 2538 358 2598 ‘suas
372 2522 481 2592 tonuit,
495 2537 566 2596 quas
580 2517 695 2595 Spiritu
706 2527 809 2576 saneto
823 2537 911 2594 quum
923 2519 1127 2578 adscendisset
1140 2520 1240 2595 imple-

203 2607 263 2662 vit·
280 2603 328 2662 De
339 2605 445 2680 quibus
459 2605 586 2662 ansillae
598 2601 799 2674 Hierusalem,
824 2601 881 2658 hae
898 2611 959 2673 est,
981 2604 1118 2682 ingratae
1135 2605 1241 2662 uineae

202 2690 396 2746 eemminatm
409 2696 456 2743 est
467 2685 542 2763 apud
554 2685 675 2744 Esaiam
687 2683 879 2761 habetem,
905 2704 943 2742 ne
961 2688 1065 2762 pluant
1077 2704 1169 2762 super
1182 2705 1243 2743 ean

200 2771 333 2829 imbrem.
360 2769 413 2827 Sia
424 2779 522 2826 autem
536 2769 647 2827 dietum
657 2777 716 2841 est,
733 2766 804 2847 lpse
816 2767 961 2830 iudicabit
973 2779 1111 2830 extrem
1122 2780 1242 2830 terrae:

199 2854 460 2924 assiduaretur,
485 2853 572 2909 etiam
590 2861 724 2926 extrema
742 2861 850 2914 terrae.
875 2851 945 2912 Nan
965 2855 1045 2912 enim
1056 2854 1131 2912 alias
1145 2864 1243 2912 terrae

201 2946 300 3012 partes
314 2953 374 2994 non
387 2935 538 3006 inclinabit,
551 2935 603 3011 qni
617 2951 719 2992 amnes
729 2933 862 2994 hemines
874 2939 977 3014 praesl
989 2936 1077 2994 dubio
1091 2937 1241 2996 iudiesbit

201 3019 262 3077 Sed
282 3019 388 3074 malins
409 3019 619 3098 intelliguntur
642 3017 911 3094 extrematurae,
946 3031 1077 3080 extrema
1100 3021 1242 3080 beminis:

198 3103 341 3179 quoniam
355 3119 416 3158 nan
429 3100 653 3176 iudicabuntur,
673 3120 748 3179 quae
760 3105 793 3161 in
805 3107 911 3162 melius
922 3107 971 3164 vel
979 3107 1020 3164 in
1033 3103 1170 3164 deterius
1184 3123 1242 3162 me-

200 3187 249 3244 dia
263 3195 397 3262 tempere
409 3193 635 3260 commutantur,
654 3186 752 3245 sedin
767 3189 871 3264 quibus
884 3191 1024 3248 extremis
1037 3191 1184 3248 inventus
1197 3187 1242 3246 iu-

199 3273 257 3328 erit
268 3272 320 3347 qui
333 3268 519 3328 inclinabitur.
545 3270 670 3347 Propter
683 3271 763 3348 quad
775 3271 886 3330 dietum
899 3283 961 3331 est:
992 3271 1054 3343 Qut
1059 3289 1245 3352 perseuera-

197 3363 278 3414 verit
290 3371 382 3432 usque
394 3356 426 3411 in
437 3354 548 3428 finem,
568 3353 618 3414 tto
628 3354 736 3414 ⁴aalma
753 3357 823 3416 erit.
849 3359 908 3425 Qui
925 3376 997 3437 ergo
1015 3365 1246 3432 perseveranter

198 3439 271 3496 laeit
289 3437 429 3496 iudicium
447 3447 478 3495 et
494 3439 640 3496 iustitiam
656 3439 690 3495 in
708 3439 804 3497 medie
821 3450 937 3515 terrae,
962 3459 1023 3500 non
1041 3439 1245 3508 damnabitur,

198 3521 509 3599 quamindieabuntur
521 3530 773 3580 extrematurae.
808 3524 934 3601 Eadm
953 3525 1069 3600 inquit,
1094 3527 1245 3584 uirtute·

197 3607 320 3684 rogttae
332 3607 464 3665 amna:
477 3615 512 3664 ut
525 3623 587 3664 nnn
600 3623 650 3664 eus
662 3605 819 3666 iudieanda
833 3609 1017 3668 eandemnet·
1032 3608 1110 3667 ·Dat
1121 3609 1171 3666 eis
1185 3609 1244 3666 vir-

195 3699 308 3760 tutem,
321 3707 381 3765 qua
394 3707 512 3748 earnem
524 3691 604 3748 sieut
615 3708 704 3770 reges
716 3701 841 3772 regunt,
857 3703 892 3750 at
901 3695 937 3752 in
948 3695 1000 3752 illo
1015 3692 1182 3764 mundum,
1197 3691 1244 3766 qui

197 3779 315 3846 propter
327 3789 378 3829 eos
389 3771 469 3832 fudit
480 3777 667 3854 sanguinem,
680 3777 812 3834 mutant.
822 3776 867 3838 Et
879 3777 1029 3836 ceaddae
1042 3795 1138 3836 cans
1155 3774 1245 3834 ΟΜ-

198 3855 240 3910 'b'
255 3855 312 3912 ⁸¹⁶⁸·-
358 3855 507 3923 Quomodo
527 3856 661 3918 chanun
680 3860 824 3920 mutabis
842 3859 1065 3922 consummi
1085 3856 1156 3918 nuit
1200 3857 1244 3916 b·
