2602 4416
287 193 350 250 DE
385 191 602 254 ClVlTATE
635 197 714 256 DEl
746 201 826 260 ΜΒ.
861 205 881 262 l.
1066 219 1107 277 35

58 357 128 417 tem,
156 346 196 402 ab
211 344 273 401 bac
288 343 487 418 dispositione
502 355 532 402 et
545 347 707 422 cupiditate
722 359 919 430 compescuit3
944 368 1108 435 persuasit·

59 431 276 504 quaeratione
291 429 488 505 gravissima,
516 447 553 484 ne
573 431 718 491 Graecam
736 437 886 494 luxuriam
900 445 1034 502 virilibus
1054 465 1106 522 pa-

56 515 126 569 triae
140 513 286 568 moribus
300 519 482 585 paterentur
492 512 650 587 obrepere,
677 527 707 574 et
720 519 758 574 ad
770 522 913 578 virtutem
927 527 1103 588 labefactan-

57 596 119 652 dam
134 594 410 669 enervandamque
428 593 592 654 Romanam
610 604 786 680 peregrinae
808 609 980 663 consentire
1001 616 1105 686 nequi-

55 681 126 738 tiae:
154 687 343 754 tantumque
369 681 551 736 auctoritate
576 683 684 755 valuit,
708 695 743 742 ut
761 687 826 742 eius
846 689 944 746 verbis
963 704 1107 750 commota

56 765 209 820 senatoria
223 761 437 837 providentia,
455 765 547 820 etiam
561 766 710 838 subsellia,
736 770 843 846 quibus
856 770 893 826 ad
906 770 1010 830 boram
1034 793 1106 834 eon-

55 850 146 923 gestis
160 849 195 902 in
210 846 361 902 ludorum
374 849 545 918 spectaculo
556 850 615 905 iam
627 852 673 906 uti
685 852 790 908 civitas
802 865 951 927 coeperat,
967 857 1105 934 deinceps

55 929 231 1002 prohiberet
244 930 369 1003 apponi.
414 931 534 996 Quanto
557 932 656 988 studio
676 935 734 990 iste
754 934 791 991 ab
805 937 877 992 urbo
901 937 995 996 Roma
1018 943 1103 999 ludos

53 1015 131 1087 ipsos
145 1015 295 1070 scenicos
308 1013 495 1085 abstulisset,
509 1015 535 1070 si
552 1018 725 1074 auctoritati
738 1035 851 1090 eorum,
870 1037 944 1095 quos
958 1023 1029 1080 deos
1047 1044 1102 1099 pu·

52 1097 139 1169 tabat,
167 1098 322 1153 resistere
336 1095 476 1168 auderet3
502 1115 576 1172 quos
594 1117 660 1156 esse
680 1105 789 1158 noxios
803 1101 960 1161 daemones
975 1125 1035 1164 non
1056 1112 1103 1166 in-

53 1183 224 1259 telligebat3
252 1189 311 1237 aut
336 1181 365 1236 si
389 1181 589 1258 intelligebat,
616 1185 776 1256 placandos
796 1187 885 1242 etiam
904 1190 968 1260 ipse
989 1194 1102 1263 potins,

55 1281 138 1338 quam
162 1263 410 1321 contemnendos
434 1265 634 1322 existimabat.
682 1266 822 1324 Nondum
839 1271 918 1324 enirn
936 1271 1034 1327 iuerat
1050 1274 1102 1328 de-

54 1349 160 1406 clarata
174 1348 335 1405 Gentibus
349 1365 481 1420 superna
494 1347 643 1420 doctrina,
663 1368 740 1423 quae
753 1351 811 1406 lide
825 1369 877 1406 cor
889 1354 1047 1424 mundans,
1067 1355 1104 1410 sd

56 1433 192 1488 coelestia
215 1434 269 1489 vel
293 1433 532 1504 supercoelestia
556 1431 738 1505 capessenda
756 1430 860 1489 humili
873 1436 983 1509 pietate
999 1436 1102 1494 buma-

59 1531 127 1568 num
139 1526 270 1572 mutaret
284 1512 446 1584 affectum,
475 1525 504 1570 at
517 1533 534 1570 a
548 1513 701 1574 dominatu
717 1517 912 1590 superborum
926 1517 1101 1578 daemonum

58 1597 196 1655 liberaret.

396 1731 460 1796 CA
485 1730 516 1788 P.
569 1731 756 1790 XXXll.

300 1825 346 1878 De
360 1827 525 1900 scenicorum
539 1829 713 1884 institutione
724 1832 856 1884 ludorum.

112 1937 337 1993 Verumtamen
350 1935 461 1990 scitoto
474 1937 525 2010 qui
536 1937 594 1990 ista
607 1939 741 2010 nescitis,
768 1947 799 1994 et
811 1941 863 2013 qui
876 1959 929 1997 ros
944 1945 1022 1999 scire
1039 1943 1099 2002 dis-

53 2023 198 2077 simulatis
214 2018 380 2088 advertite,
394 2020 447 2093 qui
463 2017 605 2075 adversus
619 2019 807 2077 liberatorem
820 2040 837 2076 a
850 2023 959 2081 talibus
974 2026 1100 2082 dominis

54 2104 266 2160 murmuratis:
295 2100 359 2157 ludi
372 2103 497 2172 scenici,
521 2105 690 2176 spectacula
703 2104 921 2178 turpitudinum
937 2117 966 2162 et
979 2109 1101 2166 lieentia

54 2190 233 2257 vanitatum,
260 2203 325 2240 non
338 2182 493 2242 hominum
505 2187 599 2256 uitiis,
626 2186 678 2241 sed
692 2185 815 2244 deornm
827 2195 997 2247 vestrorum
1012 2194 1100 2249 iussis

55 2267 161 2326 Romae
175 2269 320 2324 instituti
335 2277 416 2324 sunt·
457 2266 655 2326 Tolerabilius
670 2269 787 2327 divinos
801 2269 930 2330 honores
945 2274 1099 2332 deferretis

56 2356 94 2408 illi
107 2352 265 2426 Scipioni,
281 2367 370 2425 quam
382 2349 453 2406 deos
469 2352 613 2408 eiusmodi
626 2355 774 2410 coleretis.
802 2353 906 2430 Neque
922 2359 1001 2415 enim
1015 2370 1101 2414 erant

54 2438 94 2492 illi
115 2436 158 2494 dii
172 2453 234 2492 suo
256 2433 402 2508 pontifice
415 2436 564 2492 meliores.
606 2435 688 2492 Eece
701 2437 868 2509 adtendite,
895 2442 922 2496 si
941 2461 1024 2496 niens
1040 2451 1100 2498 tam

55 2518 101 2578 diu
124 2519 244 2593 Putatis
270 2517 424 2575 erroribus
450 2517 541 2588 ebria,
567 2537 622 2576 vos
645 2520 757 2593 aliquio
782 2537 889 2578 sanum
910 2523 1100 2579 considerare

55 2604 208 2674 permittit.
249 2599 304 2658 Dii
317 2609 438 2674 propter
451 2599 610 2658 sedandam
628 2619 787 2671 corporum
799 2603 997 2674 pestilentiam
1012 2603 1098 2660 ludos

55 2687 112 2742 sibi
124 2687 266 2742 scenicos
293 2681 426 2739 exhiberi
448 2683 604 2740 iubebant:
632 2681 769 2754 pontifex
783 2689 883 2738 autem
894 2693 1015 2756 propter
1034 2688 1100 2742 ani-

57 2786 177 2823 morum
190 2766 354 2824 cavendam
375 2767 587 2838 pestilentiam,
614 2765 709 2838 ipsam
732 2782 853 2822 scenam
877 2769 1013 2824 construi
1030 2785 1099 2842 pro·

56 2849 182 2908 bibebat.
228 2849 461 2924 Sialiqualuee
486 2849 594 2906 mentis
613 2849 746 2906 animum
768 2851 886 2922 corpori
905 2854 1100 2925 praeponitis,

57 2937 158 3012 eligite
171 2953 266 3010 quem
277 2935 393 2990 oohtis.
437 2931 541 3006 Neque
555 2933 635 2990 enim
648 2941 678 2988 et
692 2933 742 2988 ille
756 2951 917 3006 corporum
930 2937 1100 3007 pestilentia

56 3017 120 3074 ideo
135 3018 328 3092 conquievit,
355 3017 426 3091 quia
452 3018 561 3088 populo
587 3016 729 3074 bellicoso
755 3026 785 3072 et
811 3018 882 3072 solis
908 3027 995 3074 antea
1020 3019 1100 3076 ludis

56 3100 252 3158 Circensibus
273 3109 395 3156 assueto
414 3097 553 3158 ludorum
571 3100 759 3158 scenicorum
776 3098 901 3158 delicata
920 3102 1100 3159 subintravit

55 3186 188 3242 insania:
221 3180 277 3239 sed
294 3183 406 3240 astutia
426 3183 588 3254 spirituum
605 3180 801 3240 nefandorum
821 3183 1000 3256 praevidens
1018 3187 1097 3242 illam

56 3267 262 3339 pestilentiam
275 3267 334 3324 iam
346 3265 408 3322 line
422 3264 523 3322 debito
537 3273 735 3335 cessaturam,
761 3266 849 3322 aliam
866 3267 956 3343 longe
976 3270 1097 3345 gravio·

56 3369 128 3421 rem,
155 3367 217 3424 qus
230 3350 393 3421 plurimum
404 3347 525 3424 gaudet,
546 3365 584 3404 ex
597 3347 652 3404 hac
667 3349 823 3403 occasione
839 3367 900 3404 non
915 3352 1098 3424 corporibus,

59 3432 107 3488 sed
118 3433 257 3488 moribus
277 3433 396 3488 curarit
409 3433 583 3501 isnmittere;
611 3437 686 3504 quae
705 3431 820 3486 animos
838 3432 1015 3488 miserorum
1032 3440 1099 3486 tan-

59 3515 98 3570 tis
112 3516 288 3572 obcaecavit
305 3514 455 3586 tenebris,
482 3523 565 3570 tanta
583 3513 770 3570 deformitate
788 3512 935 3582 foedavit,
959 3522 992 3570 ut
1012 3513 1100 3569 etiam

58 3597 159 3670 modo,
187 3594 289 3675 (quod
308 3595 485 3654 incredibile
503 3597 631 3655 forsitan
649 3597 723 3665 erit,
749 3598 776 3651 si
800 3614 817 3651 a
841 3597 952 3650 nostris
973 3598 1098 3666 posteris

58 3679 227 3758 audietur,)
243 3678 381 3736 Romana
396 3679 468 3736 urbe
486 3689 617 3749 vastata,
641 3696 716 3753 quos
735 3678 905 3752 pestilentia
925 3677 983 3732 ista
998 3695 1099 3752 posse-

59 3761 115 3834 dit,
140 3775 234 3840 atque
255 3762 327 3820 inde
347 3763 499 3838 fugientes
518 3761 728 3839 Carthaginem
751 3757 908 3834 pervenire
927 3770 1099 3832 potuerunt,
1164 3779 1166 3784 ’

60 3847 89 3902 iu
101 3845 225 3904 theatris
242 3845 381 3924 quotidie
396 3849 529 3902 certatim
539 3864 592 3918 pro
608 3844 807 3978 histrionicbuq
821 3842 996 3898 insanirent.
