2602 4416
208 212 249 264 22
421 200 524 259 DlVl
554 195 743 257 Avunnll
773 195 1028 258 Avcvsrlnl

209 357 373 416 cernelium
386 351 695 426 concupiscentiarum
708 365 771 404 non
785 345 873 417 cedit,
901 357 931 404 et
943 349 1043 424 ἱιιιιιιιι
1052 367 1159 425 corpus
1174 369 1242 408 sau·
1299 356 1300 389 l

209 439 372 498 ctifieatur:
399 445 431 492 ct
446 435 512 491 idco
527 452 593 490 eum
612 432 656 486 eis
676 449 737 486 non
754 429 858 486 cedere
875 431 1057 488 inconcussa
1075 435 1245 491 intentione
1299 430 1301 481 l

208 523 359 599 persistit,
386 539 441 576 nee
455 518 491 574 de
504 519 569 590 ipso
589 531 714 590 corpore
725 515 803 588 perit
818 515 980 586 sanctitas,
1006 517 1077 590 quia
1090 533 1125 572 eo
1140 526 1243 573 sancte

208 605 313 662 utendi
336 609 507 678 perseverat
523 599 679 670 voluutas,
706 605 736 654 et
756 605 897 672 quantum
921 599 954 654 in
978 599 1044 671 ipso
1064 608 1125 672 est,
1153 601 1243 656 etiam
1294 674 1296 682 Ι

208 689 344 746 lacultas.

272 770 377 842 Neque
395 766 471 822 enirn
492 782 527 820 co
541 781 647 838 corpus
674 771 810 821 sanetum
837 772 898 836 est,
923 763 1003 838 quod
1023 766 1087 821 eins
1113 765 1246 822 membra

210 863 281 912 sunt
292 853 429 928 integra,
454 855 506 903 aut
520 866 554 903 eo
570 847 648 922 quod
674 849 755 904 nullo
770 855 996 904 contrectantur
1020 856 1148 920 attactu3
1175 865 1247 904 curu

208 935 325 1010 possint
338 931 464 988 diversis
481 931 570 987 ctiam
590 931 707 987 casibus
726 932 884 987 vulnerata
896 933 957 988 vim
973 933 1104 1007 perpeti,
1133 940 1163 986 et
1180 949 1245 986 me·

209 1017 269 1072 dici
283 1013 442 1090 aliquando
457 1015 547 1068 saluti
560 1015 739 1086 opitulantes
753 1011 826 1068 haee
840 1015 882 1069 ibi
898 1014 1026 1086 faciant,
1052 1031 1128 1089 quae
1140 1011 1247 1070 horret

204 1099 377 1172 adspectus.
398 1096 553 1152 Obstetrix
565 1097 692 1172 virginis
707 1095 861 1152 cuiusdam
872 1099 1180 1173 integritatem-manu
1190 1115 1246 1152 re-

207 1183 254 1240 lut
272 1183 449 1254 explorans,
476 1181 539 1235 sive
562 1179 786 1248 malevolentia,
814 1180 877 1234 sive
902 1179 1038 1250 inscitia,
1072 1181 1133 1236 sivs
1160 1197 1248 1250 casu,
1298 1240 1301 1257 Ι

209 1263 279 1322 dum
291 1265 430 1336 inspicit,
448 1261 585 1337 perdidit.
628 1260 697 1317 Non
711 1262 817 1334 opinor
832 1277 1007 1334 quemquam
1019 1263 1249 1317 tumstultcsa-
1297 1262 1301 1339 Ι

209 1366 300 1422 pere,
326 1355 361 1403 ut
373 1345 443 1403 huic
454 1347 580 1419 periisse
594 1343 706 1419 aliquid
719 1345 885 1414 existimet,
913 1345 1002 1398 etiam
1019 1342 1056 1398 de
1069 1344 1164 1416 ipsius
1177 1361 1250 1400 eor·

209 1433 292 1504 poris
306 1431 481 1499 sanctitate,
509 1429 643 1502 quamvis
669 1427 791 1483 membri
804 1427 885 1482 illius
904 1427 1079 1502 integritate
1095 1427 1155 1480 iam
1174 1443 1249 1498 per-

210 1511 281 1566 dita.
326 1512 473 1577 Quocirca
484 1513 636 1583 proposito
651 1511 742 1565 animi
764 1517 972 1582 permanente,
996 1525 1048 1582 per
1062 1506 1141 1582 quod
1155 1509 1251 1566 ctiam

211 1611 319 1666 corpus
334 1591 515 1648 sanctificari
534 1593 659 1661 meruit,
687 1610 743 1646 nee
767 1592 825 1666 ipsi
846 1592 964 1662 corpori
982 1591 1081 1646 aufert
1100 1592 1249 1648 mnerita-

209 1685 271 1731 tem
282 1675 426 1732 violentia
439 1672 570 1730 libidinis
582 1674 707 1743 alienae,
721 1691 809 1746 quam
822 1681 921 1728 servat
933 1674 1155 1745 perseverantie
1170 1690 1247 1730 een-

209 1759 355 1814 tinentiae
369 1773 449 1813 suae.
479 1756 525 1812 Λιι
540 1773 612 1812 vcro
627 1755 653 1810 si
666 1755 766 1829 aliqua
779 1755 889 1810 femina
901 1749 1002 1812 r'nente
1013 1764 1163 1829 corrupta,
1177 1757 1247 1812 vio-

208 1843 330 1914 latoque
348 1839 503 1913 proposito
518 1837 597 1912 quod
615 1837 680 1894 Deo
701 1845 841 1909 voverat,
867 1847 974 1916 pergat
993 1837 1128 1895 vitianda
1142 1837 1179 1894 ad
1192 1837 1247 1894 de-

210 1932 360 1996 ceptorem
374 1940 471 1992 surim,
499 1919 594 1976 adhuc
620 1939 684 1978 eam
701 1930 876 1998 pergentem
894 1931 1027 1978 sanctam
1043 1923 1092 1979 vel
1119 1939 1248 1995 corpore

210 2005 350 2076 dicimus,
380 2022 415 2058 ea
429 2004 586 2058 sanctitate
600 2004 706 2072 animi,
732 2021 786 2076 per
805 2021 892 2078 quam
906 2022 1013 2078 eorpus
1036 2003 1246 2060 sanctificaba-

210 2098 276 2159 tur,
302 2089 410 2144 cmissa
428 2093 516 2166 atque
534 2081 703 2142 destructa?
730 2086 814 2142 Absit
826 2085 874 2142 hic
889 2105 989 2142 error:
1013 2095 1044 2142 et
1056 2085 1125 2142 hinc
1143 2087 1247 2160 potius

212 2171 436 2240 admoneamur,
463 2167 505 2223 ita
523 2186 585 2224 non
605 2169 701 2223 amitti
720 2169 852 2240 corporis
874 2171 1077 2240 sanctitatem,
1103 2176 1245 2224 manente

210 2254 302 2308 animi
315 2253 483 2321 sanctitate,
510 2252 598 2306 ctiam
612 2267 735 2322 corpore
750 2269 905 2323 oppresso,
922 2253 1000 2308 sicut
1015 2253 1161 2308 amittitur
1174 2269 1246 2306 cor-

209 2336 290 2408 poris
306 2335 447 2389 ranctitas
462 2325 572 2388 violata
586 2335 677 2389 animi
691 2334 860 2404 sanctitate,
881 2335 970 2390 etiam
984 2353 1107 2408 corpore
1117 2335 1244 2390 intacto.

209 2417 406 2482 Quamobrem
441 2433 502 2472 non
532 2414 620 2472 babet
653 2415 732 2490 quod
757 2417 789 2472 in
814 2435 847 2472 se
873 2425 968 2472 morte
996 2425 1160 2490 spontanea
1185 2434 1245 2489 pu-

209 2501 274 2554 niat
286 2499 413 2570 femina,
432 2499 498 2554 sine
516 2500 577 2554 ulla
591 2516 644 2554 sua
658 2499 858 2556 consensione
871 2500 1020 2556 violenter
1034 2517 1185 2572 oppressa,
1214 2509 1247 2555 et

209 2583 306 2637 alieno
321 2599 490 2653 compressa
502 2590 639 2654 peccato:
665 2590 776 2656 quanto
803 2583 902 2638 minus
925 2591 1083 2656 antequam
1100 2580 1157 2638 hcc
1170 2579 1247 2638 frati

210 2681 248 2720 ne
274 2663 447 2720 admittatur
472 2661 664 2720 homicidium
689 2673 825 2734 certum,
859 2683 926 2722 eum
956 2667 1053 2738 ipsum
1084 2661 1247 2740 flagitium,

209 2749 341 2821 quamvis
356 2748 501 2816 alienum,
528 2745 623 2802 adhuc
636 2746 745 2818 pendet
758 2749 906 2804 incertum

583 2892 705 2950 cnr.
748 2858 863 2953 x1x{

313 2986 357 3039 De
367 2988 514 3050 Lucretia,
534 3005 603 3056 quae
613 3005 639 3041 se
650 2990 681 3042 ob
692 2991 801 3044 illatum
816 2993 869 3048 sibi
881 3001 1005 3060 stuprum
1012 2991 1137 3062 pereutit.

270 3077 317 3132 An
330 3076 410 3132 forte
421 3076 490 3132 huic
503 3081 677 3150 perspicuae
691 3082 813 3152 rationi,
840 3100 900 3156 ¹qum
913 3081 1038 3138 dicimus
1053 3095 1177 3153 corpore
1192 3097 1247 3152 op-

207 3177 322 3234 presso,
343 3177 529 3235 nequaquam
541 3165 694 3235 proposito
709 3165 857 3220 castitatis
869 3167 931 3220 ulla
944 3167 976 3220 in
989 3167 1100 3220 malum
1115 3161 1244 3219 eonsen-

208 3244 293 3298 sione
305 3251 430 3314 mutato,
458 3244 539 3300 illius
553 3253 670 3305 tautum
684 3264 749 3302 esse
760 3245 908 3324 flagitium
922 3249 973 3322 qui
987 3249 1155 3320 opprimens
1171 3264 1246 3301 cou-

208 3325 359 3398 cubuerit,
385 3345 447 3384 non
460 3327 541 3384 illius
555 3345 631 3403 quae
649 3347 791 3402 oppressa
820 3331 1029 3386 concumbenti
1040 3331 1123 3386 nulla
1135 3330 1246 3384 volun-

206 3417 268 3464 tate
281 3411 487 3481 consenserit,
515 3411 721 3468 contradicere
739 3411 890 3469 audebunt
902 3411 952 3492 hi,
980 3421 1085 3468 eontra
1110 3428 1186 3486 quos
1200 3411 1246 3466 fe-

206 3493 353 3549 minarum
366 3489 602 3550 Christianarum
614 3495 646 3549 in
667 3496 840 3566 captivitate
860 3513 1071 3569 oppressarum
1096 3511 1157 3550 non
1176 3501 1245 3548 ton-

206 3581 269 3628 tum
282 3583 408 3644 mentes,
434 3591 541 3630 verum
554 3577 643 3632 etiam
658 3593 786 3649 corpora
798 3587 902 3633 sancta
915 3577 1101 3636 defendimus
1115 3572 1128 3630 'l
1155 3579 1171 3612 l
1184 3574 1245 3631 Lu-

206 3655 328 3710 cretiam
355 3663 435 3713 certe
461 3664 626 3714 matronam
639 3657 770 3715 nobilem
793 3669 985 3735 veteremque
1006 3659 1170 3718 Romanam
1189 3675 1245 3730 pu-

206 3733 326 3790 dicitiae
339 3739 455 3814 maguis
469 3733 597 3794 efferunt
608 3738 755 3796 laudibus.
799 3740 897 3798 Huius
913 3761 1038 3816 corpore
1052 3761 1120 3799 eum
1128 3741 1246 3797 violen-

207 3831 252 3872 ter
267 3835 406 3890 oppresso
421 3819 578 3894 Tarquinii
590 3823 672 3898 regis
685 3821 764 3878 filius
779 3823 939 3882 libidinose
949 3827 1169 3902 potitusesset,
1196 3825 1246 3879 illo
