2586 4396
225 207 266 262 44
451 191 546 254 DlVl
571 188 756 249 AVRELll
778 189 1031 249 AVGVSTINI

227 373 313 433 quum
326 347 445 408 offertur
454 345 517 404 Deo
531 365 611 417 vero,
625 345 672 400 eui
683 345 735 400 uni
749 342 944 400 tantummodo
957 341 1182 404 sacrificandum
1198 360 1250 406 est.
1273 337 1274 384 l

225 439 292 496 Non
315 443 411 490 autern
433 439 512 488 reete
535 428 689 500 dividitur,
716 427 782 483 dum
800 445 860 484 non
879 427 1085 484 discernuntur
1101 440 1183 487 recte
1202 435 1252 490 vel

225 524 304 591 loca,
316 518 364 574 vel
376 526 524 588 tempora,
537 514 585 570 vel
597 530 643 567 res
657 513 736 589 ipsae
749 529 824 585 quae
837 507 1012 583 offeruntur,
1025 512 1073 568 vel
1085 514 1133 588 qui
1146 511 1251 586 offert,
1273 501 1274 504 Ἴ

226 613 256 660 et
274 603 323 659 cui
340 598 474 670 offertur,
499 597 547 654 vel
565 593 710 672 hiquibus
724 595 760 652 ad
777 594 952 652 vescendum
970 594 1149 652 distribuitur
1167 599 1252 674 quod

226 686 353 744 oblatum
365 693 422 739 est:
448 690 481 737 ut
494 681 666 737 divisionem
677 677 724 734 hic
739 678 942 735 discretionem
953 681 1166 758 intelligamus3
1184 683 1251 738 sive

225 789 312 847 quum
326 765 458 835 offertur,
487 766 535 822 ubi
559 783 619 820 non
640 772 768 838 oportet,
794 773 843 819 aut
857 762 933 838 quod
953 781 1014 819 non
1031 762 1088 836 ibi,
1115 764 1166 822 sed
1180 767 1250 822 alibi

226 861 355 928 oportet,
369 852 431 906 sive
444 867 531 925 quurn
544 844 680 918 offertur,
695 845 808 922 quando
819 865 878 903 non
893 856 1019 922 oportet,
1032 856 1083 903 aut
1096 848 1176 922 quod
1190 869 1248 906 non

224 947 312 1006 tunc,
327 935 378 990 sed
390 934 462 990 alias
477 941 606 1008 opertet;
632 931 694 987 sive
708 949 796 1006 quum
808 929 839 985 id
851 926 986 1003 offertur,
1012 930 1089 1007 quod
1102 949 1248 1008 nusquam

225 1029 255 1076 ct
267 1037 414 1094 nunquam
426 1017 541 1092 penitus
556 1015 669 1088 debuit;
694 1015 756 1072 sive
776 1033 863 1090 quum
881 1016 1018 1070 electiora
1040 1013 1097 1070 sibi
1121 1015 1248 1073 eiusdem

224 1103 340 1182 generis
354 1120 452 1158 rerum
465 1109 549 1157 tenet
560 1098 662 1171 bomo,
676 1117 763 1175 quem
776 1107 844 1176 sunt
859 1117 979 1174 eaquae
992 1095 1077 1155 offert
1090 1097 1172 1172 Deo;
1185 1101 1248 1156 sive

225 1205 312 1262 quum
326 1187 387 1242 eius
402 1187 445 1240 rei
459 1203 531 1260 quae
545 1186 641 1242 oblata
654 1191 714 1255 est,
738 1182 773 1239 fit
783 1185 927 1258 particeps
940 1181 1097 1258 profanus,
1118 1193 1168 1238 aut
1181 1187 1232 1259 qui

165 1312 167 1319 .
223 1271 294 1326 libet
307 1289 394 1345 quem
405 1269 450 1326 las
464 1287 524 1325 non
538 1277 582 1324 cst
594 1267 667 1324 fieri.
710 1265 745 1324 ln
765 1285 821 1342 quc
839 1275 935 1322 autem
948 1264 1126 1324 horumDeo
1144 1266 1246 1343 displi-

223 1355 317 1410 cuerit
328 1352 417 1426 Cain,
442 1353 528 1410 facile
541 1371 600 1409 non
613 1360 710 1426 potest
722 1351 859 1408 inveniri.
903 1347 962 1408 Sed
974 1352 1110 1426 quoniam
1121 1347 1247 1407 loannes

223 1439 394 1514 Apostolus,
417 1455 505 1513 quum
519 1437 554 1493 de
566 1435 611 1492 bis
626 1436 764 1492 fratribus
782 1437 965 1510 loqueretur,
991 1431 1054 1492 Noa
1068 1436 1147 1492 sicut
1162 1433 1245 1505 Gaio,

223 1523 334 1596 inquit,
361 1523 411 1597 qui
423 1539 460 1578 ca
471 1520 600 1596 maligno
613 1529 695 1590 erat,
709 1528 739 1576 et
751 1517 1001 1590 occiditfratrcm
1015 1535 1117 1575 suam:
1143 1518 1188 1577 Et
1200 1538 1246 1576 cu·

223 1605 271 1660 ius
283 1605 330 1660 rei
339 1605 445 1679 gratio
458 1603 566 1660 occidit
580 1600 662 1660 eum?
679 1601 758 1673 Quia
772 1622 862 1681 opera
876 1602 956 1659 illios
968 1600 1245 1680 malignafuerunt,

221 1685 339 1760 fratris
362 1697 459 1743 autem
482 1685 563 1742 itlius
586 1688 685 1742 iustu:
702 1687 796 1743 'datur
818 1687 960 1765 intelligi,
986 1694 1141 1762 propterea
1153 1685 1245 1742 Deum

223 1789 284 1826 non
301 1771 465 1844 respexisse
482 1770 515 1826 in
532 1769 638 1826 mbnus
654 1771 732 1842 eius,
759 1771 827 1845 quia
844 1769 899 1826 hoc
920 1773 982 1846 ipso
1000 1771 1073 1825 male
1093 1769 1245 1837 dividebat,

224 1852 296 1908 dans
310 1853 374 1909 Deo
388 1852 496 1928 aliquid
508 1871 605 1922 suurn,
625 1853 681 1909 sibi
693 1862 789 1910 autem
802 1872 834 1909 se
846 1856 949 1930 ipsum.
992 1853 1076 1920 Quod
1090 1871 1189 1910 ornnes
1203 1854 1245 1908 fa-

225 1938 306 1993 ciunt
319 1939 370 2012 qui
382 1955 442 1994 non
455 1936 528 2010 Dei,
543 1937 593 1992 sed
606 1955 688 1993 suam
701 1946 846 1994 sectantes
859 1940 1056 2007 voluntatem,
1071 1937 1173 2008 idest,
1186 1955 1246 1994 non

224 2030 316 2091 recto,
328 2019 379 2076 sed
390 2039 527 2096 perverso
543 2019 629 2077 corde
641 2023 791 2094 viventes,
807 2018 932 2078 offerunt
944 2031 1041 2078 tamen
1055 2021 1120 2078 Deo
1133 2039 1245 2090 munus,

224 2123 280 2180 quo
289 2113 392 2180 putant
402 2101 589 2177 cumredimi,
603 2113 747 2161 uteorum
759 2125 818 2162 non
829 2107 988 2179 opituletur
1000 2105 1138 2162 sanandis
1151 2106 1245 2180 pravis

224 2188 444 2264 cupiditatibus,
467 2188 519 2244 sed
532 2189 692 2263 explendis.
718 2188 757 2246 Et
768 2188 823 2245 hoc
837 2199 881 2246 est
893 2192 1040 2265 proprium
1052 2199 1188 2246 terrenae
1201 2188 1245 2246 Ci-

224 2273 340 2342 vitatis,
367 2271 462 2327 Deum
479 2274 527 2328 rel
544 2271 612 2342 deor
632 2273 742 2344 colere,
770 2273 871 2348 quibus
887 2273 1086 2331 adiuvantibus
1099 2275 1245 2352 regnetin

223 2355 356 2412 victoriis
376 2363 406 2410 et
423 2373 494 2430 pace
512 2364 646 2427 terrena,
673 2374 733 2412 nou
747 2357 867 2412 caritate
881 2357 1064 2428 consulendi,
1091 2357 1144 2412 sed
1158 2357 1244 2414 domi-

224 2439 315 2495 nandi
328 2437 493 2513 cupiditate.
506 2437 582 2496 Boni
596 2439 702 2515 quippe
717 2439 753 2495 ad
765 2438 820 2496 hoc
833 2448 955 2497 utuntur
967 2439 1088 2512 mundo,
1101 2450 1137 2498 ut
1150 2441 1244 2498 finan·

223 2531 272 2578 tur
285 2521 366 2580 Deo:
392 2525 461 2580 mali
476 2532 574 2580 autem
588 2532 706 2595 centra,
731 2533 764 2580 ut
784 2523 920 2581 fruantur
937 2524 1058 2596 mundo,
1083 2526 1130 2581 uti
1147 2527 1245 2582 volunt
1273 2569 1274 2598 ι

224 2605 302 2682 Deo,
322 2609 372 2683 qui
384 2617 482 2664 tamen
496 2625 563 2664 eum
575 2609 623 2664 vel
635 2626 714 2680 esse,
726 2609 775 2664 vel
786 2625 833 2663 res
847 2606 987 2664 humanas
999 2625 1101 2666 curare
1114 2610 1174 2667 iam
1186 2628 1245 2665 crc-

226 2689 307 2748 dunt.
326 2690 404 2748 Sunt
418 2693 496 2749 enirn
508 2693 597 2748 multo
611 2691 780 2764 deteriores,
792 2693 844 2766 qui
857 2711 910 2748 nec
924 2691 978 2748 hoc
992 2691 1107 2768 quidem
1120 2692 1245 2750 credunt.

225 2773 350 2852 Cognito
363 2776 462 2850 itaque
476 2772 548 2830 Cain
563 2775 639 2850 quod
657 2793 742 2850 super
755 2777 816 2832 eius
830 2778 964 2854 germani
981 2776 1171 2850 sacrificium,
1196 2796 1246 2834 nec

225 2875 309 2931 super
329 2877 412 2914 suum
430 2866 600 2932 respexerat
612 2857 711 2931 Deus,
737 2861 838 2935 utique
858 2861 977 2916 fratrem
995 2861 1105 2918 bonum
1122 2871 1245 2918 ιιιιιιιιιιι

224 2941 348 3009 imitari,
373 2958 434 2997 non
448 2942 540 2996 elatus
555 2940 654 2997 debuit
665 2945 812 3000 aemulari.
855 2942 914 3000 Sed
927 2946 1117 3002 contristatus
1131 2953 1192 3017 est,
1217 2953 1246 2998 et

225 3022 352 3080 concidit
365 3023 455 3080 iacies
468 3025 540 3080 eius.
583 3023 648 3080 Hoc
660 3037 810 3100 peceatum
821 3030 947 3084 maxime
961 3031 1060 3107 arguit
1073 3029 1172 3100 Deus,
1194 3029 1244 3084 tri-

225 3108 336 3163 stitiam
349 3106 384 3163 de
398 3108 519 3164 alterius
532 3108 678 3182 bonitate,
693 3120 722 3167 et
733 3110 788 3168 hoc
798 3110 906 3168 fratris.
932 3111 996 3169 Hoc
1008 3114 1115 3189 quippe
1124 3130 1244 3191 arguen-

224 3190 261 3247 do
274 3192 469 3270 interrogavit
481 3191 597 3264 dicens,
619 3191 720 3262 Quare
734 3197 930 3253 contristatus
944 3214 991 3268 er,
1005 3207 1035 3254 et
1048 3215 1144 3274 quare
1156 3196 1244 3253 cosci-
1273 3241 1274 3276 ,

225 3275 271 3332 dit
280 3275 385 3348 facies
399 3273 473 3334 tua?
499 3277 573 3344 Quia
587 3279 664 3334 euim
678 3278 764 3335 fratri
776 3280 942 3353 invidebat,
968 3279 1048 3337 Deus
1062 3281 1196 3351 videbat,
1221 3287 1247 3333 et
1273 3277 1274 3346 l

223 3357 278 3415 boe
292 3359 440 3437 arguebat.
473 3359 550 3418 Nam
562 3359 741 3433 hominibus,
755 3363 859 3439 ¹quibus
873 3363 1072 3422 absconditum
1086 3374 1135 3422 est
1146 3383 1198 3421 cer
1210 3364 1246 3418 al·
1273 3415 1274 3438 ,

222 3445 332 3516 terius,
346 3463 410 3500 csse
422 3454 522 3520 posset
533 3445 715 3524 ambiguum,
734 3455 764 3502 et
776 3465 897 3522 prorsus
912 3451 1071 3521 incertum,
1092 3457 1193 3506 utrum
1204 3449 1245 3503 illa
1273 3443 1274 3512 l

223 3527 344 3584 tristitia
356 3529 570 3606 malignitatem
583 3547 680 3600 suam,
704 3531 735 3586 in
754 3549 811 3606 qua
824 3549 856 3586 sc
868 3531 933 3589 Deo
947 3533 1129 3608 displicuisse
1144 3532 1244 3589 didice·
1273 3523 1274 3532 ’

222 3621 286 3682 rat,
300 3627 337 3666 sn
351 3611 450 3668 fratris
465 3613 589 3670 doluerit
599 3612 776 3687 bonitatem,
802 3633 876 3690 quae
889 3615 953 3674 Deo
967 3617 1094 3692 placuit,
1118 3635 1207 3692 quum
1218 3615 1245 3668 in

139 3727 140 3730 η
225 3693 398 3750 sacrificium
427 3696 488 3752 eius
515 3695 656 3771 adspexit.
700 3695 758 3753 Sed
776 3699 919 3756 rationem
937 3699 1017 3758 Deus
1031 3699 1175 3772 reddens,
1201 3715 1246 3754 cur

226 3774 288 3828 eius
308 3775 482 3834 oblationem
500 3780 631 3854 accipere
649 3782 792 3853 noluerit,
818 3792 851 3838 ut
869 3783 1004 3860 sibiipsa
1021 3785 1121 3858 potius
1134 3783 1245 3850 merito,

226 3873 312 3931 quam
325 3859 352 3913 ei
364 3859 507 3918 iramerito
527 3861 617 3920 frater
636 3861 817 3938 displiceret,
844 3883 930 3943 quum
949 3877 1027 3925 esset
1043 3867 1174 3924 iniustus
1193 3883 1246 3922 non
