2538 4392
219 227 278 283 tot
445 215 542 276 DlVl
564 212 756 272 nvntsnlt
777 207 1045 272 Avavsulut·

218 379 260 436 sit
273 389 455 434 sarcasmos
469 387 632 430 convocans
646 387 710 428 cans
723 365 1119 445 eccellenttpraedicatione
1134 369 1179 430 ad
1190 391 1251 430 aaa·

218 473 326 530 terea,
340 455 456 528 dicans,
473 454 547 526 Qua
560 464 606 514 est
618 449 782 531 insipienti
807 450 954 510 Disertat
967 451 1008 510 ad
1018 471 1072 510 ane.
1107 451 1151 512 Es
1163 456 1251 532 inopi·

216 546 268 604 tas
282 559 371 602 senen
385 542 478 612 dicit,
497 538 615 610 Venite,
632 537 809 598 manducate
822 537 858 594 de
871 536 943 592 aneis
954 536 1084 634 panitas
1092 575 1103 607 ,
1124 537 1251 596 attilia

214 629 313 688 ainans
335 626 413 704 qnod
428 627 532 682 misena
528 623 640 680 cobis.
677 619 735 678 llic
753 629 832 678 certe
849 619 1034 698 agnoscimus
1055 619 1115 676 Dei
1128 619 1248 697 Sapien-

214 711 301 786 tiam,
317 709 372 766 hoc
384 717 440 780 est,
453 705 581 764 Verbum
593 704 676 764 Patri
689 714 886 775 coaeternum,
900 704 932 760 in
947 711 1032 762 utero
1045 705 1190 783 virginali
1203 705 1248 762 do-

213 813 293 861 mum
307 794 363 850 sibi
377 790 547 849 aedificasse
560 807 666 864 corpus
679 789 857 860 humanum,
872 796 902 844 et
914 785 983 844 huie
990 796 1155 863 ,tanquam
1168 790 1248 864 capiti

215 878 355 948 membra,
369 875 533 934 Ecclesiam
547 873 745 946 subiunxisse,
758 871 923 948 Martyrum
931 872 1066 930 victimas
1076 873 1247 941 immolasse,

214 979 347 1019 mensem
365 961 396 1016 ιιι
410 959 481 1017 rino
496 967 525 1015 et
538 957 661 1034 panibus
674 975 878 1034 praeparasse,
903 955 953 1014 ubi
969 965 1091 1031 apparet
1105 957 1193 1014 etiam
1204 975 1249 1012 sc·

217 1043 378 1104 cerdatium
400 1041 561 1100 secundum
582 1040 716 1101 ordinem
729 1040 943 1110 Melchisedec,
968 1041 1139 1114 insipientes
1154 1048 1184 1094 et
1202 1041 1250 1094 in-

217 1145 286 1204 opes
300 1145 390 1184 sensu
402 1144 543 1200 vocasse,
566 1127 654 1201 quia,
678 1127 755 1182 sicut
768 1125 839 1182 dicit
850 1125 1021 1200 Apostolus:
1049 1121 1173 1197 Infirma
1198 1121 1252 1180 ha-

217 1215 264 1274 ias
283 1213 385 1270 mnndi
402 1211 509 1287 elegit,
535 1221 569 1268 at
589 1210 786 1284 confunderet
800 1209 916 1281 fortia.
957 1207 1069 1274 Quibus
1087 1216 1186 1264 tamen
1208 1209 1252 1263 ιιι-

217 1295 309 1354 firmis
323 1294 401 1372 quod
413 1296 545 1370 sequitur
558 1294 647 1366 dicit,
671 1291 878 1370 Derelinqnitc
891 1291 1109 1369 insipientiam,
1126 1301 1163 1349 at
1173 1293 1252 1349 aioa-

217 1382 275 1455 tia‚·
300 1389 330 1438 at
344 1381 480 1457 quaerite
493 1378 706 1457 prudentiane,
732 1386 767 1434 at
787 1375 924 1434 babeatis
941 1377 1042 1434 oitasn.
1078 1373 1252 1452 Participera

218 1473 316 1520 autem
342 1463 407 1520 lieri
432 1481 550 1519 mensae
575 1461 673 1535 illius,
700 1463 795 1538 ipsum
815 1469 861 1516 est
879 1460 1009 1534 incipere
1030 1457 1139 1516 habere
1158 1461 1251 1517 vitam

217 1547 337 1604 Namet
349 1547 382 1602 in
395 1544 561 1616 aliorlibro‚
576 1546 627 1620 qui
639 1553 763 1602 vocatur
776 1542 981 1614 Ecclesiastes,
995 1542 1044 1598 ubi
1057 1543 1119 1614 ait,
1131 1539 1200 1602 Non
1212 1554 1252 1602 cst

217 1627 460 1700 losantanas,
482 1629 544 1686 nisi
555 1628 633 1704 qaod
645 1627 836 1686 manducabit
850 1637 880 1684 ct
890 1626 981 1696 bibet,
1004 1625 1073 1701 quid
1087 1627 1250 1684 credibilius

218 1713 317 1769 dicere
338 1712 533 1790 intelligitur,
559 1728 645 1786 quem
661 1711 738 1786 quod
751 1709 788 1766 ed
801 1711 1054 1786 perticipationem
1066 1729 1191 1768 mensae
1202 1711 1248 1767 bu·

217 1797 263 1852 ius
276 1795 417 1870 pertinet,
432 1812 520 1870 quam
533 1793 668 1850 sacerdos
682 1795 746 1867 ipse
763 1793 908 1851 Mediator
922 1792 1105 1851 Testamenti
1118 1797 1193 1854 novi
1205 1813 1248 1851 ex-

217 1878 299 1936 hibet
317 1877 478 1936 secundum
498 1877 630 1934 ordinem
650 1875 842 1934 Melchisedec
862 1877 897 1934 de
922 1895 1041 1954 corpore
1062 1881 1249 1958 etsanguiue

217 1959 292 2025 suoi
318 1961 351 2018 ld
363 1963 448 2020 eninr
470 1963 645 2020 sacrificium
664 1963 806 2019 successit
820 1962 953 2020 omnibus
967 1964 1025 2018 illis
1037 1962 1192 2020 sacrifieiis
1205 1981 1250 2019 ve·

218 2047 289 2104 teris
304 2045 487 2104 Testamenti
495 2065 593 2123 ,quae
605 2047 851 2104 immolabantur
842 2067 874 2103 ιιι
887 2041 988 2104 umbra
1000 2045 1109 2105 futuri:
1138 2056 1251 2123 prepter

218 2131 296 2208 quod
316 2133 405 2188 etiam
424 2149 525 2189 vocem
546 2131 654 2187 illam
645 2149 677 2189 ιιι
691 2127 805 2187 Psalmo
820 2132 970 2207 tricesimo
984 2139 1014 2186 et
1027 2149 1107 2188 nono
1128 2131 1249 2188 eiusdem

217 2215 389 2274 Mediatoris
408 2233 461 2290 per
472 2213 653 2290 prophetiam
668 2215 817 2290 loquentis
837 2216 1038 2294 agnoscimus:
1064 2213 1248 2288 Sacrificium

218 2309 249 2356 et
274 2299 448 2356 oblationem
474 2297 614 2370 noluisti3
639 2315 747 2376 corpas
766 2309 866 2356 antem
880 2299 1046 2377 perfecisti
1061 2297 1145 2356 midi.
1184 2300 1250 2368 Quis

217 2399 270 2458 pro
284 2381 343 2448 illis
358 2381 491 2437 omnibus
505 2381 657 2437 sacrificiis
672 2390 702 2436 et
715 2381 910 2438 oblationibus
924 2399 1026 2457 eorpus
1044 2383 1109 2438 eius
1123 2379 1250 2450 offertur,

217 2475 248 2522 et
265 2464 510 2540 participantibus
530 2466 728 2521 ministratur.
755 2463 831 2522 Nam
843 2465 931 2522 istum
943 2465 1147 2522 Ecclesiasten
1160 2469 1193 2524 in
1204 2466 1251 2522 huc

217 2549 366 2606 sententia
386 2547 582 2606 manducandi
601 2558 631 2606 ¹et
651 2547 785 2619 bibendi,
812 2565 898 2623 quam
911 2567 997 2622 saepe
1009 2550 1136 2624 repetit,
1164 2552 1251 2626 pluri·

216 2651 353 2710 mumque
365 2631 565 2704 commendat,
580 2651 641 2690 non
656 2649 759 2706 sapere
773 2633 898 2688 carnalis
912 2635 1010 2706 epulas
1022 2633 1197 2708 voluptatis,
1210 2653 1251 2690 ss·

216 2717 254 2774 tis
277 2717 351 2774 illud
375 2715 521 2788 ostendit,
547 2715 598 2774 ubi
620 2717 677 2772 ait:
699 2713 812 2773 Melias
832 2722 878 2772 es't
896 2717 942 2773 ire
963 2718 993 2772 in
1014 2717 1127 2774 domans
1149 2719 1251 2786 lactan

214 2819 302 2878 ᾳιιιιιιι
314 2802 360 2858 ire
373 2802 403 2856 in
417 2801 530 2857 aeman
537 2809 640 2876 potas.
666 2798 708 2856 Et
718 2801 805 2874 paulo
819 2808 900 2874 post,
916 2798 991 2870 Cor,
1008 2789 1121 2876 inquit,
1134 2805 1252 2880 eapien-

215 2885 289 2940 tinnn
309 2884 340 2938 ia
361 2884 442 2940 domo
461 2881 578 2954 lactas,
604 2893 635 2940 et
656 2901 708 2939 car
726 2885 928 2961 insipsientinns
942 2885 977 2940 in'
992 2884 1075 2958 domo
1092 2885 1251 2963 epulamur.

215 2963 274 3021 Sed
287 2964 361 3020 illud
373 2966 468 3040 magis
484 2966 767 3022 commemorandum
782 2968 917 3024 existimo
935 2967 970 3023 de
982 2966 1038 3024 hoc
1055 2969 1155 3041 libro,
1181 2967 1252 3045 qood

214 3047 345 3120 pertinet
358 3045 394 3102 ad
407 3046 549 3104 Civitates
564 3047 653 3119 duas,
679 3067 768 3106 unam
789 3051 914 3123 diaboli,
936 3052 1060 3108 alteram
1072 3051 1201 3124 Christi,
1226 3063 1252 3107 et

215 3147 316 3186 earum
329 3147 415 3209 reges
429 3129 576 3188 diabolum
589 3141 619 3189 et
632 3131 799 3191 Christum:
823 3133 883 3192 Vae
897 3135 953 3192 tibi
966 3145 1067 3206 tarra,
1081 3137 1190 3212 inquit,
1203 3155 1251 3191 es·

214 3216 261 3272 ias
274 3232 330 3272 rea
341 3215 529 3288 adolescens,
543 3226 573 3274 et
579 3219 738 3296 principes
753 3219 800 3276 tas·
810 3237 896 3276 mane
909 3220 1070 3276 comedant.
1099 3219 1200 3278 Beata
1213 3229 1251 3277 ιιι

214 3295 316 3369 terra,
343 3300 427 3358 caiae
445 3319 502 3358 ren
521 3310 591 3358 tans
601 3300 723 3374 filias
711 3319 917 3378 ingenuerant,
945 3312 976 3360 et
986 3304 1147 3382 principes
1167 3305 1215 3360 rat
1228 3305 1252 3358 ιι

213 3391 345 3462 tempore
358 3385 554 3454 comedant,'
541 3385 785 3456 infortitudine,
799 3396 829 3443 et
840 3404 897 3442 non
911 3388 941 3443 in
957 3385 1143 3458 confusione.
1183 3385 1252 3443 sta

212 3467 374 3527 lescentem
387 3466 464 3526 dixit
476 3468 641 3540 diabolum,
662 3478 783 3544 propter
796 3470 968 3542 stultitiam,
990 3477 1020 3526 et
1034 3471 1215 3546 superbiam,
1230 3477 1253 3523 et

213 3551 425 3624 temeritatem,
440 3561 471 3607 et
481 3553 690 3626 petulantiam,
706 3561 879 3628 caeteraque
892 3555 984 3625 vitia,
999 3571 1073 3629 quae
1087 3553 1158 3610 huic
1172 3553 1264 3654 armti,

213 3632 348 3690 adsolent
360 3592 525 3692 abuhdare:
551 3633 700 3692 Christum
720 3646 818 3692 autem
832 3637 955 3693 lilium
945 3655 1164 3716 ingenuorum,
1191 3655 1252 3692 ssu-

213 3723 328 3772 cterum
341 3711 594 3791 Petriarcharum,
608 3719 819 3792 pertinentimn
832 3719 869 3776 ad
882 3721 1004 3776 liberam
1017 3719 1196 3793 Civitatem,
1221 3735 1264 3774 ex

211 3796 319 3870 quibus
335 3801 403 3854 est
393 3819 426 3856 ιιι
439 3819 528 3858 carne
541 3803 724 3880 progenitus.
759 3803 912 3878 Principes
926 3805 1006 3861 illius
1021 3801 1160 3862 Civitatis
1175 3820 1253 3861 manc

212 3878 443 3953 manducantes,
465 3883 572 3957 idest,
597 3895 665 3943 ante
678 3885 778 3944 boram
793 3902 969 3966 congruam3
994 3890 1062 3964 quia
1075 3907 1137 3946 non
1153 3904 1248 3962 exspe
