2590 4396
263 179 332 238 DE
356 179 576 238 clvlnnnss
601 181 680 242 nul
706 183 786 242 ΜΒ.
808 186 864 245 lv.
1043 198 1100 254 1⁰3

72 332 200 392 nantibus
223 333 394 408 meritis,
421 350 456 388 ea
475 351 550 408 quae
569 333 633 392 suis
650 337 831 412 temporibus
851 342 970 398 insolite
983 345 1099 402 accide-

72 428 139 488 runt,
162 434 217 490 per
237 417 303 472 alia
324 424 407 472 retro
425 424 556 491 tempora
575 417 709 474 accidere
728 438 788 476 non
802 425 912 496 solere,
940 444 1099 504 eorumque

72 502 236 575 opinionem,
256 501 354 556 etiam
367 500 406 554 iis
421 500 473 574 qui
486 518 550 556 eam
562 500 667 557 falsam
680 519 745 558 esse
759 515 924 578 noverunt,
947 517 982 564 ut
994 510 1098 568 sdver-

37 587 38 592 ’
70 603 119 640 sum
132 602 186 640 nos
199 585 287 640 iusta
301 599 455 640 murmura
467 581 574 640 habere
586 583 754 658 rideantur,
769 604 841 644 suae
855 590 998 648 scientiae
1011 590 1098 650 dissi·

67 669 212 724 mulatione
226 665 439 724 firmantibus:
469 666 505 722 de
524 667 607 724 libris
628 686 700 744 quos
719 678 855 728 auctores
875 691 978 730 eorum
998 673 1034 730 ad
1048 693 1098 732 co-

65 749 250 827 gnoscendam
260 749 500 826 praeteritorum
510 759 672 824 temporum
684 750 837 811 historiam
846 757 1006 813 memoriae
1014 775 1098 816 man·

65 833 205 904 laverunt,
219 836 319 911 longe
333 833 424 890 aliter
437 851 502 888 esse
515 852 601 909 quarn
613 843 730 908 putant,
751 834 1011 896 demonstrandum
1024 839 1098 913 iuit3

66 926 87 971 et
98 919 178 973 simul
192 915 381 988 docendum,
394 915 464 972 deos
475 916 565 973 falsos
575 936 648 993 quos
658 920 707 975 rel
719 920 814 994 palam
824 922 969 994 colebant,
983 924 1032 980 vel
1045 941 1097 980 oc·

64 1002 127 1056 culte
139 999 236 1057 adbuc
251 1001 379 1070 colunt,
408 1017 458 1056 eos
471 1017 536 1056 esse
555 1000 803 1060 immundissimos
822 1006 944 1078 spiritus
963 1015 994 1062 et
1011 1007 1096 1063 mali-

64 1084 205 1160 gnissimos
219 1101 258 1140 se
274 1083 487 1140 fallacissimos
501 1081 672 1156 daemonem
697 1103 791 1161 usque
808 1087 881 1145 adeo
893 1098 928 1146 ut
940 1098 992 1146 aut
1003 1091 1095 1161 veris,

63 1175 103 1222 aut
112 1165 185 1222 fictis
200 1167 318 1236 etism,
346 1167 408 1221 suis
428 1175 525 1223 tamen
540 1168 712 1224 criminibus
726 1167 924 1242 delectentur,
952 1172 1097 1247 quaesibi

64 1250 187 1306 celebrari
199 1267 257 1325 per
272 1266 333 1304 sus
349 1247 428 1304 feste
440 1251 613 1321 voluerunt3
627 1259 662 1306 ut
674 1269 692 1305 a
703 1252 908 1324 perpetrandis
922 1253 1096 1308 damnabili·

64 1330 106 1386 bus
118 1332 200 1389 iactis
214 1331 358 1389 bumana
372 1334 507 1388 revocari
521 1351 582 1389 non
595 1332 690 1405 possit
703 1331 873 1404 infirmitas,
893 1332 963 1390 dum
975 1333 1012 1390 sd
1025 1334 1096 1391 haec

65 1415 185 1472 innitends
197 1418 291 1474 velut
305 1413 411 1470 divina
423 1414 581 1488 praebetur
593 1415 764 1470 auctoritas.
777 1413 861 1471 Haec
872 1434 932 1473 non
943 1433 981 1472 ex
995 1425 1097 1474 nostra

66 1499 215 1556 coniectura
228 1498 442 1574 probavimus,
456 1496 507 1553 sed
519 1498 628 1572 partim
641 1515 679 1552 ex
692 1499 807 1554 recenti
818 1501 970 1571 memoria,
984 1501 1054 1576 quia
1067 1509 1097 1558 et

65 1581 112 1654 ipsi
123 1581 242 1640 vidimus
259 1582 340 1637 talia
352 1598 388 1636 se
402 1581 509 1637 talibus
523 1580 693 1638 numinibus
708 1579 856 1656 exhiberi;
881 1585 990 1658 partim
1006 1601 1044 1640 cx
1058 1585 1094 1640 li·

64 1665 122 1721 teris
134 1684 249 1738 eorum,
265 1665 323 1739 qui
338 1681 400 1720 uon
413 1672 552 1739 tanquam
565 1665 597 1721 iu
611 1666 828 1738 contumeliam,
847 1666 899 1723 sed
911 1675 1051 1743 tanquam
1064 1669 1096 1724 in

62 1745 187 1806 bonorem
200 1749 338 1805 deorum
351 1765 475 1804 suorum
488 1748 545 1804 ista
564 1749 731 1822 conscripta
749 1750 876 1824 posteris
895 1751 1094 1826 reliquerunt:

61 1832 93 1886 ita
104 1841 134 1888 ut
144 1834 192 1890 vir
206 1831 407 1888 doctissimus
423 1829 499 1905 apud
512 1849 563 1888 eos
576 1829 670 1888 Varro
694 1841 724 1888 et
746 1835 940 1911 gravissimae
963 1835 1093 1890 auetori-

60 1917 133 1987 tatis,
155 1934 229 1972 eum
241 1932 350 1972 rerum
362 1911 558 1972 bumanorum
576 1924 665 1990 atque
683 1914 851 1974 divinarum
863 1917 1035 1991 dispertitos
1049 1917 1094 1973 fa-

60 2007 126 2054 ceret
138 1999 248 2070 libros,
277 1999 354 2054 alios
367 1994 514 2070 humanis,
529 1999 604 2054 alios
618 1995 739 2072 divinis,
757 2019 810 2076 pro
825 2019 879 2056 sua
894 2002 1037 2074 cuiusque
1051 2001 1095 2054 rei

58 2079 193 2158 dignitate
207 2081 410 2152 distribuens,
424 2098 485 2136 non
499 2083 603 2138 saltem
616 2081 648 2138 iu
661 2083 749 2139 rebus
762 2081 915 2153 humanis,
935 2081 1032 2137 sedin
1046 2099 1093 2136 re-

58 2161 102 2219 bus
115 2164 227 2222 divinis
243 2173 374 2238 poneret
387 2161 472 2220 ludos
487 2165 637 2222 scenicos:
650 2183 717 2222 eum
726 2167 840 2240 utiquc,
854 2165 880 2220 si
893 2163 1094 2220 tantummodo

57 2247 115 2304 boni
128 2258 159 2304 et
172 2245 300 2302 bonesti
313 2245 450 2302 homines
464 2248 495 2303 in
509 2249 630 2304 civitate
644 2256 755 2319 essent,
776 2267 832 2303 nec
846 2249 877 2304 in
891 2247 979 2304 robus
991 2244 1093 2303 buma-

58 2330 95 2385 nis
107 2331 168 2387 ludi
182 2329 302 2386 scenici
317 2347 383 2386 esse
397 2327 576 2406 debuissent.
609 2329 696 2398 Quod
708 2329 842 2402 proiecto
857 2349 918 2386 non
931 2331 1093 2386 auctorita·

57 2421 80 2468 te
91 2431 144 2470 sua
155 2413 244 2482 feeit,
260 2411 313 2468 sed
327 2413 469 2489 quoniam
483 2433 532 2470 eos
547 2411 659 2470 Romae
672 2420 759 2468 uatus
773 2421 804 2468 et
817 2411 959 2469 educatus
973 2415 1004 2469 in
1018 2411 1093 2469 divi·

56 2497 95 2551 nis
108 2497 200 2553 rebus
214 2489 345 2550 invenit.
384 2493 425 2549 Et
439 2496 578 2568 quoniam
592 2495 624 2550 in
637 2493 697 2550 line
710 2495 798 2567 primi
810 2495 894 2565 libri,
921 2513 997 2569 quse
1010 2494 1092 2550 dein·

54 2596 116 2652 ceps
130 2575 262 2634 dicenda
276 2585 390 2648 essent,
416 2576 546 2634 breviter
560 2577 731 2650 posuimus,
756 2584 786 2630 et
799 2593 836 2630 ex
848 2574 895 2631 his
907 2575 1050 2648 quaedam
1063 2577 1094 2632 in

54 2660 163 2718 duobus
178 2659 435 2734 consequentibus
450 2659 598 2728 diximus,
625 2657 825 2730 expectationi
842 2657 1006 2734 legentium
1019 2673 1095 2730 quae

53 2753 168 2799 restant
179 2741 330 2800 reddenda
345 2743 563 2820 cognoscimus.

466 2891 584 2950 CAP.
630 2889 677 2948 ll.

217 2985 262 3040 De
273 2985 316 3040 bis
325 3003 395 3056 puae
406 2987 474 3041 libro
485 2989 600 3042 secundo
609 2997 637 3041 et
647 2987 730 3042 tertio
740 2986 921 3040 continentur.

112 3077 352 3134 Promiseramus
372 3095 460 3156 ergo,
485 3077 626 3155 quaedam
645 3097 700 3135 nos
719 3095 784 3134 esse
804 3075 936 3134 dicturos
949 3076 1092 3133 adversus

51 3181 113 3234 eos,
128 3162 182 3236 qui
193 3158 347 3220 Romanae
361 3162 539 3234 reipublicae
553 3161 650 3218 clades
664 3163 695 3218 in
708 3162 885 3240 religionem
899 3169 1031 3218 nostram
1043 3177 1091 3215 re-

50 3245 163 3316 ferunt,
179 3253 210 3300 et
224 3253 523 3315 commemoraturos,
550 3253 788 3320 quaecunqueet
800 3253 1028 3320 quantacunque
1041 3262 1091 3298 oc-

49 3347 171 3385 currere
184 3329 368 3401 potuissent,
383 3329 429 3384 vel
443 3330 515 3385 satis
527 3347 592 3384 esse
603 3328 785 3399 viderentur,
798 3329 885 3401 mola,
899 3345 974 3404 quae
985 3327 1035 3381 illa
1049 3326 1091 3380 ci-

48 3413 125 3468 vitas
138 3412 278 3487 pertulit,
292 3412 341 3468 vel
354 3410 392 3468 ad
405 3413 468 3468 eius
481 3413 635 3486 imperium
644 3411 816 3487 provinciae
828 3413 1023 3486 pertinentes,
1037 3423 1091 3460 an-

47 3504 169 3570 tequam
184 3513 288 3551 eorum
301 3493 448 3551 sacrificia
460 3494 606 3570 prohibita
620 3494 762 3550 luissent:
789 3512 863 3569 quae
877 3493 975 3550 omnis
988 3489 1093 3562 procul

47 3577 136 3634 dubio
150 3568 240 3634 nobis
255 3578 441 3648 tribuerent,
468 3580 494 3634 si
507 3579 565 3634 iam
578 3579 625 3634 vel
641 3579 700 3634 illis
716 3586 818 3633 nostra
835 3578 961 3631 clareret
973 3570 1092 3648 religio,

46 3662 92 3714 vel
107 3662 150 3716 ita
165 3679 218 3716 eos
232 3678 250 3716 s
264 3661 360 3716 sacris
373 3661 527 3738 sacrilegis
540 3659 717 3734 prohiberet.
757 3658 839 3714 llaec
860 3659 891 3711 in
914 3651 1042 3710 seeundo
1063 3661 1093 3708 et

46 3745 137 3798 tertio
151 3744 229 3800 libro
247 3743 341 3812 satis,
369 3753 512 3818 quantum
525 3744 674 3813 existimo,
694 3741 888 3796 absolvimus:
916 3735 1092 3792 insecundo

47 3835 175 3902 agentes
190 3825 227 3882 de
240 3825 330 3882 malis
345 3843 476 3900 morum,
503 3844 579 3901 quoe
592 3827 667 3882 mala
680 3823 727 3880 vel
741 3824 815 3890 sola,
840 3821 886 3876 vel
900 3821 1027 3875 niaxims
1042 3818 1091 3873 de·
