2586 4396
211 209 271 264 172
438 195 538 258 ulvl
563 191 752 254 AVREbll
777 188 1032 250 AVGVSTlNl

210 350 275 414 nire
288 358 457 431 potuerunt,
472 349 539 403 etsi
554 347 605 422 qui
618 362 682 400 eam
694 361 747 418 pro
760 341 850 398 barba
862 341 1045 417 impetranda
1058 353 1248 416 venerantur,
1275 347 1276 396 ξ

209 459 227 496 a
238 435 369 494 barbatis
384 433 445 488 eius
460 427 687 486 contemtoribus
706 425 880 482 irridentur:
907 427 989 480 itane
1007 425 1113 498 desipit
1127 425 1248 484 corbu-

208 539 339 589 manum,
354 525 389 573 ut
402 531 525 590 quorum
538 513 657 568 deorum
671 510 784 565 cultum
796 517 915 582 propter
928 509 986 563 ista
999 509 1062 582 ipsa
1075 511 1249 582 temporalia
1275 553 1276 556 ,

209 614 239 661 et
252 605 310 660 cito
322 597 541 676 praetereuntia
553 609 690 664 munera,
715 590 820 666 quibus
838 592 963 669 singulis
986 593 1098 668 singuli
1113 611 1249 666 praeesse

207 685 408 763 perhibentur,
433 681 553 736 inanem
565 675 813 749 ludibriosumque
832 675 995 751 cognoscit,
1022 685 1139 750 propter
1154 677 1248 733 sitam

209 779 359 826 aeternam
372 763 472 820 credat
485 780 549 817 esse
562 753 759 816 fructuosumi
776 755 862 814 Hanc
876 757 945 814 dare
959 759 1026 814 illos
1039 776 1135 832 posse,
1148 777 1202 814 nec
1214 757 1249 814 bi

209 853 306 908 dicere
319 848 382 904 ausi
395 854 475 916 suut,
495 845 545 920 qui
558 845 611 914 eis,
625 851 658 898 ut
671 841 706 898 ab
720 840 925 914 insipientibus
939 842 1055 916 populis
1069 843 1248 913 colerentur,

207 937 265 990 ista
278 949 366 1007 opera
379 929 561 1004 temporalia,
588 925 726 1002 quoniam
751 925 837 980 nimis
863 926 970 980 multos
996 934 1182 998 putaverunt,
1208 944 1250 982 ne

208 1016 362 1092 quisquam
375 1031 476 1070 eorum
487 1010 602 1070 retieret
614 1009 736 1080 otiosus,
749 1007 918 1066 minutatim
931 1007 1026 1065 divisa
1038 1007 1211 1065 tribuerunt.

625 1176 748 1237 CAP.
783 1176 831 1234 11.

209 1279 283 1344 Quid
297 1275 445 1330 Varronem
455 1277 486 1330 de
498 1274 680 1344 diisgents'um
690 1273 801 1328 rendere
811 1273 970 1326 credendum
980 1271 1031 1335 sit,
1051 1289 1162 1340 queram
1176 1274 1250 1327 tatis

268 1357 295 1402 et
303 1363 406 1418 genera
417 1355 445 1400 et
454 1362 534 1400 secra
545 1343 657 1408 detexit,
668 1353 699 1396 ut
708 1343 875 1396 reverentias
885 1359 945 1394 eum
956 1342 994 1396 eis
1003 1351 1106 1412 ageret,
1122 1341 1146 1394 si
1156 1343 1187 1394 de

565 1413 621 1466 illis
631 1412 738 1466 omniuo
751 1413 889 1465 reticeret.

272 1524 343 1590 Quis
356 1521 456 1580 Marco
471 1519 603 1577 Varrone
618 1520 762 1576 curiosius
779 1520 837 1576 ista
854 1515 1018 1596 quaesiviti
1045 1521 1110 1596 quis
1131 1521 1251 1578 invenit

209 1601 341 1665 doctiusi
369 1606 433 1680 quis
460 1601 658 1660 consideravit
683 1599 844 1660 attentiusi
870 1605 934 1678 quis
952 1603 1089 1660 distinxit
1113 1601 1251 1660 acutiusi

208 1707 274 1766 qun
288 1688 460 1766 diligentius
473 1679 648 1761 pleniusque
661 1683 852 1762 conscripsiti
892 1688 949 1754 Qui
963 1688 1080 1744 tametsi
1092 1688 1188 1742 minus
1204 1699 1251 1744 est

208 1773 309 1830 suevis
324 1771 451 1846 eloquio,
467 1769 602 1825 doctrina
614 1777 713 1824 tamen
727 1778 815 1845 atque
828 1771 982 1827 sententiis
997 1773 1040 1828 ita
1050 1770 1175 1826 refertus
1190 1781 1250 1842 est,

208 1865 243 1913 ut
256 1857 288 1910 in
301 1854 382 1910 omni
395 1852 569 1923 eruditione,
587 1870 674 1928 quam
687 1869 741 1909 nos
754 1853 944 1925 saecularem,
970 1855 1016 1910 illi
1029 1863 1125 1910 autem
1138 1852 1249 1909 libera-

167 1963 175 1980 ·
208 1957 266 1996 ‚em
279 1945 397 2006 vocant,
411 1935 575 1992 studiosum
587 1952 687 1991 rerum
700 1927 884 1992 tantum'iste
898 1935 1012 2008 doceat,
1028 1945 1168 2012 quantum
1182 1945 1250 1992 stu·

209 2022 322 2078 diosum
334 2019 490 2076 verborum
503 2017 605 2074 Cicero
620 2019 754 2075 delectat.
779 2017 916 2094 Denique
929 2021 1033 2094 etipse
1047 2017 1163 2076 Tullius
1177 2017 1251 2076 huie

210 2105 268 2160 tale
294 2104 495 2158 testimonium
519 2101 664 2177 perhibet,
691 2111 725 2158 ut
740 2103 773 2158 in
786 2101 870 2158 libris
883 2102 1064 2159 Academicis
1080 2102 1158 2159 dicat
1171 2121 1251 2175 eam,

209 2204 282 2262 quae
295 2187 337 2242 ibi
349 2195 494 2256 versatur,
521 2185 759 2260 disputationem,
786 2203 819 2241 se
831 2183 967 2242 habuisse
980 2205 1047 2244 eum
1059 2185 1158 2244 Marco
1172 2183 1251 2242 Var-

209 2288 293 2340 rone,
305 2267 433 2340 hominc,
447 2270 555 2342 inquit,
570 2269 700 2324 omnium
713 2266 799 2324 facile
812 2269 992 2346 acutissimo,
1007 2279 1037 2326 et
1047 2271 1110 2326 siue
1121 2270 1183 2326 ulla
1195 2269 1252 2326 du-

208 2351 351 2408 bitatione
364 2351 542 2408 doctissimo.
556 2351 625 2408 Non
638 2353 691 2422 ait,
706 2352 947 2426 eloquentissimo
959 2355 1005 2410 rel
1020 2353 1253 2425 facundissim03

209 2436 347 2510 quoniam
358 2453 392 2489 re
405 2454 476 2492 vera
489 2437 521 2492 in
534 2433 588 2490 hac
602 2432 741 2489 facultate
752 2435 876 2490 multum
890 2436 983 2511 impar
1001 2445 1058 2492 est:
1085 2436 1136 2492 sed
1151 2438 1252 2492 omui-

208 2537 267 2589 urn,
280 2519 388 2592 iuquit,
401 2515 487 2573 facile
501 2517 680 2573 acutissimo.
694 2515 734 2572 Et
745 2518 778 2572 in
788 2518 830 2572 eis
844 2517 938 2589 libris,
951 2519 982 2576 id
995 2528 1040 2575 est
1052 2519 1253 2592 Academicis,

207 2601 257 2657 ubi
273 2612 378 2656 cuneta
392 2599 551 2656 dubitanda
566 2617 631 2654 esse
644 2599 807 2672 contendit,
831 2599 952 2673 addidit,
980 2603 1044 2658 sine
1057 2604 1118 2658 ulla
1131 2602 1252 2659 dubita-

207 2686 289 2740 tione
305 2683 484 2740 doctissimo.
507 2682 642 2738 Profecto
655 2682 691 2738 de
703 2681 757 2739 hac
770 2703 803 2740 re
817 2685 860 2740 sic
874 2693 937 2741 erat
950 2693 1058 2759 certus,
1073 2695 1105 2742 ut
1117 2685 1254 2744 auferret

208 2766 430 2835 dubitationem,
444 2783 531 2840 quam
545 2766 621 2820 solet
633 2767 666 2821 in
679 2766 813 2823 omnibus
827 2765 974 2839 adiubare,
988 2778 1127 2845 tanquam
1141 2769 1177 2824 de
1191 2767 1254 2825 hoc

206 2869 265 2905 uno
279 2849 368 2903 etiam
382 2865 434 2921 pro
447 2847 687 2904 Academicorum
700 2849 882 2908 dubitatione
896 2851 1107 2926 disputaturus,
1124 2871 1156 2908 se
1168 2851 1251 2908 Aca-

206 2932 350 2987 demicum
362 2929 466 2984 luisset
479 2929 595 2985 oblitus.
622 2929 657 2987 ln
681 2934 775 3008 primo
802 2943 900 2990 autem
925 2935 1000 2992 libro
1027 2955 1092 2992 cum
1115 2934 1254 2992 eiusdem

205 3012 347 3069 Varronis
360 3012 491 3092 literaria
505 3017 797 3089 operapraedicaret,
825 3015 921 3088 „Nos,
947 3019 1055 3094 inquit,
1082 3020 1115 3076 in
1141 3028 1253 3076 nostra

205 3095 300 3168 „urbe
312 3095 534 3173 peregrinantes
549 3108 749 3175 errantesque,
774 3109 913 3174 tanquam
938 3099 1078 3175 hospites,
1105 3103 1150 3158 tui
1175 3101 1253 3158 libri

204 3179 312 3254 „quasi
338 3177 455 3234 domum
480 3179 677 3255 reduxerunt,
703 3192 738 3238 ut
752 3199 903 3257 possemus
917 3185 1073 3258 aliquando
1086 3186 1137 3261 qui
1151 3184 1254 3241 stubi

204 3279 356 3332 „essemus
371 3279 541 3339 agnoscere.
560 3263 607 3322 Tu
622 3275 747 3322 aetatem
759 3265 883 3338 patriae,
898 3275 930 3322 tu
944 3267 1155 3342 descriptiones
1166 3276 1251 3323 tem-

204 3362 339 3418 „porum,
365 3354 397 3400 tu
410 3363 561 3404 sacrorum
573 3349 648 3418 iura,
676 3347 915 3419 tusacerdetum,
942 3358 976 3404 tu
989 3350 1192 3420 domesticam,
1213 3359 1253 3406 tu

203 3427 371 3501 „publicam
380 3427 575 3504 disciplinam,
588 3440 620 3485 tu
630 3429 727 3484 sedem
739 3431 905 3506 regionum,
915 3434 1056 3504 locorum,
1066 3443 1100 3489 tu
1112 3434 1254 3489 omnium

203 3511 393 3581 „divinarum
401 3510 652 3587 humanarumque
660 3529 758 3568 rerum
768 3515 899 3586 nomina,
914 3534 1034 3592 genera,
1049 3515 1155 3587 officia,
1171 3535 1252 3572 cau-

202 3611 271 3664 „sas
287 3595 460 3669 aperuisti.“
489 3594 550 3650 Iste
562 3595 655 3672 igitur
668 3596 715 3651 vir
728 3605 788 3650 tam
801 3597 928 3673 insignis
944 3600 1177 3673 excellentisque
1191 3618 1251 3674 pe-

201 3677 296 3746 ritiae,
316 3686 346 3732 et
358 3677 435 3751 quod
448 3677 483 3732 de
496 3679 548 3733 illo
562 3678 650 3732 etiam
664 3675 860 3733 Terentianus
875 3683 1095 3757 elegantissimo
1107 3683 1252 3738 versicu-

202 3757 229 3811 lo
243 3756 372 3814 breviter
386 3760 437 3831 sit,
452 3758 504 3814 Vir
515 3759 700 3815 doctissimus
711 3760 1021 3835 undecunqueVarro:
1035 3761 1085 3839 qui
1095 3774 1156 3820 tam
1165 3767 1253 3820 mul-

202 3849 232 3893 te
255 3840 343 3916 legit,
370 3849 405 3895 ut
423 3842 533 3916 aliquid
550 3844 578 3897 ei
595 3842 723 3899 scribere
741 3861 860 3900 vacasse
880 3847 1037 3920 miremur3
1063 3857 1123 3904 tam
1147 3849 1254 3906 multa
