2576 4396
276 183 337 242 DE
361 181 576 242 CIVITATE
599 183 678 242 DEl
705 186 785 249 ΗΒ.
807 188 848 246 X.
1016 191 1077 252 205

40 339 135 400 ursel
161 336 207 394 sic
231 334 331 412 Moysi
355 333 491 407 credidit,
519 335 759 411 quemadmodum
771 357 825 396 suc
839 339 973 420 lycurgo
986 341 1079 400 Lace-

40 422 214 493 daemonii,
243 417 321 496 qsrod
334 437 351 475 a
364 418 432 476 love
450 437 501 476 seu
514 420 649 495 Apolline
661 423 759 499 leges,
777 439 849 498 quas
863 423 1007 499 condidit,
1030 445 1079 486 ac-

37 509 183 584 cepisset.
228 501 304 562 Cum
317 504 395 560 euim
405 505 455 560 lex
468 503 591 560 dabatur
603 507 726 580 populo,
753 525 809 582 qua
828 507 886 563 coli
902 525 979 564 unus
998 509 1080 567 iube·

37 594 131 650 batur
145 588 252 659 Deus,
278 589 310 644 in
326 597 483 662 conspectu
496 587 586 663 ipsius
599 590 716 662 populi,
739 599 878 666 quantum
891 589 1024 648 sufficere
1036 591 1080 647 di-

36 677 112 732 vina
129 671 324 750 providentia
343 670 508 742 iudicabat,
534 671 714 730 mirabilibus
726 693 826 730 rerum
839 675 933 754 signis
946 691 982 732 ac
994 676 1081 732 moti-

37 760 96 816 bus
126 756 307 834 apparebat,
339 753 375 812 ad
400 754 520 812 eandem
546 756 642 834 legem
668 755 791 816 dandam
818 761 944 818 creatori
970 759 1081 816 servire

41 853 222 900 creaturam.

433 923 556 980 CAP.
599 923 706 984 xlv.

40 1005 83 1058 De
96 1023 153 1058 uno
163 1001 228 1055 Deo
238 1004 359 1066 colendo,
379 1021 430 1056 nen
445 1007 528 1056 solum
541 1015 656 1074 propter
670 1014 797 1068 aeterna,
817 1006 957 1059 sedetiam
968 1014 1084 1074 propter

40 1074 209 1146 temporalia
224 1072 368 1142 beneficia,
386 1073 450 1142 quia
469 1073 596 1157 universa
609 1076 639 1129 in
651 1074 737 1142 ipsius
748 1076 934 1143 procidentiae
945 1083 1084 1144 potestate

489 1154 646 1198 conectunt.

103 1234 194 1292 Sicut
207 1241 307 1288 autem
321 1233 410 1290 unius
421 1231 558 1306 hominis,
574 1236 616 1290 ita
625 1233 746 1290 humani
755 1235 885 1310 generis,
899 1231 1085 1308 quodadDei

44 1321 189 1395 populum
201 1317 348 1390 pertinet,
367 1327 449 1374 reeta
464 1318 589 1374 eruditio
603 1336 656 1392 per
669 1314 809 1392 quosdam
822 1318 960 1373 articulos
972 1325 1084 1388 tempo-

47 1422 120 1458 rum
131 1411 270 1475 tanquam
283 1408 412 1456 actatum
424 1401 551 1476 profecit
563 1401 740 1471 accessibus,
754 1408 788 1456 ut
800 1417 818 1455 a
830 1400 1036 1475 temporalibus
1050 1398 1086 1454 ad

46 1495 175 1542 aeterna
188 1483 329 1558 capienda
349 1493 379 1540 et
395 1503 413 1540 a
425 1483 589 1542 visibilibus
603 1485 640 1541 ad
653 1483 813 1541 invisibilia
829 1492 1019 1562 surgeretur3
1044 1483 1086 1538 ita

44 1588 120 1626 sane
135 1577 170 1624 ut
184 1569 273 1624 etiam
286 1567 337 1624 illo
356 1576 488 1642 tempore
507 1586 563 1646 quc
577 1569 707 1626 visibilia
718 1567 963 1643 promittebantur
976 1565 1085 1624 divini-

45 1665 93 1711 tus
106 1653 259 1728 praculis,
286 1668 362 1707 unus
375 1661 489 1709 tantum
503 1652 640 1708 colendus
660 1652 912 1709 commendaretur
924 1650 1024 1720 Deus,
1047 1669 1085 1707 nc

46 1755 128 1794 niens
141 1735 275 1792 humana
288 1736 336 1792 vel
348 1753 400 1808 pro
414 1738 484 1811 ipsis
498 1737 624 1792 terrenis
637 1737 717 1794 vitae
734 1736 923 1792 transitoriae
936 1733 1085 1792 beneficiis

47 1823 188 1897 cuiquam
201 1819 262 1876 nisi
275 1836 346 1875 vero
360 1821 474 1875 animae
485 1817 620 1877 Creatori
630 1838 663 1876 ac
673 1817 801 1878 Domino
814 1819 995 1876 subderetur.
1014 1817 1085 1876 Om-

45 1908 94 1962 nia
118 1905 231 1979 quippe
256 1903 331 1977 qirac
352 1912 502 1976 praestare
523 1901 689 1960 bominibus
708 1905 756 1960 vel
768 1904 875 1981 Angcli
888 1905 935 1960 vel
951 1901 1085 1960 homines

43 1998 189 2065 possunt,
216 1988 250 2042 in
263 1987 351 2042 unius
366 2005 430 2042 esse
443 1985 660 2062 Omnipotentis
673 1995 819 2060 potestate
832 1988 966 2062 quisquis
981 1986 1084 2042 diffite-

44 2085 107 2144 tur,
132 2071 260 2127 insanit.
304 2067 351 2126 De
363 2069 549 2144 providentia
562 2080 641 2126 certe
653 2069 790 2126 Plotinus
803 2069 974 2126 Platonicus
988 2069 1085 2144 dispu-

45 2167 104 2226 tat,
120 2173 249 2228 eamque
262 2172 278 2209 a
293 2171 405 2209 summo
419 2151 501 2225 Deo,
515 2155 599 2210 cuius
613 2162 660 2210 cst
671 2153 868 2230 intelligibilis
881 2161 969 2227 atque
981 2149 1085 2208 ineffa-

44 2243 111 2297 bilis
126 2235 335 2312 pulchritudo,
350 2255 443 2311 usque
456 2234 577 2294 adhaec
590 2246 708 2293 terrena
721 2237 820 2292 etima
832 2237 1001 2315 pertingere
1014 2234 1085 2291 ilos-

45 2327 182 2381 culorum
197 2329 287 2395 atque
300 2319 440 2376 foliorum
457 2319 675 2395 pulchritudine
693 2319 874 2394 comprobat:
901 2339 975 2395 quae
990 2320 1087 2376 omnia

45 2409 132 2484 quasi
146 2405 266 2462 abiecta
281 2413 311 2459 et
323 2404 506 2460 velocissime
519 2405 675 2478 pereuntia
689 2403 909 2460 decentissimos
927 2403 1087 2460 formarum

46 2509 170 2548 suarum
185 2505 326 2544 numeros
339 2485 446 2542 babere
458 2505 519 2543 non
531 2505 618 2561 posse
633 2486 795 2557 confirmat,
808 2487 867 2542 nisi
879 2485 948 2540 inde
958 2485 1086 2541 formen-

48 2587 112 2646 tur,
128 2575 182 2630 ubi
197 2571 294 2628 forma
305 2570 502 2647 intelligibilis
516 2579 546 2624 ct
554 2567 798 2626 incommutabilis
810 2569 895 2622 simul
904 2566 1013 2622 babens
1025 2585 1086 2621 om-

48 2661 97 2714 nia
109 2662 296 2732 perseverat.
323 2652 388 2709 Hoc
399 2651 543 2709 Dominus
557 2650 637 2708 lesus
651 2650 692 2706 ibi
706 2649 849 2720 ostendit,
863 2649 914 2704 ubi
928 2651 983 2704 ait:
1013 2648 1087 2705 Con-

49 2744 188 2799 siderate
209 2737 278 2794 litte
295 2737 380 2813 agri,
401 2730 550 2812 [quomode
565 2730 735 2808 crescuntr]
749 2752 806 2790 non
820 2731 973 2802 laborant,
997 2751 1088 2810 neque

50 2835 129 2881 nent.
139 2823 221 2880 Dico
233 2817 433 2890 tutamentis,
445 2818 514 2896 quic
524 2813 719 2876 neeSulomon
731 2819 761 2874 in
772 2827 861 2876 tanta
872 2811 978 2892 [omui]
988 2817 1088 2894 gloria

53 2927 110 2964 sue
123 2909 163 2963 sic
177 2905 309 2962 amictus
323 2911 385 2972 est,
404 2903 482 2958 sicut
495 2921 582 2958 unum
601 2919 638 2958 ee·
657 2901 708 2957 eis.
733 2897 821 2970 Quot
832 2902 861 2957 si
864 2900 991 2974 foenum
1002 2901 1086 2978 agri,

52 2991 129 3068 quod
144 2989 236 3047 bodie
250 2995 346 3058 estet
359 3002 428 3040 erus
447 2986 477 3040 in
498 2985 644 3042 clibanum
657 2986 804 3056 mittitur,
832 2981 915 3042 Deus
928 2987 974 3042 sic
985 2985 1086 3052 vestit,

52 3085 159 3150 quanto
173 3072 276 3146 magis
289 3085 341 3126 uos
354 3069 484 3125 modicae
490 3067 570 3140 fidei
578 3065 591 3122 i
617 3065 733 3142 Optime
746 3071 839 3148 igitur
853 3070 950 3125 anima
963 3067 1086 3124 humana

51 3157 142 3213 adbuc
155 3154 290 3213 terrenis
304 3149 454 3206 desideriis
467 3151 600 3222 infirma,
616 3168 650 3206 ea
662 3151 726 3226 ipsa
736 3171 811 3228 quae
824 3154 1023 3226 temporaliter
1034 3166 1086 3204 ex-

51 3249 130 3314 optat
143 3242 225 3296 bona
239 3234 342 3291 infima
355 3241 442 3308 atque
452 3246 570 3289 terrena
579 3235 659 3290 vitae
668 3232 737 3290 huic
750 3235 939 3292 transitoriae
952 3249 1086 3290 neccssa-

52 3327 108 3396 ria,
135 3335 168 3381 et
190 3337 263 3397 prae
288 3319 366 3372 illius
388 3318 467 3372 vitae
489 3318 672 3389 sempiternis
692 3317 842 3374 beneficiis
864 3313 1086 3380 contemnenda,

52 3427 109 3464 nou
128 3418 233 3463 tamen
255 3401 316 3458 nisi
333 3400 368 3456 ab
382 3417 442 3455 uno
456 3397 520 3456 Deo
534 3409 703 3474 exspectare
722 3400 889 3469 consuevit,
914 3407 948 3453 ut
958 3397 994 3451 ab
1007 3397 1086 3448 illius

53 3495 129 3548 cultu
140 3491 237 3546 etiam
247 3488 281 3541 in
293 3485 418 3538 istorum
428 3481 570 3538 desiderio
581 3501 642 3538 non
654 3481 781 3552 recedat,
795 3479 830 3537 ad
842 3499 926 3554 quem
938 3484 1085 3533 contemtu

53 3594 149 3632 eorum
165 3581 197 3630 et
210 3571 246 3627 ab
263 3569 306 3623 eis
321 3567 475 3622 aversione
492 3567 651 3640 perveniat.

51 3770 92 3825 De
102 3768 260 3824 ministerio
271 3771 427 3816 sumturum
437 3680 600 3848 &tofum
607 3678 881 3828 ,yguddpreeidcntiae
890 3753 945 3808 Dei
959 3756 1086 3810 serviunt.

112 3860 165 3918 Sic
183 3861 288 3932 itaque
303 3852 420 3908 divinae
434 3849 634 3924 providentiae
653 3846 762 3920 placuit
778 3843 914 3900 ordinare
927 3852 1086 3918 temporum
