2510 4404
186 250 242 308 DE
265 249 473 308 CIVITATE
495 249 571 308 DEI
591 249 669 309 LlB.
691 252 804 310 XXll.
940 257 997 316 381

28 417 76 469 nn,
93 401 165 456 sicut
173 400 318 472 solebant,
333 419 451 474 vespere
465 403 633 473 visitarent,
646 405 760 479 rogarit
773 423 821 460 eos
831 403 1000 462 miserabili-

28 501 47 538 ιι
60 483 207 558 lacrymis,
224 491 257 538 ut
268 501 352 539 mane
366 484 556 560 dignarentur
574 502 636 539 esse
653 496 817 559 praesentes
832 505 885 542 suo
906 488 1001 544 funeri

28 567 89 620 ιιίιιι
102 582 183 640 quam
197 563 296 621 dolori.
339 564 452 621 Tantus
466 567 610 622 enimcum
624 578 761 624 metusex
770 570 912 643 prioribus
920 571 1001 626 inra-

29 656 72 702 rat
82 648 193 721 poenis,
217 661 250 703 ut
262 666 293 702 se
306 649 383 704 inter
395 648 571 705 medicorum
591 668 693 706 manus
707 669 764 707 non
779 651 922 708 dubitaret
939 671 1001 708 esse

28 732 166 787 oriturum·
209 727 358 786 Consolati
371 740 440 786 sunt
453 750 518 787 eum
530 732 588 804 illi,
611 741 639 787 et
651 731 759 792 hortati
771 743 803 790 ut
817 735 846 790 in
859 732 921 790 Deo
933 734 1002 790 fide-

30 821 50 882 t,
65 814 175 885 eiusque
187 813 362 868 voluntatem
376 815 501 869 viriliter
513 813 612 870 ferret.
654 811 724 870 lnde
737 815 772 872 ad
787 819 945 873 orationem
957 820 1001 873 in·

28 895 85 950 'essi
98 894 262 950 sumus:ubi
276 895 357 950 nobis
366 913 402 950 cx
413 915 491 952 more
506 915 603 976 genua
616 897 873 975 ligentibus‚atque
886 903 999 956 incum-

31 977 120 1034 ntibus
134 985 242 1047 terrac,
259 978 354 1032 illese
368 979 409 1034 ita
421 980 557 1052 proiecit,
571 989 707 1055 tanquam
719 981 823 1038 suimet
836 985 932 1060 aliquo
946 985 1001 1038 im-

28 1063 108 1116 llente
117 1061 243 1136 graviter
255 1069 430 1134 prostratus,
446 1071 475 1116 et
489 1064 582 1136 coepit
595 1081 692 1119 orare:
715 1065 815 1139 quibus
829 1065 931 1136 modis,
944 1083 1000 1141 quo

28 1142 107 1213 ectu,
125 1159 178 1216 quo
191 1151 269 1198 motu
282 1144 388 1214 animi,
404 1162 459 1217 quo
472 1143 562 1200 fluvio
575 1146 780 1221 lacrymarum,
795 1147 898 1222 quibus
910 1150 1000 1226 gemi-

28 1245 65 1282 ,ιιι
83 1234 164 1300 atque
189 1225 361 1302 ssingultibu
380 1227 604 1283 succutientibus
632 1230 728 1284 omnia
751 1231 875 1285 membra
894 1234 954 1286 eius
973 1241 1001 1286 et

28 1328 61 1364 ne
86 1307 340 1364 intercludentibus
367 1310 518 1382 spiritum,
553 1313 617 1384 quis
643 1313 709 1366 ullis
737 1314 861 1386 explicet
886 1311 1000 1369 verbisl
1035 1322 1044 1342 ⁶

28 1410 86 1446 rum
100 1399 215 1446 orarent
227 1391 288 1461 alii,
303 1409 356 1446 nec
369 1393 400 1446 in
415 1387 486 1446 baec
498 1410 598 1448 eorum
612 1403 791 1450 averteretur
803 1397 937 1465 intentio,
950 1415 1001 1450 ne-

28 1473 118 1529 ebam.
159 1472 222 1549 Ego
235 1482 331 1530 tamen
343 1491 460 1547 prorsus
474 1493 558 1531 orare
571 1495 629 1532 non
640 1486 783 1550 poteram:
809 1475 863 1533 boc
877 1489 1001 1534 tantum-

28 1556 69 1611 »do
82 1555 207 1611 breviter
220 1557 251 1611 in
266 1555 352 1612 corde
365 1575 429 1612 meo
443 1557 519 1632 dixi,
545 1556 669 1614 Domine
688 1577 758 1634 quas
771 1569 884 1616 tuorum
903 1579 1001 1635 precer

28 1639 119 1709 audis,
145 1635 304 1695 sibasnon
319 1634 455 1695 exaudis?
496 1639 575 1697 Nihil
590 1645 664 1697 enirn
680 1641 750 1698 mihi
767 1642 916 1700 ridebatur
936 1643 1002 1698 addi

28 1743 44 1776 ιι
57 1739 149 1794 posse,
161 1721 218 1776 nisi
230 1731 264 1777 ut
276 1723 437 1797 exspiraret
450 1721 575 1780 crundel
589 1724 784 1796 surreximus,
799 1735 828 1782 et
838 1736 955 1800 accepta
967 1726 1001 1781 ab

28 1808 126 1878 ‚iscopo
139 1803 339 1860 benedictione
353 1804 549 1862 discessimus:
575 1817 699 1886 rogante
713 1809 764 1864 illo
778 1818 810 1864 ut
821 1827 905 1865 mune
919 1809 1001 1864 ades·

28 1897 67 1955 lt,
89 1888 146 1941 illis
160 1896 194 1942 ut
213 1905 305 1962 aequo
319 1889 415 1944 animo
436 1899 512 1945 essct
524 1889 715 1964 hortantibus.
759 1888 861 1948 illuxit
877 1894 937 1948 dies
952 1894 1001 1966 qui

28 1971 173 2038 tuebatur,
189 1969 310 2026 aderant
323 1973 400 2026 servi
414 1969 480 2042 Dei,
492 1975 567 2028 sicut
580 1992 611 2028 se
625 1974 774 2029 adfuturos
788 1993 850 2028 esse
864 1977 1002 2047 promise-

28 2063 66 2108 ιιι
90 2054 213 2129 ingressi
228 2061 296 2108 sunt
309 2052 426 2120 medici,
452 2064 590 2126 parantur
602 2058 698 2111 omniu
712 2073 783 2130 quac
796 2055 866 2110 hora
883 2057 934 2110 illa
945 2065 1002 2129 'po-

28 2137 96 2204 :bat,
121 2134 270 2190 tremenda
283 2134 457 2192 ferramenta
471 2136 672 2208 proferuntur,
696 2139 827 2192 attonitis
842 2140 1002 2210 suspensis-

28 2219 199 2274 comnibus.
241 2216 293 2273 Eis
306 2226 400 2272 autem
416 2235 534 2291 quorum
549 2228 612 2273 crat
625 2221 718 2274 maior
731 2220 905 2290 auctoritas,
925 2219 1002 2275 dele-

29 2322 62 2357 im
88 2303 178 2356 animi
206 2303 267 2356 eius
293 2299 467 2356 consolando
495 2301 688 2376 erigentibus,
716 2301 751 2357 ud
776 2320 878 2358 munus
897 2303 1003 2358 secturi

30 2385 110 2440 mbra
124 2387 156 2439 in
170 2384 279 2440 lectulo
291 2392 512 2456 componuntur,
527 2385 680 2440 solvuntur
692 2385 762 2441 nodi
773 2387 1003 2462 ligamentorum,

29 2468 111 2523 datur
124 2468 220 2534 locus,
247 2467 363 2539 inspicit
375 2464 518 2536 medicus,
539 2477 568 2522 et
581 2467 735 2522 secandum
748 2470 828 2523 illum
847 2470 941 2524 sinum
955 2487 1002 2524 ar-

30 2561 76 2606 tus
90 2560 178 2623 atque
186 2552 315 2604 intentus
328 2549 459 2622 inquirit.
481 2547 634 2604 Scrutatur
648 2551 750 2621 oculis,
765 2550 920 2627 digitisque
935 2570 1003 2608 con-

29 2643 105 2703 stat,
120 2641 215 2688 tentat
227 2631 350 2705 denique
364 2630 455 2685 modis
468 2630 614 2697 omnibus;
628 2635 742 2689 invenit
754 2633 945 2689 firmissimum
961 2635 1003 2688 ci-

29 2719 131 2771 ricem.
175 2712 234 2769 lam
249 2715 298 2768 illa
312 2713 422 2767 laetitia
437 2722 466 2768 et
478 2716 540 2769 laus
555 2723 640 2788 atque
653 2719 810 2792 gratiarum
829 2719 904 2772 actio
917 2718 1003 2772 mise-

29 2798 91 2854 crdi
105 2806 135 2852 ιι
149 2797 336 2869 omnipotcnti
350 2793 430 2864 Deo,
458 2815 531 2870 quae
548 2797 612 2851 fusa
631 2807 675 2852 ιιι
692 2817 742 2854 ore
761 2800 886 2854 omnium
908 2801 1001 2875 lacry·

29 2881 129 2936 ntibns
143 2878 269 2956 gaudiis,
284 2896 343 2934 non
357 2889 402 2934 est
415 2879 618 2935 committenda
633 2883 703 2937 meis
717 2882 829 2938 verbis:
856 2883 1002 2959 cogitetur

30 2966 87 3032 ius,
98 2980 184 3036 quarn
198 2961 316 3018 dicatur.

41 3044 77 3102 ln
93 3045 194 3102 eadem
209 3043 382 3123 Cartbagine
396 3043 566 3102 Innocentio
582 3047 801 3125 religiosissima
814 3049 938 3119 femina,
966 3048 1001 3104 de

29 3131 127 3184 orariis
141 3131 232 3203 ipsius
246 3130 387 3196 civitati,
414 3131 444 3184 in
460 3132 584 3184 mamilla
610 3149 746 3187 cancrum
769 3131 903 3188 babebat:
929 3151 1001 3202 rem,

29 3221 58 3268 ut
71 3213 179 3268 medici
195 3212 309 3280 dicunt,
324 3213 411 3266 nullis
425 3210 638 3266 medicamentis
651 3213 819 3268 sanabilem.
861 3215 918 3270 Αιιι
932 3232 1001 3290 ergo

31 3296 110 3350 ccidi
125 3295 210 3362 solet,
219 3304 275 3348 cta
290 3309 407 3364 corpore
420 3293 547 3369 separari
560 3295 717 3348 membrum
731 3294 779 3348 ubi
793 3297 939 3350 nascitur:
953 3305 1004 3349 aut

29 3379 178 3451 sliquanto
192 3373 276 3430 horno
291 3374 399 3427 diutius
413 3369 510 3442 vivat,
536 3382 631 3428 tamen
649 3373 716 3428 inde
736 3385 829 3430 morta
847 3375 1004 3450 quamlibet

29 3460 91 3514 dius
107 3453 260 3526 adfutura,
274 3453 430 3510 secundum
444 3453 644 3529 Hippocratis,
658 3466 691 3512 nt
704 3455 816 3528 ferunt,
831 3460 1004 3514 sententiam

30 3543 74 3595 nis
90 3549 138 3595 est
152 3538 309 3594 omittenda
323 3538 441 3591 curatio.
483 3537 611 3594 Hocilla
625 3541 748 3612 aperito
763 3539 872 3596 medico
887 3550 916 3596 et
934 3558 1003 3596 suae

30 3625 77 3678 nui
91 3622 320 3690 familiarissimo
334 3630 499 3692 acceperat,
527 3630 556 3676 et
573 3621 608 3676 ad
629 3623 720 3677 solum
736 3621 829 3678 Deum
847 3641 878 3677 sa
895 3623 1002 3680 orando

30 3715 178 3763 verterat.
221 3703 397 3759 Admonetur
410 3703 440 3757 in
455 3706 563 3758 somnis
576 3706 820 3778 appropinquante
833 3701 956 3777 Pascha,
969 3713 1002 3760 ut

30 3799 108 3846 »arte
122 3787 296 3842 feminarum
309 3784 473 3840 observanti
487 3786 522 3841 ad
536 3785 744 3858 baptisterium,
759 3805 943 3862 quaecunque
957 3791 1002 3844 illi

32 3877 129 3928 tizata
146 3870 278 3945 primitus
290 3869 473 3936 occurrisset,
491 3871 620 3945 signaret
633 3871 660 3924 ei
676 3871 768 3933 locum
781 3873 866 3946 ,signo
880 3869 1000 3927 Christi·
