2586 4396
214 211 275 284 ma
443 205 539 266 aivi
559 181 747 267 nvnann
768 201 1028 262 avolsam-1

213 359 297 420 vobis
311 359 417 418 feeiaee
430 355 613 434 Neptunum,
638 365 784 431 uteunque
809 351 1024 414 tolerabilioria.
1068 355 1151 416 ltane
1171 358 1263 419 unde

214 443 249 500 ad
264 445 341 500 litua
349 444 472 503 veniens
492 450 522 497 et
538 443 573 497 in
583 441 675 496 salum
688 437 823 509 rediens,
851 437 925 495 duae
939 449 1011 496 sunt
1022 449 1119 516 parter
1133 443 1262 518 mnndi,

215 537 267 584 ant
280 523 354 584 duae
367 535 465 602 partae
479 527 593 582 animae
605 519 725 582 mundil
762 523 834 590 Quin
848 531 980 580 reanum
994 525 1036 579 ita
1049 521 1191 599 desipiat,
1221 541 1263 584 ut

212 609 266 667 bae
280 605 394 685 sapiat?
421 609 481 668 Cur
495 627 566 687 erga
582 608 663 664 vabia
678 607 751 664 duaa
764 606 832 664 deae
847 605 998 680 fecerunt,
1025 608 1084 664 nini
1093 605 1167 682 'quia
1180 628 1260 684 pra-

212 696 309 752 uisum
324 703 370 770 eet
391 711 409 750 a
431 692 612 768 sapientibus
638 689 797 748 maioribus
823 691 947 763 venuit,
974 710 1034 748 naa
1047 689 1260 766 utdiipluree

212 797 265 834 voa
279 786 436 855 regerent,
464 775 515 832 aed
528 784 561 832 ut
575 793 609 832 ea
622 792 696 852 quae
719 775 785 833 inis
809 775 991 831 vanitatibus
1015 784 1045 832 et
1070 774 1260 834 falsitatibus

212 859 359 939 gaudent,
385 861 471 934 plura
484 878 537 916 roa
552 857 705 916 daemonia
717 853 920 934 possiderentl
945 857 1004 916 Cur
1016 867 1116 916 autem
1127 860 1181 914 illa
1194 858 1260 918 Sa-

213 946 292 1018 lacia,
301 962 354 1018 per
366 942 442 1000 hane
456 943 728 1018 interpretationem
740 941 911 1000 inferiorem
923 944 1012 1001 maria
1026 951 1153 1016 partem,
1173 961 1261 1017 quae

211 1029 276 1084 vira
292 1035 355 1085 erat
369 1027 500 1096 subdita,
513 1021 674 1102 p'erdiditl⁴
686 1024 818 1101 Namque
832 1027 912 1083 illam
924 1024 1027 1098 mado,
1040 1045 1107 1082 aum
1119 1024 1260 1084 refluen-

212 1120 272 1166 tem
283 1109 406 1182 flumum
419 1129 484 1168 esne
497 1109 673 1186 perhibetis,
699 1110 732 1169 in
754 1108 909 1182 superficie
927 1110 1076 1184 paauiatio.
1120 1109 1167 1168 An
1181 1113 1262 1185 ‘quia

212 1192 359 1262 Veniliam
384 1193 521 1269 pellicem
546 1195 676 1268 aceepit,
703 1195 779 1252 irata
793 1211 879 1254 auum
890 1195 1029 1251 maritum
1055 1192 1091 1250 de
1112 1197 1261 1269 supernis

211 1279 299 1342 marie
314 1275 459 1337 exclusitl

565 1393 689 1452 aar.
732 1389 896 1451 xxiii.

211 1473 255 1527 De
269 1475 364 1540 Terra,
374 1491 454 1544 qaam
470 1473 558 1529 Varro
568 1475 644 1528 deam
655 1491 709 1529 erte
720 1474 871 1544 confirmat,
887 1490 917 1525 eo
927 1473 1052 1542 quoditie
1062 1473 1167 1526 animae
1178 1491 1263 1528 man-

247 1545 282 1608 oi,
297 1561 373 1613 qoem
384 1545 513 1614 opinatur
520 1549 610 1609 deum,
625 1545 708 1597 etiam
717 1544 787 1596 bane
797 1544 916 1612 eorporis
927 1543 1099 1614 miiafimom
1106 1551 1221 1612 portem

443 1624 573 1682 permeet,
589 1615 664 1684 eique
674 1613 728 1666 oo'm
739 1613 1015 1682 dioiaomimperto'ot.

277 1703 388 1778 Nempe
401 1723 460 1762 una
474 1714 622 1776 cottana,
636 1723 722 1780 quam
736 1703 852 1780 quidem
862 1705 980 1778 plenam
992 1701 1124 1759 videmur
1137 1705 1262 1762 anima-

212 1789 287 1846 libus
314 1787 390 1864 auia:
418 1797 619 1845 verumtamen
642 1789 735 1862 ipram
758 1804 897 1866 magnam
918 1805 1023 1862 eorpus
1042 1787 1075 1844 in
1097 1789 1261 1846 elementia

212 1871 373 1946 mundique
386 1871 517 1930 infimam
529 1881 642 1947 partem
657 1889 709 1928 aar
722 1889 786 1927 eam
799 1871 904 1928 volunt
918 1865 1019 1926 deaml
1045 1870 1091 1928 An
1105 1871 1175 1946 quia
1187 1871 1261 1930 fae-

213 1953 308 2012 cunda
322 1951 386 2012 eati
405 1954 464 2014 Cur
480 1973 551 2033 erga
565 1973 627 2015 nan
639 1957 733 2034 magio
747 1953 880 2012 hominen
896 1955 937 2012 dii
950 1963 1030 2026 aunt,
1044 1955 1095 2031 qui
1108 1972 1174 2010 eam
1187 1955 1261 2014 foe-

117 2095 121 2102 ,
216 2037 384 2098 aundiarern
397 2039 512 2098 fatiunt
529 2038 709 2111 exaalandat
736 2039 872 2096 aed-anm
891 2048 991 2110 arant,
1016 2056 1076 2095 nan
1096 2057 1162 2094 eum
1181 2040 1262 2098 ada-

212 2119 297 2180 rant‘l
316 2121 377 2180 Sed
388 2141 455 2200 pars
470 2124 584 2201 animae
597 2122 715 2194 mundi,
741 2124 896 2198 inquiunt,
922 2140 996 2198 quae
1013 2140 1066 2198 per
1086 2123 1170 2178 illam
1184 2141 1259 2198 per-

212 2214 299 2278 meat,
314 2205 397 2264 daam
409 2207 490 2263 facit.
514 2207 604 2273 Quasi
617 2225 678 2263 nan
692 2206 856 2264 evidentior
867 2207 907 2262 ait
919 2207 952 2262 in
964 2204 1128 2263 hominibus
1141 2208 1262 2282 aniana,

212 2307 286 2364 quae
299 2298 398 2346 utrum
411 2291 460 2361 eit,
474 2291 554 2346 nulla
563 2289 597 2346 fit
607 2291 757 2366 quaenti03
771 2299 802 2346 et
814 2294 912 2346 tamen
924 2288 1056 2346 hominen
1071 2288 1112 2344 dii
1125 2308 1187 2346 nan
1200 2289 1262 2350 ha-

212 2371 333 2430 bentur:
348 2383 378 2430 et
391 2373 468 2449 quad
481 2381 526 2429 eat
537 2375 669 2452 graviter
683 2373 848 2445 dolendum,
870 2372 916 2430 his
930 2374 981 2450 qui
995 2373 1036 2429 dii
1049 2391 1106 2429 nan
1122 2383 1204 2447 sunt,
1231 2389 1263 2434 et

213 2456 317 2530 quibua
330 2457 388 2532 ipsi
400 2459 536 2514 meliores
551 2467 631 2529 aunt,
654 2458 785 2516 calendie
799 2465 830 2514 et
842 2457 999 2514 adorandis
1011 2456 1138 2512 mirabili
1151 2467 1186 2513 et
1196 2464 1262 2517 mi-

212 2540 332 2606 serabili
345 2558 445 2600 errore
458 2539 631 2600 subduntur.
644 2540 685 2598 Et
697 2551 777 2600 certe
789 2541 868 2598 idem
877 2539 970 2598 Varro
983 2541 1016 2596 in
1030 2541 1132 2597 eadem
1143 2539 1182 2597 de
1196 2543 1263 2601 diis

213 2625 331 2688 relectis
345 2624 432 2697 libra,
450 2633 511 2686 tren
525 2616 589 2696 ease
602 2624 727 2684 affirmat
740 2627 855 2683 animae
868 2625 977 2703 gradun
992 2625 1024 2680 ia
1037 2625 1117 2681 omni
1129 2627 1265 2684 univer-

211 2725 302 2783 saque
315 2717 435 2772 natura:
462 2727 570 2782 unum,
597 2710 649 2786 qui
667 2729 768 2768 amnes
785 2718 884 2785 parter
901 2709 1033 2783 eorporis
1047 2725 1121 2783 quae
1132 2710 1264 2785 vivunt,

211 2793 330 2864 transit,
356 2802 385 2848 et
398 2790 559 2850 nonhabet
572 2811 702 2866 eentum,
725 2793 778 2850 aed
789 2801 903 2850 tantum
916 2792 953 2850 ad
964 2790 1122 2848 vivendum
1134 2795 1264 2853 valetu-

211 2875 323 2934 dinem:
349 2873 425 2934 hana
444 2877 504 2932 vim
522 2877 554 2934 in
573 2887 675 2936 naetro
699 2895 820 2952 aarpare
837 2893 1010 2950 permanare
1030 2875 1100 2932 dieit
1116 2876 1149 2932 in
1172 2895 1265 2954 oasa,

211 2975 339 3034 unguen,
356 2959 492 3033 eapilloa3
517 2961 593 3018 aient
606 2963 638 3020 in
651 2961 760 3018 munda
774 2961 892 3016 arborea
907 2961 972 3016 eine
985 2978 1076 3016 aenou
1088 2961 1213 3017 aluntur
1230 2975 1265 3022 et

118 3067 120 3073 ·
213 3050 361 3114 armabat,
376 3042 502 3102 almodo
516 3044 707 3120 quodamaua
720 3045 835 3102 vivunt.
868 3042 1037 3101 Secundum
1048 3043 1173 3122 gradum
1186 3051 1264 3104 ani-

210 3141 287 3196 mae,
314 3126 347 3184 ia
360 3144 416 3202 qua
429 3145 533 3188 aenam
549 3136 607 3186 eat:
633 3126 710 3186 bana
722 3129 784 3186 rim
794 3129 951 3203 parvenire
963 3129 996 3184 in
1009 3129 1125 3198 aeulaa,
1152 3145 1264 3204 aures,

211 3225 310 3280 norea
325 3227 369 3282 aa,
381 3218 499 3270 tantum
535 3209 669 3270 Tertium
681 3211 805 3290 gradum
817 3213 932 3269 animae
946 3229 1187 3284 meorumnam,
1201 3220 1264 3290 qui

210 3299 333 3350 vacatur
345 3295 475 3367 animur,
498 3296 532 3352 in
551 3313 608 3370 qua
628 3297 826 3375 intelligentia
842 3297 1038 3371 praeeminet:
1064 3293 1119 3351 hac
1131 3308 1264 3368 praeter

211 3372 473 3438 bominemamaea
489 3397 590 3438 carere
602 3383 755 3438 mortales:
781 3379 859 3438 hana
880 3388 993 3454 partem
1011 3380 1126 3436 animae
1144 3383 1265 3439 mundi

212 3458 283 3518 dieit
296 3461 391 3534 deum,
404 3463 437 3519 in
451 3463 537 3520 nobie
553 3473 651 3522 autem
663 3466 783 3542 genium
796 3466 906 3522 vocari.
918 3463 993 3519 Erae
1006 3471 1103 3518 autem
1116 3463 1149 3517 in
1162 3481 1264 3522 mun-

211 3541 247 3603 do
260 3543 372 3618 lapidea
383 3563 418 3604 aa
430 3554 550 3618 terram,
564 3565 651 3622 quam
662 3547 806 3619 videmur,
825 3566 882 3622 qua
896 3565 957 3603 nan
969 3554 1123 3620 permanat
1133 3563 1264 3622 tenena,

210 3635 243 3682 ut
256 3645 333 3701 oasa,
346 3637 380 3688 ut
392 3645 507 3706 unguen
517 3628 585 3688 Dei.
611 3628 712 3688 Salem
724 3649 806 3702 vero,
820 3633 930 3701 lunam,
943 3631 1053 3700 atellae,
1068 3647 1141 3704 quae
1156 3636 1265 3689 neati-

210 3727 287 3780 muo‚
300 3712 465 3786 quibusque
474 3714 537 3787 ipae
547 3715 648 3786 sentit,
663 3733 770 3772 aeneus
781 3732 846 3772 eoae
857 3716 930 3770 eiua.
942 3711 1071 3772 Aethera
1080 3731 1171 3786 parra
1187 3719 1267 3774 ani-

210 3810 289 3852 mum
305 3795 383 3850 eius:
411 3812 449 3850 ex
462 3796 544 3852 cuiue
558 3799 604 3868 vi,
628 3815 704 3872 quae
716 3799 851 3872 pervenit
863 3799 896 3855 in
906 3808 1000 3867 antra,
1022 3798 1115 3872 ipram
1132 3814 1268 3876 quoque

210 3874 309 3934 lacere
323 3875 407 3948 deaa;
421 3886 452 3934 et
463 3896 516 3954 per
529 3897 563 3934 ea
575 3881 652 3954 quad
665 3882 696 3938 in
710 3891 820 3938 terram
832 3891 973 3956 permeat,
987 3879 1071 3936 deam
1085 3877 1251 3942 Tellurem
1256 3907 1267 3958 5
1287 3943 1288 3952 ,
