2586 4396
242 197 282 251 db
469 185 565 244 DIVI
588 180 771 240 AVRELII
797 179 1048 239 Ivevsulml

243 361 314 403 cono
327 337 523 418 multiplicabo
542 337 688 394 tristitias
701 345 768 392 tuoe
786 346 815 392 et
826 337 965 411 gemitum
978 343 1072 405 tuum,
1084 347 1113 393 ct
1125 340 1156 394 iu
1170 341 1260 396 tricti-

243 432 296 486 tiio
303 427 410 505 parier
418 421 502 494 filios
510 439 520 476 :
547 419 652 476 deinde
664 418 788 476 addidit:
814 418 855 476 Et
867 419 1013 476 advirum
1025 429 1106 476 tuum
1119 427 1262 480 concertio

244 521 311 580 tuo,
324 517 354 566 ct
366 509 428 585 iprae
441 503 637 562 dominabitur
650 505 704 560 tui.
740 503 822 570 Quod
836 502 943 558 dictum
957 501 1050 559 estad
1066 503 1135 560 Cain
1149 505 1184 560 de
1195 527 1263 580 pec-

244 603 325 664 cato,
351 593 399 647 vel
416 591 450 645 de
469 590 576 645 vitiosa
595 589 691 643 carnis
712 588 963 661 eoncupiscentia,
986 585 1041 643 hoc
1063 589 1120 644 into
1141 591 1203 644 Ioco
1227 591 1263 646 de

241 676 403 754 peccatrice
418 673 537 728 femina:
564 671 612 727 ubi
625 671 844 750 intelligendum
858 679 918 742 est,
944 673 1038 728 virum
1057 671 1093 727 ad
1110 673 1265 750 regendam

242 778 381 829 uxorem,
395 758 492 813 animo
508 773 624 812 carnem
636 757 752 834 regenti
765 755 889 811 similem
902 771 966 811 esse
980 765 1122 830 oportere.
1145 754 1264 831 Propter

243 843 320 921 quod
333 843 403 897 dicit
415 841 585 915 Apostolus,
614 837 674 908 Qut
689 839 790 916 diligit
809 857 928 896 oaorem
951 856 1033 896 auom
1049 855 1081 897 te
1094 842 1189 920 meum
1201 841 1263 898 dibi-

243 930 305 1005 git:
329 945 408 982 nemo
426 925 500 980 enim
517 941 642 1000 unquam
659 941 776 980 carnem
794 940 876 980 auom
894 923 959 980 odio
976 921 1087 980 babuit.
1132 923 1262 980 Sananda

247 1019 317 1066 aunt
334 1010 411 1064 enim
429 1006 515 1079 haec,
542 1009 618 1062 sicut
635 1016 750 1063 nostra:
777 1025 837 1063 non
861 1008 936 1062 sicut
955 1008 1067 1079 aliena,
1097 1007 1260 1064 damnanda.

138 1119 144 1131 *
247 1093 306 1151 Sed
318 1092 390 1148 illud
403 1092 459 1148 Dei
472 1099 656 1166 praeceptum
670 1089 743 1147 Cain
757 1092 832 1147 sicut
842 1093 1057 1166 praevaricator
1071 1093 1190 1166 accepit.
1216 1090 1262 1147 ln-

246 1179 411 1234 vaIescente
424 1177 529 1251 quippe
541 1173 720 1231 invidentiae
740 1177 828 1246 vitio,
855 1175 975 1231 fratrem
989 1173 1141 1231 insidiatus
1155 1175 1263 1231 occidit.

246 1261 327 1318 Talia
343 1269 406 1316 erat
418 1269 553 1316 terrenae
567 1257 699 1316 conditor
713 1257 857 1317 Civitatis.
900 1259 1048 1326 Quomodo
1066 1269 1160 1316 autem
1172 1261 1264 1336 rigni-

245 1346 380 1402 ficaverit
399 1345 486 1400 etiam
503 1341 641 1414 Iudaeos,
668 1344 803 1418 aquibus
819 1341 949 1400 Christus
968 1345 1082 1399 occisus
1107 1352 1149 1398 eat
1169 1352 1264 1417 pastor

246 1433 342 1486 ovium
361 1427 525 1499 homiuum,
551 1445 636 1502 quem
659 1437 757 1502 pastor
779 1429 877 1484 ovium
898 1445 1036 1502 pecorum
1057 1426 1264 1505 praefigurabat

244 1514 333 1583 Abel,
354 1513 423 1586 quia
436 1513 467 1566 in
480 1512 620 1588 allegoria
632 1509 801 1585 prophetica
813 1530 861 1568 res
876 1521 936 1582 est,
961 1529 1048 1586 parco
1067 1529 1144 1567 nunc
1162 1509 1263 1579 dicere,

244 1605 273 1650 et
296 1594 436 1670 quaedam
459 1594 527 1650 hinc
552 1592 690 1650 adversus
711 1594 853 1652 Faustum
870 1593 1070 1652 Manichaeum
1092 1595 1263 1650 dixissent

242 1681 348 1734 recolo.
611 1689 612 1692 ’
940 1693 942 1698 ’

616 1760 684 1818 CA
708 1762 740 1818 P.
783 1761 895 1819 VIII.

247 1859 322 1924 Quae
337 1857 410 1910 ratio
419 1856 526 1930 flectit,
547 1865 578 1909 ut
590 1853 658 1911 Uoin
667 1858 741 1942 inter
752 1860 891 1929 principia
903 1860 1010 1932 generis
1025 1858 1135 1912 bumoni
1148 1861 1261 1911 conderet

681 1937 827 1984 tractatam.

302 2017 388 2074 Nunc
406 2028 504 2076 autem
518 2017 698 2076 defendendo
711 2017 783 2075 mihi
795 2018 911 2077 videtur
926 2018 1064 2092 historia,
1089 2039 1126 2077 ne
1138 2021 1177 2076 ait
1190 2017 1264 2076 Scri-

243 2111 328 2179 ptura
341 2103 536 2174 incredibilia,
556 2123 629 2180 quae
643 2103 714 2160 dicit
726 2103 906 2161 aedificatam
919 2104 953 2160 ab
967 2123 1025 2160 uno
1037 2103 1155 2160 homine
1169 2105 1264 2159 civita·

243 2197 304 2243 tem
315 2206 349 2243 co
360 2195 500 2262 tempore,
514 2205 570 2264 quo
580 2207 639 2244 non
649 2189 714 2263 plus
726 2206 812 2263 quam
825 2190 881 2244 viri
891 2197 1024 2263 quatuor,
1035 2189 1083 2246 vel
1090 2189 1190 2263 potius
1200 2198 1262 2256 tres,

243 2279 441 2348 posteaquam
454 2272 575 2326 fratrem
588 2270 678 2326 frater
693 2272 814 2344 occidit,
837 2272 928 2328 fuisse
940 2272 1075 2329 videntur
1087 2275 1119 2328 in
1134 2281 1228 2343 terra,
1240 2270 1264 2326 id

245 2362 304 2423 cat,
330 2355 441 2428 primus
460 2353 543 2408 homo
560 2363 643 2431 pater
663 2356 806 2426 omnium,
832 2365 861 2410 et
879 2358 943 2430 ipre
961 2355 1047 2428 Cain,
1073 2365 1103 2411 et
1116 2357 1182 2412 eiua
1196 2356 1264 2412 filius

243 2435 345 2494 Enoch
351 2475 360 2506 ,
387 2455 424 2492 ex
442 2439 525 2493 cuius
543 2439 661 2494 nomine
675 2439 737 2511 ipae
756 2439 858 2495 cIvitas
872 2449 1035 2514 nuncupata
1047 2448 1101 2495 eat.
1146 2438 1207 2497 Sed
1218 2438 1265 2494 hoc

243 2529 439 2597 quomovet,
458 2539 559 2597 parum
572 2521 772 2594 considerant,
787 2542 847 2580 non
862 2542 962 2579 omnes
975 2522 1121 2594 homines,
1136 2526 1265 2600 quitum

243 2624 307 2661 eoae
326 2614 498 2680 potuerunt,
523 2607 695 2680 scriptorem
712 2624 812 2663 caerae
831 2605 916 2664 huius
931 2605 1070 2663 historiae
1084 2625 1206 2664 necesse
1217 2606 1278 2666 har

241 2689 339 2745 buiase
353 2688 764 2763 nominare31edeoaooloa‚
790 2709 861 2766 quoa
876 2693 970 2766 operis
986 2693 1112 2767 suscepti
1126 2694 1205 2748 ratio
1217 2710 1265 2767 po·

242 2773 376 2829 atulabat.
419 2771 604 2847 Propositum
626 2774 730 2848 quippe
753 2777 903 2850 scriptoris
921 2777 1000 2832 illius
1021 2775 1092 2848 fuit,
1117 2794 1171 2850 per
1185 2795 1266 2851 quem

243 2855 368 2929 Spiritu·
383 2864 503 2913 sanctur
516 2853 547 2910 id
559 2855 681 2932 agebat,
705 2877 757 2932 per
770 2861 971 2916 successiones
985 2867 1131 2916 certarum
1144 2878 1266 2938 genera-

241 2940 355 2994 tionum
377 2956 414 2993 ex
431 2957 489 2994 uno
508 2936 625 2994 homine
642 2952 864 3020 propagatarum
880 2945 1034 3018 pervenIre
1053 2943 1089 3000 ad
1111 2941 1265 3011 Abrabam,

242 3039 276 3076 ac
290 3021 394 3076 deinde
410 3039 448 3076 ex
468 3023 529 3076 eiua
548 3023 657 3079 semine
675 3025 711 3080 ad
729 3029 864 3101 populum
877 3025 947 3084 Dei:
973 3029 1004 3084 iu
1020 3045 1077 3104 quo
1099 3026 1266 3082 distinctor

242 3106 364 3160 coeteris
386 3105 522 3183 gentibus
539 3106 807 3186 praefigurarentur
827 3120 857 3168 et
873 3113 1150 3186 praenuntiarentur
1168 3112 1264 3166 omnia

241 3204 314 3264 quae
327 3187 362 3244 de
375 3188 516 3262 Civitate,
531 3193 614 3248 cuius
625 3202 776 3250 aeternum
789 3196 846 3252 crit
855 3214 994 3274 regnum,
1015 3205 1045 3251 et
1057 3195 1093 3250 de
1106 3193 1188 3272 Rege
1202 3194 1264 3248 einr

241 3272 394 3349 eodemque
407 3274 557 3331 conditore
571 3274 686 3333 Christo
699 3279 731 3333 in
741 3276 852 3352 Spiritu
863 3279 1107 3355 praevidebantur
1119 3297 1181 3334 eme
1191 3295 1264 3332 van·
1277 3289 1278 3344 t

239 3366 319 3429 tura3
344 3359 385 3414 ita
398 3367 432 3414 ut
445 3377 499 3414 nec
512 3359 547 3414 de
562 3361 654 3416 altera
673 3363 810 3424 societate
826 3361 975 3420 homiuum
992 3371 1154 3434 taceretur,
1181 3345 1278 3436 quami

239 3451 347 3498 terram
359 3442 480 3498 dicimus
495 3441 665 3516 Civitatem,
689 3455 830 3519 quantum
854 3449 881 3503 ei
904 3445 1171 3503 commemorandae
1197 3445 1278 3530 satisp

240 3535 332 3598 esset,
358 3536 392 3582 ut
405 3525 514 3583 Civitas
527 3526 584 3583 Dei
597 3529 684 3583 etiam
696 3546 766 3585 auae
779 3531 967 3589 adversariae
975 3532 1195 3604 comparatIone
1209 3529 1264 3583 cla·
1277 3533 1278 3536 ’

165 3673 167 3676 ¹
238 3619 342 3665 rescat.
385 3609 457 3665 Cum
475 3612 565 3687 igitur
583 3608 735 3683 Scriptura
754 3613 870 3688 divina,
896 3615 945 3672 ubi
958 3624 987 3670 et
1004 3633 1159 3671 numerum
1173 3629 1265 3669 anno·

165 3696 167 3701 '
239 3709 321 3761 rum,
345 3709 416 3766 quos
430 3693 473 3748 iIli
485 3693 616 3749 homines
628 3696 783 3769 vixerunt,
806 3707 1022 3770 commemorat,
1045 3698 1087 3752 ita
1100 3693 1264 3760 concludat,

240 3780 272 3824 ut
285 3771 361 3828 dicat
373 3774 408 3828 dc
420 3777 470 3830 illo
484 3776 518 3832 de
532 3795 587 3852 quo
600 3779 786 3853 loquebatur,
811 3783 854 3842 Et
864 3781 1058 3862 genuitfilioo
1072 3780 1215 3852 otfiiioa,
1239 3786 1265 3834 et

238 3852 365 3924 fuerunt
378 3875 473 3913 omneo
487 3861 549 3915 dieo
562 3861 655 3932 illius,
680 3865 727 3918 vel
740 3866 834 3940 illius,
861 3885 933 3943 quos
946 3867 1036 3939 vixit,
1062 3865 1136 3922 anni
1149 3873 1211 3923 tot.
1240 3869 1266 3914 et
