2510 4404
177 231 234 290 DE
265 231 482 291 ClVlTATE
510 232 590 290 DEI
616 233 697 290 LlB.
723 235 839 296 XXll.
959 246 1019 302 399

24 385 118 442 itatenn
143 395 240 442 autem
256 383 413 457 facientes
436 386 467 442 in
492 385 622 444 caritate
649 405 813 464 augeamur
837 391 867 447 in
890 391 940 450 illo
959 413 1017 471 per

24 468 105 536 unia,
118 470 165 544 qui
177 479 221 526 est
233 478 323 547 caput
337 467 490 543 Christum
509 488 546 528 ea·
558 488 613 548 quo
627 479 720 528 tetam
734 489 839 549 corpus
851 493 1017 548 conncaanr,

24 561 213 627 ²eornpactum
219 570 280 629 per
292 572 400 610 omnem
414 561 526 610 tactunn
539 553 838 626 subministrationis,
864 560 1018 618 secundum

24 635 192 692 renationem
206 637 237 692 in
250 653 415 694 mensuram
430 637 657 714 uniuscuiusque
668 639 789 714 partis,
813 641 1020 698 incrementum

24 717 221 796 rrporisfacit
234 721 264 777 in
278 719 514 791 notificationem
528 721 586 790 sui,
599 721 630 776 in
641 721 781 780 caritate.
824 721 902 780 Eece
915 727 964 799 qui
977 734 1022 780 est

24 821 43 856 ,r
59 799 209 875 perfectus,
224 813 311 878 eaput
324 813 488 876 eteorum,
508 802 583 880 quod
596 811 712 860 constet
727 806 859 863 omnibus
873 808 1020 878 membris,

24 903 74 940 rae
87 902 136 939 ιιιο
148 895 277 960 tempore
291 885 521 961 complebuntur.
540 887 676 954 Quotidie
688 896 785 944 temen
799 890 894 946 eidem
907 894 1022 967 corpori

24 967 144 1038 metunt,
158 969 224 1026 dum
238 969 408 1028 aedificetur
418 967 560 1040 Ecclesia,
574 971 620 1026 cui
636 970 752 1042 dieitur,
770 969 825 1028 Vns
838 986 935 1032 auten
950 978 1022 1034 estis

24 1068 104 1128 »rpus
119 1049 239 1123 Christi,
254 1065 284 1111 et
296 1055 433 1112 membru.
455 1051 495 1110 Et
507 1054 589 1110 alibi:
613 1051 671 1112 Pro
684 1073 817 1133 corpere,
828 1058 936 1133 inquit,
950 1062 1021 1128 eius,

24 1136 73 1192 iod
90 1145 133 1191 est
150 1134 293 1194 Ecclesia.
325 1137 456 1212 Itemque
476 1137 561 1194 alibiz
593 1135 672 1194 Vnus
693 1141 786 1214 panis
806 1159 893 1196 unum
918 1159 1022 1220 corpus

24 1219 194 1276 ultisumus.
223 1219 269 1276 De
292 1223 375 1277 euius
400 1221 530 1295 corporis
558 1219 760 1278 aedificatione
786 1232 815 1278 ct
840 1221 888 1279 hie
914 1224 1022 1281 dictum

26 1313 57 1374 t,
91 1301 138 1360 Aa
166 1307 441 1361 consummationem
469 1313 654 1372 sanctoruni,
691 1306 722 1360 in
753 1323 825 1383 opus
852 1309 1022 1378 ministerii,

43 1385 278 1457 aedificationem
295 1389 429 1464 corporis
445 1386 575 1444 Christi:
600 1406 634 1442 nc
648 1387 752 1446 deinde
769 1388 931 1446 subiectum
945 1389 1023 1446 unde

24 1489 75 1528 ine
88 1471 214 1546 egimus,
240 1467 341 1528 Donec
353 1487 543 1528 occurramus
561 1488 657 1528 omnes
672 1473 702 1528 in
716 1473 860 1530 unitatem
873 1472 967 1545 fidei,
995 1484 1023 1532 ct

24 1556 174 1628 ‚reinonem
185 1551 260 1611 Filii
271 1553 348 1626 Dei,
370 1556 401 1610 in
414 1556 510 1612 nuum
516 1554 701 1633 perfectam,
715 1556 745 1612 in
758 1573 926 1613 memorant
939 1567 1024 1614 aeta·

24 1656 33 1694 ι
52 1637 251 1714 plenitudinis
268 1636 396 1707 Christi,
415 1646 588 1709 etcseteru3
615 1638 708 1696 donec
723 1637 822 1694 endem
834 1658 972 1696 mensura
993 1642 1023 1696 in

24 1742 49 1777 ιο
64 1739 181 1794 corpore
193 1721 385 1799 intelligendu
399 1731 493 1793 esset,
516 1720 693 1792 ostenderet,
715 1722 829 1778 dicens:
854 1721 1024 1800 Augeamur

35 1803 88 1860 illo
94 1822 153 1882 per
166 1806 273 1877 omnia,
287 1807 339 1884 qai
350 1815 395 1863 est
408 1815 499 1883 caput
513 1803 668 1879 Christum
694 1825 731 1864 ea
744 1825 797 1884 quc
812 1815 905 1864 tatum
919 1824 1024 1887 empus

24 1905 160 1956 nnenam,
174 1898 204 1946 et
217 1899 398 1966 compactum
406 1908 466 1967 per
480 1907 589 1948 ornnem
602 1899 714 1946 tactum
729 1889 1024 1959 subministrationis,

24 1971 147 2030 cundum
160 1975 360 2050 operationem
373 1975 404 2028 in
417 1989 583 2030 mensuram
596 1974 821 2047 uniuscuiusque
827 1974 942 2050 partis.
960 1971 1022 2029 Sic·

34 2064 83 2110 est
97 2072 166 2130 ergo
178 2073 319 2111 mensura
332 2056 562 2127 uniuscuiusque
580 2057 689 2127 partis,
716 2055 759 2108 ito
778 2056 869 2110 totius
882 2056 1022 2127 corporis,

24 2138 70 2195 ,od
83 2137 214 2194 omnibus
229 2140 291 2194 suis
310 2137 441 2212 partibus
456 2145 586 2206 constat,
610 2145 655 2191 ert
667 2137 769 2210 utique
782 2155 920 2192 mensura
932 2138 1025 2211 pleni-

25 2223 119 2292 dinin,
139 2221 174 2278 de
189 2240 244 2297 qun
258 2221 366 2278 dictum
380 2231 440 2277 est:
467 2217 503 2276 In
516 2235 686 2276 mensuram
699 2220 813 2276 aetatis
825 2219 1025 2296 plenitudinis

25 2307 117 2364 inisti.
137 2306 231 2372 Quum
245 2304 458 2379 plenitudinem
471 2304 559 2359 etiam
572 2304 623 2358 illo
637 2305 876 2360 commemoravit
888 2303 963 2374 loco,
977 2305 1025 2360 ubi

25 2415 26 2418 ¹
48 2391 85 2446 de
107 2387 236 2446 Christo:
262 2388 304 2445 Et
323 2389 416 2467 insum
436 2388 518 2446 dedit
536 2396 628 2463 caput
645 2403 736 2462 super
757 2388 854 2444 omnia
870 2385 1026 2445 Ecclesiae

25 2493 113 2532 nnenn
127 2469 319 2547 EcclesiamJ,
346 2491 422 2549 quac
436 2481 480 2528 est
494 2487 599 2547 corpus
613 2471 688 2541 eius,
705 2469 863 2549 plenitude
877 2473 950 2541 eius,
974 2475 1025 2549 qni

28 2560 85 2616 niu
100 2559 132 2612 in
145 2556 275 2613 omnibus
289 2555 429 2632 impletur
443 2551 621 2631 [adinopletJ.
647 2551 756 2610 Verum
770 2554 797 2609 si
809 2551 864 2612 hoc
877 2554 914 2610 ad
926 2573 1024 2610 resur-

25 2642 129 2698 rtionis
143 2639 281 2708 formam,
304 2640 336 2694 in
350 2656 408 2712 que
422 2639 478 2694 erit
496 2639 712 2713 unusquisque,
738 2636 924 2693 referendum
938 2646 1024 2709 esset,

25 2725 54 2782 id
68 2742 124 2780 nos
139 2722 292 2796 impediret
304 2723 453 2778 nominato
466 2722 531 2777 viro
545 2721 712 2800 intelligere
726 2730 755 2776 et
768 2720 921 2791 feminam,
935 2730 968 2776 ut
981 2721 1025 2776 vi-

26 2830 49 2866 ιι
63 2826 119 2882 pro
132 2805 252 2864 homine
264 2807 392 2880 positum
404 2800 618 2880 acciperemusl
637 2803 721 2862 Sicut
734 2806 766 2860 in
780 2823 815 2860 eo
827 2803 903 2878 quod
916 2805 1024 2862 dictum

28 2934 38 2963 ‚
54 2889 175 2946 Beatus
188 2891 239 2966 qui
251 2891 335 2947 timet
348 2887 521 2945 Dominum:
535 2888 936 2964 utiqueibisuntetleminee,
950 2905 1024 2964 quae

26 2982 91 3032 ient
106 2972 276 3030 Dominum.

368 3141 490 3198 CAP.
533 3138 644 3196 xlx.

26 3240 63 3291 od
79 3239 173 3292 omnia
188 3239 308 3306 corporis
324 3238 407 3300 nitio,
427 3251 495 3304 qnae
510 3233 540 3286 in
555 3233 605 3288 lac
619 3236 677 3288 cita
688 3235 803 3288 lamone
812 3235 953 3287 contraria
963 3245 1025 3286 sunt

27 3309 83 3370 eri,
104 3309 136 3359 in
149 3307 347 3360 rerurrectione
357 3305 474 3358 nonsint
483 3302 602 3374 fictura,
623 3304 670 3356 att
679 3313 801 3356 manente
811 3303 934 3356 naturali
940 3340 949 3366 ,
967 3305 1026 3354 snb·

29 3377 114 3429 antia
126 3377 158 3428 in
169 3393 250 3428 unam
256 3373 485 3443 pulchritudinem
495 3381 523 3423 et
532 3373 651 3442 qualitas
661 3381 802 3424 concurret
813 3382 840 3424 et
850 3372 999 3440 quantitas.

49 3482 134 3549 Quid
148 3484 208 3538 iem
220 3481 412 3554 respondeam
433 3479 467 3536 tle
490 3480 602 3554 capillis
619 3488 708 3554 etque
727 3475 894 3558 unguibus?
930 3477 1025 3536 Semel

27 3573 92 3640 Lppe
108 3567 263 3622 intellecto
276 3567 318 3622 ita
331 3563 405 3622 nihil
416 3565 579 3640 periturum
591 3581 656 3618 esse
670 3563 705 3619 tle
720 3581 857 3638 corpore,
881 3571 916 3618 ut
928 3562 1024 3620 delor-

50 3647 133 3706 nihil
155 3650 245 3704 sitin
264 3668 403 3724 corpore,
430 3650 516 3706 simul
534 3648 711 3724 intelligitur
730 3665 765 3702 eu
778 3665 852 3722 quoe
866 3645 1021 3704 deformem

31 3744 106 3788 tura
120 3733 244 3788 fuerent
257 3734 473 3803 enormitatem,
497 3747 608 3788 massae
621 3732 679 3806 ipsi
694 3748 846 3787 accessura
860 3747 937 3799 esse,
961 3749 1020 3786 non

32 3821 60 3872 is
82 3819 118 3872 in
138 3817 246 3891 quibus
263 3817 455 3872 membrorum
475 3815 727 3888 formu'turpetur.
763 3813 849 3869 Velut
868 3815 893 3868 si
906 3813 941 3868 ‹le
954 3816 1023 3869 limo

28 3922 33 3958 ι
50 3901 157 3972 fieret,
170 3899 247 3976 quod
259 3917 360 3957 rursus
373 3901 404 3956 in
419 3899 540 3956 eundem
553 3900 652 3954 limum
666 3897 812 3954 redactum
826 3907 919 3953 totum
930 3895 965 3953 de
978 3907 1024 3953 to-
