2586 4396
260 155 322 214 un
347 153 570 214 crvrrsra
598 157 677 218 oar
704 157 783 216 mn.
805 157 877 220 ιιι.
1030 167 1092 228 ne
1123 197 1125 200 -

29 309 106 382 Quid
121 318 208 368 sunt
221 308 265 366 ad
275 306 336 366 hoe
347 309 454 364 malum
468 306 609 366 Mercurii
619 309 714 380 furto,
728 309 851 368 Veneris
864 313 1002 389 lasoiria,
1028 328 1090 376 stu·

26 415 78 474 prs
92 405 127 452 et
141 393 362 470 turpitudines
375 401 570 464 caeterorum,
585 411 659 468 quae
667 394 864 470 proferremus
878 395 914 454 de
921 397 1016 474 libris,
1030 402 1089 460 nisi

25 479 168 556 quotidie
186 485 391 536 cantarentur
410 484 440 532 et
452 478 632 534 saltarentur
644 479 676 534 in
690 475 830 536 theatris?
864 478 924 538 Sed
935 479 1007 540 haee
1020 486 1089 560 quid

25 573 97 622 sunt
111 561 156 620 ad
171 569 303 618 tantum
314 561 433 631 melum,
450 561 533 618 ouius
545 561 716 639 magnitudo
726 563 945 642 magneeMatri
958 574 1087 626 tentum-

24 647 116 706 modo
146 639 365 720 eompeteboti
393 641 567 700 Praesertim
581 644 658 720 quod
670 646 721 702 illa
738 645 874 705 dicuntur
887 668 904 706 a
915 651 1010 726 poetis
1024 670 1089 708 esse

24 731 179 789 conficta:
197 731 292 805 quasi
304 737 409 804 poetae
422 727 453 784 id
465 728 715 800 etiemlioxerint,
728 731 804 807 quod
817 749 853 790 ea
862 733 924 792 sint
934 733 991 792 diis
1004 744 1090 814 grets

25 825 57 872 et
77 823 224 890 recepta.
273 811 313 870 Vt
331 823 402 890 ergo
424 821 599 872 canerentur
610 815 658 870 vel
671 814 888 888 scriberentur,
914 817 1036 876 sudaeie
1049 820 1089 876 sit

26 901 75 956 vel
86 899 273 976 petulentia
285 906 451 972 poetarum:
465 905 498 954 ut
510 915 581 954 roro
595 896 703 956 divinis
716 899 802 956 rebus
817 909 847 958 et
858 893 1017 960 honorib'ns
1029 904 1087 960 eis-

27 983 92 1040 dem
122 979 354 1057 imperantibus
380 989 410 1036 et
435 980 676 1055 extorquentibus
703 983 870 1042 numinibus
896 984 1086 1048 adderentur.

25 1066 96 1143 qnid
111 1076 164 1124 est
178 1065 248 1122 nisi
262 1065 378 1122 orimen
391 1063 527 1136 deorum3
539 1066 597 1122 imo
611 1083 682 1124 vero
696 1066 841 1124 confessio
854 1067 1086 1140 daemoniorum,

26 1162 56 1207 et
73 1150 224 1226 deceptio
245 1143 444 1204 miserorum?
468 1146 578 1206 Verum
589 1147 663 1206 illud
678 1151 757 1226 quod
770 1151 806 1208 de
818 1151 1001 1210 abscisorum
1015 1173 1085 1210 eon-

25 1236 211 1292 seeratione
225 1231 325 1290 Mater
337 1231 459 1289 deorum
472 1233 530 1290 eoli
543 1234 668 1304 meruit,
683 1251 743 1290 non
752 1243 857 1308 poetae
868 1235 1086 1306 confinxerunt,

25 1318 81 1376 sed
93 1317 229 1376 horrere
243 1316 342 1393 magis
356 1333 444 1390 quam
458 1332 565 1374 eonere
577 1317 752 1374 maluerunt.
796 1316 890 1374 Hisne
901 1318 957 1374 diis
969 1320 1085 1376 seleotis

26 1405 195 1479 qnisquam
211 1397 438 1457 ooaseorandus
446 1408 511 1471 est,
535 1407 570 1456 ut
582 1408 786 1474 postmortem
799 1403 881 1458 vivet
893 1401 995 1474 beate,
1021 1402 1086 1477 qui·

24 1487 85 1544 bus
102 1492 303 1542 eonseoratus
318 1491 388 1540 ente
404 1493 532 1542 mortem
547 1480 673 1541 honeste
692 1501 752 1541 non
769 1493 867 1560 potest
882 1486 1000 1558 virere,
1026 1494 1085 1543 tam

24 1569 127 1628 foedis
143 1566 414 1644 superstitionibus
428 1566 563 1624 subditus
576 1575 607 1626 et
624 1563 783 1626 immundis
802 1568 990 1626 daemonibus
1010 1569 1084 1627 ohli-

25 1649 138 1732 gatus?
166 1651 233 1711 Sed
246 1649 321 1708 haee
335 1651 449 1723 omnio,
472 1651 586 1728 inquit,
607 1651 778 1710 referuntur
791 1653 828 1710 ad
840 1654 988 1726 mundum.
1031 1653 1084 1710 Vi·

27 1740 94 1796 deat
111 1757 155 1794 ne
172 1739 280 1813 potius
297 1735 335 1792 ad
353 1735 541 1794 immundum.
586 1735 664 1803 uuio
682 1745 777 1796 autem
796 1757 858 1794 non
870 1746 968 1812 potest
980 1737 1084 1796 referri

26 1822 247 1892 edmundum,
276 1817 356 1895 quod
374 1837 440 1876 esse
458 1818 674 1880 demonstratur
689 1821 721 1878 iu
738 1812 868 1880 mundoi
908 1820 969 1880 Nos
987 1831 1085 1880 autern

26 1910 163 1964 amnium
178 1905 374 1980 quaerimus,
400 1905 451 1980 qui
463 1921 533 1962 vera
545 1905 691 1986 religione
704 1905 851 1977 conlisus,
871 1923 933 1962 non
946 1914 1085 1980 tanquam

27 1990 114 2047 deum
132 2007 228 2047 suum
245 1986 351 2046 adoret
367 1987 524 2060 muudum,
550 1987 601 2044 sed
626 1997 765 2064 tanquam
791 2007 862 2066 opus
879 1988 939 2044 ‘Dei
965 1998 1084 2063 propter

28 2074 126 2132 Deum
140 2071 251 2130 laudet
268 2070 429 2144 mundum3
458 2081 488 2128 et
499 2071 656 2130 mundanis
671 2071 807 2130 sordibus
821 2073 972 2148 expiatus,
998 2091 1083 2128 mun-

28 2159 79 2218 dus
92 2157 265 2236 perveniet
277 2155 315 2214 ed
329 2154 443 2226 Deum,
471 2157 520 2231 qui
539 2155 672 2214 condidit
683 2155 832 2216 mundum.
895 2200 898 2206 .

393 2305 514 2364 CAP.
557 2303 731 2366 XXVII.

30 2406 71 2460 De
82 2404 241 2479 flgraentss
258 2402 492 2474 ptyoutogoron
512 2405 559 2474 qui
569 2423 616 2460 nee
627 2423 719 2460 reram
729 2406 899 2460 divinitatem
912 2406 1016 2468 colunt,
1037 2421 1083 2458 neo

276 2491 307 2526 eo
317 2477 393 2532 cultu
403 2491 454 2544 quo
465 2475 575 2528 colenda
586 2485 699 2528 estsere
711 2475 847 2527 diuinitas.

97 2581 177 2639 lstos
190 2601 267 2640 vero
281 2583 406 2651 soleatos
419 2582 489 2640 deos
502 2581 637 2640 videmus
657 2583 775 2656 quidem
791 2583 899 2636 elarius
917 2581 1094 2648 innotuisse,

33 2685 131 2744 quarn
142 2675 292 2740 caeteros,
317 2685 378 2724 nou
390 2675 489 2723 tamen
503 2675 652 2722 uteorum
668 2667 890 2722 illustrarentur
901 2663 1017 2733 merita,
1032 2661 1083 2722 sed

33 2771 76 2809 ne
89 2752 312 2808 ooeultarentur
322 2750 491 2826 opprobrie:
506 2748 586 2806 uude
596 2743 690 2829 nugis
704 2767 756 2806 eos
767 2745 899 2806 homines
911 2747 1004 2804 brisso
1017 2765 1082 2804 ere-

34 2835 132 2891 dibile
143 2843 204 2908 est;
217 2836 297 2891 siout
309 2834 369 2892 non
385 2837 478 2892 solum
490 2835 625 2912 poeticae
637 2835 757 2906 literae,
770 2849 874 2891 rernm
888 2833 977 2890 etium
988 2829 1081 2890 histo-

34 2921 119 2976 rieae
132 2917 330 2976 tradiderunt.
357 2917 432 2975 Nam
446 2919 523 2996 quod
536 2917 679 2997 Virgilius
692 2919 749 2976 ait:

120 3001 242 3060 Primus
258 3000 293 3058 ab
314 2999 451 3059 aethereo
465 3005 548 3062 venit
562 3000 710 3060 Saturnus
725 3001 869 3079 Olympo,

121 3087 214 3143 Armo
226 3085 305 3143 lovis
319 3085 456 3164 fugiens,
484 3096 513 3144 et
529 3085 631 3166 regnis
646 3089 730 3144 exsul
742 3087 881 3146 ademtis:

35 3181 64 3227 et
77 3187 157 3249 quae
172 3169 210 3226 nd
221 3168 299 3226 hane
309 3188 372 3226 rem
382 3171 562 3245 pertinentia
572 3180 801 3247 consequuntur,
817 3170 1079 3228 totamdehooEu·

34 3253 171 3311 bernerus
186 3251 291 3328 pandit
302 3250 473 3326 historiam,
495 3271 582 3330 quam
594 3251 709 3311 Ennius
721 3255 753 3311 in
767 3254 904 3312 Latinum
914 3255 1006 3312 vertit
1020 3255 1079 3310 elo-

36 3339 151 3415 quium:
165 3337 247 3394 unde
260 3339 328 3413 quie
340 3339 467 3420 plurime
480 3347 657 3414 posuerunt,
670 3339 722 3413 qui
735 3346 838 3394 eontra
850 3337 1019 3394 huiusmodi
1033 3355 1079 3391 er-

35 3439 119 3479 rores
145 3430 219 3478 ente
246 3437 303 3478 nos
320 3423 369 3478 vel
388 3420 504 3479 Graeoo
527 3419 663 3478 sermorio
689 3422 737 3478 rel
753 3419 859 3478 Latino
885 3422 1080 3494 seripserunt,

37 3525 96 3563 uon
107 3505 142 3564 in
154 3523 192 3562 eo
203 3502 275 3562 mihi
287 3506 398 3580 plaeuit
410 3507 569 3563 immorari.
597 3506 703 3580 *lpsas
716 3501 916 3583 physiologias
930 3520 995 3558 oum
1008 3518 1080 3555 oon·

38 3587 155 3662 sidero,
183 3587 291 3664 quibus
304 3588 384 3646 «loeti
398 3599 428 3646 et
441 3590 522 3648 aouti
534 3587 668 3646 homines
681 3587 734 3644 has
752 3605 799 3642 res
812 3584 954 3643 humanas
968 3597 1078 3640 oonen-

39 3682 85 3730 tur
96 3682 218 3732 tatere
231 3673 263 3730 in
275 3690 323 3729 res
337 3671 469 3746 divinas,
494 3671 568 3730 nihil
581 3672 666 3732 rideo
681 3671 740 3737 nisi
752 3669 789 3727 ed
801 3667 973 3745 temporalia
985 3675 1079 3724 terre·

42 3775 135 3834 usque
149 3774 241 3834 opere
259 3767 453 3832 naturamque
478 3775 664 3832 corpoream,
688 3756 736 3812 rel
755 3754 870 3812 etiamsi
888 3748 1078 3823 invisibilem,

44 3847 139 3898 tamen
150 3839 327 3898 mutabilem
337 3842 466 3916 potuisse
480 3843 629 3900 revocari:
648 3839 725 3918 qood
740 3835 918 3910 nullomodo
932 3845 977 3894 est
990 3851 1078 3893 verus
