2586 4396
246 148 310 206 DE
335 147 563 208 clvtrsrss
582 151 662 210 DEI
687 153 767 212 LlB.
794 145 872 214 vlt
1019 165 1077 218 tas

45 325 71 362 m
81 315 140 362 arte
155 321 219 360 nna
233 300 318 357 tarde
331 319 365 356 ae
375 299 492 358 difficile
503 313 682 380 cogerentur
696 323 761 362 esse
770 306 902 379 perfecti.
922 309 1078 369 Verumta.

43 410 97 446 nen
110 390 162 444 vix
176 387 337 461 quisquam
349 386 495 457 reperitur
508 386 628 442 deorum
641 407 702 444 non
715 390 899 462 seleatorum,
919 396 968 466 qui
981 397 1078 470 aliquo

43 475 152 530 erimine
164 470 280 526 famam
291 467 386 524 traxit
397 467 551 541 infamem3
564 471 617 526 rix
630 479 728 527 autern
739 475 912 530 seleetorum
925 477 1077 550 quispiam,

42 559 80 631 qui
91 575 151 612 non
164 555 200 610 in
215 571 248 607 se
262 560 364 608 notam
378 555 570 610 contumeliae
579 555 708 631 insignis
725 558 878 630 receperit.
900 556 946 612 llli
956 558 993 614 ad
1006 562 1077 616 isto-

40 659 93 696 rum
104 637 231 694 humilia
244 653 335 709 opera
348 633 572 708 descenderunt,
588 639 640 693 isti
653 640 685 694 in
698 639 816 695 illorum
828 641 964 696 sublimia
978 643 1077 698 erimi-

40 743 70 779 na
81 741 140 780 non
153 728 318 778 venerunt.
332 717 379 774 De
389 717 458 776 lano
472 721 587 794 quidem
602 739 662 777 non
675 721 747 778 mihi
760 723 846 780 faoile
861 725 1015 798 quiequam
1027 745 1077 782 oe-

39 809 128 876 ourrit,
146 803 229 880 quod
243 801 282 857 ad
295 801 433 876 probrum
456 805 611 877 pertineat.
642 804 683 860 Et
695 805 820 862 fortasse
833 809 900 862 talis
914 808 1019 878 fuerit,
1045 818 1079 864 ut

40 889 218 946 innocentius
232 886 346 944 vixerit
359 894 389 940 et
400 905 418 942 a
427 887 606 944 facinoribus
615 886 797 965 flagitiisque
807 893 956 946 remotius.
971 889 1075 948 Satur·

40 992 97 1028 num
109 973 283 1048 fugientem
296 969 443 1046 benignas
464 973 594 1044 excepit:
622 989 689 1028 eum
702 970 817 1046 hospite
829 976 954 1047 partitus
967 984 1013 1030 est
1027 993 1076 1031 re·

39 1075 127 1133 gnum,
142 1063 178 1110 ut
191 1055 286 1110 etiam
299 1053 433 1110 civitates
447 1055 578 1131 singulas
591 1054 763 1126 conderent,
779 1058 836 1111 iste
850 1055 1023 1129 lanieulum,
1037 1061 1076 1114 il-

38 1141 60 1194 le
71 1139 254 1196 Saturniam.
278 1133 339 1191 Sed
351 1137 402 1198 isti
414 1139 446 1194 in
463 1140 543 1194 cultu
557 1137 678 1194 deorum
691 1140 785 1201 omnis
799 1137 951 1195 dedeeoris
964 1143 1076 1214 appeti·

39 1232 121 1293 tores,
148 1222 235 1276 ouius
256 1221 349 1276 sitam
367 1221 464 1278 minus
482 1229 599 1295 turpem
615 1223 811 1291 invenerunt,
838 1240 906 1278 eum
927 1223 1078 1278 simulacri

38 1315 194 1361 monstrosa
207 1301 399 1358 deformitate
415 1313 586 1378 turparunt,
613 1322 694 1360 nuno
716 1321 781 1360 enm
798 1303 970 1375 bifrontem,
998 1323 1077 1360 nune

38 1391 115 1444 etiam
128 1385 381 1462 quadrifrontem,
407 1395 549 1462 tanquam
568 1388 735 1464 geminum,
762 1387 913 1443 facientes.
934 1387 981 1444 An
998 1387 1077 1444 forte

38 1474 196 1541 voluerunt,
226 1478 277 1539 ut,
304 1471 444 1544 quoniam
455 1472 575 1546 plurimi
588 1471 630 1526 dii
644 1471 746 1526 selecti
760 1469 959 1527 erubesoenda
972 1489 1076 1545 perpe·

37 1554 130 1610 trando
146 1555 314 1609 amiserant
326 1552 465 1624 frontem,
478 1562 588 1628 quanto
602 1555 659 1610 iste
673 1555 863 1612 innoeentior
877 1563 969 1626 esset,
993 1563 1076 1612 tanto

37 1637 188 1694 frontosior
203 1633 380 1711 appareret?

377 1787 381 1797 '
460 1787 572 1846 CAP.
617 1787 651 1842 V.

111 1884 156 1938 De
164 1899 344 1953 paganorum
355 1884 498 1936 secretiore
509 1884 632 1938 doctrina
640 1885 812 1954 pleysa'rs'sqrse
823 1885 984 1936 rationibus.

87 1975 146 2032 Sed
159 1977 295 2049 ipsorum
308 1974 407 2046 potius
418 1974 676 2047 interpretationes
688 1973 823 2050 physicas
834 1974 995 2044 audiamus,
1010 1977 1076 2048 qui-

35 2059 79 2115 bus
92 2057 310 2134 turpitudinem
320 2057 479 2112 miserrimi
491 2058 611 2128 erroris,
625 2060 707 2114 velut
719 2059 832 2114 altioris
845 2056 996 2112 doetrinae
1010 2073 1076 2129 spe-

34 2145 72 2198 cie
86 2145 223 2200 eolorare
237 2149 397 2198 sonantur.
429 2137 560 2196 Primum
580 2159 630 2196 eas
647 2142 907 2215 interpretationes
927 2141 969 2196 sio
983 2138 1076 2196 Varro

33 2226 225 2295 commendat,
239 2233 274 2280 ut
285 2224 373 2294 dieat,
385 2225 521 2299 antiquos
535 2225 819 2280 simulacradeorum
829 2234 859 2280 et
870 2223 1011 2302 insignia,
1026 2241 1074 2279 or-

32 2321 169 2385 natusque
179 2309 323 2378 finxisse3
337 2325 410 2381 quae
422 2325 488 2362 eum
498 2308 590 2362 oeulis
601 2308 878 2365 animadvertissent
889 2306 920 2362 hi
934 2309 983 2382 qui
996 2307 1075 2362 adis-

32 2404 92 2449 sent
105 2394 263 2450 doetrinae
278 2391 430 2466 mysteria,
448 2399 570 2464 possent
583 2393 711 2447 animam
724 2390 828 2448 mundi
841 2409 875 2446 ae
887 2401 985 2464 partes
1000 2392 1075 2459 eius,

30 2477 56 2531 id
70 2486 128 2546 est,
156 2476 230 2530 deos
245 2493 334 2530 veros
348 2475 446 2529 animo
466 2472 582 2529 videre:
610 2492 733 2548 quorum
747 2475 797 2548 qui
811 2475 966 2527 simulacra
979 2474 1076 2544 speeie

30 2557 151 2614 hominis
165 2559 322 2628 focerunt,
348 2555 404 2612 hoe
422 2555 518 2612 videri
531 2563 664 2623 secutos,
691 2555 767 2628 quod
779 2555 946 2609 mortalium
960 2555 1075 2610 animus

30 2644 74 2716 qui
93 2645 191 2698 estin
213 2657 338 2715 corpore
356 2637 498 2709 humano,
531 2639 696 2694 simillimus
716 2645 762 2694 est
779 2637 951 2692 immortalis
971 2637 1074 2692 animi:

27 2736 164 2800 tanquam
183 2727 212 2780 si
231 2742 304 2781 vasa
324 2731 504 2797 ponerentur
523 2737 612 2777 eausa
625 2720 821 2777 notandorum
834 2719 971 2789 deorum,
1000 2728 1031 2774 et
1045 2720 1074 2774 in

26 2807 125 2864 Liberi
139 2808 215 2865 aede
236 2804 439 2880 oenophorum
458 2807 629 2876 sisteretur,
657 2804 734 2880 quod
757 2802 939 2882 significaret
961 2803 1075 2873 vinum,

26 2910 75 2964 per
93 2891 124 2947 id
145 2890 229 2970 qnod
249 2891 385 2946 eontinet
403 2889 433 2944 id
451 2888 528 2964 quod
545 2889 729 2946 sentinetur:
756 2889 799 2944 ita
817 2905 870 2962 por
888 2887 1075 2944 simulacrum

26 2975 97 3048 quod
110 2975 241 3033 formam
256 2971 379 3030 haberet
388 2970 557 3043 humanam,
571 2971 736 3049 significari
753 2973 880 3030 animam
891 2972 1075 3039 rationalem,

26 3059 98 3130 quod
112 3079 149 3116 eo
166 3060 252 3116 velut
263 3075 335 3114 vase
349 3065 454 3112 natura
473 3057 531 3112 ista
550 3057 644 3114 soleat
661 3057 824 3128 eontineri,
851 3055 934 3112 errius
952 3064 1076 3112 naturae

27 3140 108 3198 deum
133 3145 246 3200 volunt
272 3159 350 3210 esse,
376 3141 424 3196 rel
438 3139 516 3196 deos.
553 3139 635 3196 Haeo
652 3152 722 3196 sunt
746 3139 886 3214 mysteria
910 3136 1077 3206 doetrinae,

27 3243 96 3297 quae
111 3230 173 3282 iste
187 3227 238 3282 vir
252 3225 438 3282 doctissimus
452 3231 670 3296 penetraverat,
693 3222 770 3280 unde
784 3225 816 3278 in
828 3224 924 3277 lueem
937 3222 995 3276 ista
1007 3237 1077 3300 pro7

26 3305 122 3366 ferret.
147 3309 242 3367 Sede
256 3307 345 3364 homo
359 3308 537 3378 nantissime,
550 3325 622 3364 num
635 3308 667 3362 in
681 3307 747 3362 istis
760 3305 913 3360 doetrinae
926 3303 1077 3378 mysteriis

26 3390 100 3448 illam
113 3392 314 3468 prudentiam
326 3389 496 3464 perdidisti,
520 3409 577 3465 qua
590 3390 645 3446 tibi
658 3389 755 3446 sobrie
768 3389 866 3444 visum
880 3395 937 3456 est,
958 3382 1034 3459 quod
1047 3380 1078 3436 hi

27 3477 70 3545 qui
83 3479 176 3549 primi
189 3475 311 3551 popidis
325 3475 479 3530 simulacra
495 3475 724 3542 constituerunt,
744 3479 774 3526 et
786 3478 896 3526 metum
909 3467 1079 3522 demserunt

27 3558 137 3615 ritibus
153 3561 232 3630 suis,
247 3568 279 3614 et
293 3575 423 3617 errorem
437 3557 622 3628 addiderunt,
643 3557 811 3626 mitiusque
822 3550 892 3606 deos
907 3549 971 3604 sine
986 3549 1076 3602 simu-

25 3637 106 3698 lacris
119 3652 245 3700 veteres
261 3640 435 3698 observasse
448 3635 616 3698 Romanosl
629 3637 671 3696 lli
684 3638 762 3694 enim
774 3634 828 3690 tibi
842 3631 963 3688 fuerunt
976 3638 1076 3686 aueto-

26 3737 80 3796 tes,
101 3735 138 3782 ut
152 3725 233 3782 haee
247 3733 353 3782 eontra
365 3725 543 3797 posteriores
557 3721 706 3780 Romanos
720 3718 819 3774 dioere
833 3713 964 3771 auderes.
1001 3711 1076 3785 Nam

25 3807 45 3856 si
58 3817 87 3862 et
97 3811 145 3864 illi
160 3808 370 3884 antiquissimi
382 3808 541 3864 simulacra
554 3807 747 3942 coluissent,N
742 3799 875 3938 fqrtassis
885 3805 981 3854 totum
989 3798 1075 3854 istum
