2576 4396
235 213 296 270 304
461 203 560 264 DlVl
580 201 765 260 svaran
789 197 1045 258 AVGVSTINI

235 364 327 420 tribus
340 355 546 436 principalibus
560 356 731 413 substantiis
745 353 887 428 disputat,
902 352 1015 408 animae
1029 358 1164 407 naturam
1178 353 1259 409 etiam

236 449 291 502 iste
303 445 394 502 vellet
406 441 550 518 intelligi,
576 458 637 496 non
649 439 749 513 utique
764 437 877 492 diceret
888 435 994 492 horum
1005 433 1147 505 medium,
1166 433 1196 490 id
1210 445 1260 496 ast,

235 529 330 585 Patris
344 536 374 584 et
386 525 457 583 Filii
471 521 605 580 medium.
648 521 803 598 Postponit
820 522 925 595 quippe
935 518 1069 576 Plotinus
1082 519 1197 574 animae
1211 538 1261 575 na-

233 622 329 668 turam
345 619 468 685 paterno
487 607 663 663 intellectui:
689 606 746 662 iste
759 613 856 661 autem
871 621 937 658 oum
950 601 1023 658 dioit
1033 600 1178 674 medium,
1202 621 1260 658 non

234 695 401 770 postponit,
415 691 467 748 sed
479 691 648 764 interponit.
678 687 719 745 Et
731 689 868 745 nimirum
880 684 935 742 hoo
948 685 1025 742 dixit
1036 694 1070 741 ut
1082 687 1188 760 potuit,
1201 687 1261 742 sive

235 791 269 834 ut
281 779 391 847 voluit,
417 773 493 850 quod
506 791 560 829 nos
574 771 714 847 Spiritum
727 780 876 841 sanonum,
890 789 945 826 neo
958 769 1052 826 Patris
1065 777 1193 840 munim,
1208 788 1260 826 neo

234 861 304 918 Filii
324 869 454 929 tantum,
480 857 531 913 sed
547 858 701 931 utriusque
720 854 865 930 Spiritum
884 854 1017 910 dicimus.
1059 851 1173 908 Liberis
1186 855 1261 909 enini

235 944 332 1001 vorbis
344 945 504 1017 loquuntur
517 937 695 1016 philosophi,
708 958 763 996 neo
776 940 808 994 in
821 937 907 994 rebus
921 936 958 993 ad
970 935 1193 1014 intelligendum
1206 936 1274 998 dif-¹

234 1027 372 1084 fioillimis
386 1021 577 1082 offensionem
588 1024 793 1101 religiosarum
805 1022 921 1078 aurium
930 1021 1150 1094 pertimescunt.
1172 1017 1262 1075 Nobis

235 1120 333 1168 autem
345 1107 382 1165 ad
395 1116 504 1164 sertam
517 1109 651 1184 regulam
669 1107 753 1181 loqui
769 1105 813 1161 fas
828 1113 886 1175 est,
912 1122 950 1162 ne
970 1103 1124 1160 verborum
1145 1103 1263 1160 lieentia

235 1196 324 1250 etiam
334 1191 369 1248 de
379 1191 465 1248 rebus
476 1209 549 1268 quae
559 1189 605 1246 his
616 1188 831 1268 significantur,
845 1189 962 1263 impiam
972 1189 1078 1266 gignat
1088 1187 1262 1262 opinionem.

590 1340 711 1400 cul).
755 1338 906 1397 XXIV.

263 1441 367 1496 Dauno
377 1457 489 1510 seroque
501 1438 651 1509 principio,
670 1438 833 1508 quodsoium
845 1436 949 1506 [solam]
959 1445 1086 1490 naturam
1096 1435 1239 1490 homnem

582 1517 688 1580 purget
697 1517 778 1578 atque
790 1516 910 1561 resonat.

299 1617 360 1674 Nos
374 1619 472 1692 itaque
485 1615 527 1671 ita
540 1634 601 1672 non
615 1615 737 1672 dieirnus
751 1614 807 1672 duo
824 1616 874 1672 rel
892 1615 950 1672 tria
965 1615 1126 1690 principia,
1152 1633 1219 1672 eum
1230 1614 1261 1670 de

237 1703 301 1760 Deo
327 1702 488 1776 loquimur,
514 1699 591 1755 siout
611 1718 666 1756 neo
683 1698 756 1755 dnos
775 1699 845 1755 deos
864 1700 985 1756 veltres
998 1699 1082 1755 nobis
1096 1699 1209 1756 lieitum
1222 1707 1261 1754 est

236 1786 349 1842 dicere:
376 1783 506 1858 quamvis
520 1781 556 1838 de
569 1800 744 1858 unoquoque
757 1784 925 1858 loquentes,
944 1784 992 1840 vel
1006 1781 1041 1839 de
1054 1781 1157 1854 Patre,
1169 1784 1217 1838 rel
1229 1782 1260 1838 de

236 1869 327 1940 Filio,
352 1869 400 1925 rel
413 1866 449 1922 de
462 1864 705 1942 Spiritusanoto,
731 1867 820 1922 etiam
842 1865 991 1944 singulum
1013 1885 1154 1943 quemque
1172 1865 1261 1922 Deum

238 1971 302 2010 esse
315 1953 471 2022 fateamur3
497 1969 553 2007 neo
575 1949 703 2006 dieamus
721 1959 819 2006 tamen
840 1949 917 2026 quod
934 1949 1075 2007 haeretiei
1094 1947 1261 2019 Sabelliani,

238 2035 362 2094 eundem
379 2054 442 2092 esse
455 2032 589 2106 Patrem,
614 2035 665 2109 qui
677 2043 723 2090 est
735 2043 765 2090 et
777 2033 885 2105 Filius,
912 2042 943 2090 et
955 2033 1079 2092 eundem
1092 2051 1157 2089 esse
1171 2031 1261 2108 Spiri-

236 2131 298 2178 tum
310 2128 458 2190 sanotum,
469 2119 519 2193 qui
532 2127 577 2174 est
588 2117 675 2175 Pater
689 2127 719 2175 et
729 2117 840 2190 Filius3
854 2116 906 2174 sed
918 2116 1036 2174 Patrem
1049 2133 1113 2176 ssse
1128 2117 1198 2174 Filii
1210 2116 1261 2173 Pa·

236 2215 326 2275 trem,
352 2213 382 2259 et
393 2202 500 2259 Filium
512 2200 607 2258 Patris
619 2201 745 2272 Filium,
765 2210 795 2257 et
807 2201 902 2258 Patris
917 2211 947 2258 et
958 2201 1028 2259 Filii
1043 2199 1186 2276 Spiritum
1198 2220 1261 2258 sau-

237 2296 315 2344 etum
328 2305 383 2342 neo
395 2284 512 2342 Patrem
526 2303 590 2340 esse
603 2303 659 2340 nee
670 2283 786 2340 Filium.
829 2283 937 2343 Verum
959 2286 1057 2361 itaque
1079 2283 1190 2341 dietum
1209 2295 1262 2356 est,

236 2387 297 2426 non
315 2369 435 2447 pnrgari
453 2364 601 2424 hominem
618 2369 676 2424 nisi
693 2369 854 2444 prinoipio,
882 2371 1014 2444 quamvis
1026 2370 1180 2444 pluraliter
1191 2367 1262 2444 apud

236 2470 286 2508 eos
304 2453 365 2508 sint
382 2451 459 2508 diota
472 2453 624 2526 principia.

302 2535 389 2593 *Sed
407 2535 539 2594 subditus
553 2534 731 2613 Porphyrius
750 2535 858 2594 invidis
877 2537 1087 2613 potestatibus,
1114 2536 1261 2613 dequibus

236 2628 266 2676 et
279 2619 481 2691 erubescebat,
496 2627 525 2676 et
540 2639 588 2677 eas
602 2619 693 2676 libere
706 2619 884 2700 redarguere
897 2619 1085 2693 formidabat,
1108 2622 1207 2678 noluit
1219 2623 1262 2676 in·

235 2706 369 2783 telligere
382 2703 542 2760 Dominum
559 2703 706 2760 Christum
725 2722 789 2760 esse
806 2706 996 2780 principium,
1020 2706 1103 2761 ouius
1128 2705 1263 2761 incarna-

236 2789 318 2844 tione
342 2805 510 2865 purgamur.
552 2786 630 2843 Earn
642 2787 747 2862 quippe
760 2789 793 2844 in
806 2789 869 2864 ipsa
881 2805 969 2846 earne
985 2789 1155 2861 contemsit,
1181 2807 1265 2864 quam

234 2880 352 2945 propter
366 2869 541 2926 sacrificium
554 2878 672 2926 nostrae
684 2873 869 2949 purgationis
883 2873 1036 2944 assumsit3
1055 2891 1196 2951 magnum
1208 2875 1264 2929 sei-

235 2956 305 3010 lioet
317 2961 532 3009 sacramentum
545 2971 580 3010 ea
596 2954 731 3027 superbia
749 2973 810 3012 non
827 2956 1015 3034 intelligens,
1041 2974 1129 3032 quem
1147 2974 1201 3013 sna
1219 2959 1266 3012 illa

235 3035 400 3094 humilitate
414 3034 521 3094 deieoit
532 3053 620 3094 verus
637 3037 841 3116 benignusque
853 3038 1013 3112 Mediator,
1027 3041 1059 3096 in
1074 3058 1109 3097 ea
1121 3059 1154 3096 se
1167 3049 1266 3096 osten-

236 3120 307 3176 dens
321 3120 498 3176 mortalitate
515 3121 702 3193 mortalibus,
729 3140 815 3198 quam
831 3124 954 3202 maligui
966 3123 1143 3200 fallacesque
1156 3124 1266 3180 media-

235 3213 312 3260 tores
326 3220 386 3258 nou
400 3200 533 3262 habendo
546 3223 578 3260 se
590 3207 745 3280 superbius
760 3208 940 3278 extuderunt,
954 3208 1127 3282 miserisque
1139 3205 1266 3266 homini-

234 3288 287 3344 bus
300 3285 477 3343 adiutorium
488 3288 685 3365 deceptorium
694 3291 776 3347 velut
786 3291 965 3348 immortales
975 3290 1146 3348 mortalibus
1158 3293 1267 3367 promi-

235 3379 345 3428 serunt.
359 3369 458 3428 Bonus
472 3373 571 3449 itaque
583 3392 728 3449 verusque
739 3371 884 3431 Mediator
898 3374 1025 3432 ostendit
1036 3385 1192 3450 peecatum
1206 3394 1269 3431 esse

234 3456 358 3526 malum,
372 3473 433 3534 nop
448 3459 545 3513 earnis
558 3456 751 3514 substantiam
764 3459 811 3516 rel
824 3467 977 3530 naturam,
1004 3476 1077 3535 quae
1089 3477 1158 3516 oum
1172 3461 1269 3516 ιιιίιιιι

232 3537 359 3596 hominis
372 3548 403 3594 et
417 3542 527 3614 suspici
538 3542 603 3596 sine
615 3549 735 3614 peooato
747 3542 858 3616 potuit,
882 3550 912 3597 et
924 3539 1040 3614 haberi,
1065 3550 1095 3598 et
1107 3552 1208 3600 morte
1221 3543 1267 3598 de·

233 3624 317 3697 poni,
344 3623 422 3678 etin
437 3625 540 3680 melius
553 3625 772 3682 resurreetione
788 3627 910 3682 mutari:
937 3644 993 3682 nee
1016 3628 1110 3700 ipsam
1130 3637 1267 3694 mortem,

234 3707 365 3778 quamvis
380 3715 458 3762 esset
474 3725 569 3781 poena
587 3708 716 3778 peceati,
743 3725 830 3784 quam
844 3718 943 3766 tamen
956 3727 1010 3784 pro
1023 3709 1107 3767 nobis
1120 3711 1189 3767 sine
1200 3729 1268 3786 pee-

233 3797 299 3842 esto
313 3789 374 3861 ipse
386 3791 545 3862 persolvit,
559 3788 708 3864 peooando
722 3809 787 3850 esse
800 3792 965 3865 vitandem3
991 3793 1042 3850 sed
1053 3795 1169 3868 potius,
1184 3796 1213 3851 si
1226 3792 1267 3849 fa·

234 3870 327 3926 eultm
342 3869 436 3942 datur,
449 3891 501 3948 pro
515 3872 628 3928 iustitia
640 3874 851 3949 perferendam.
871 3875 939 3934 ldeo
953 3878 1032 3934 onim
1040 3879 1162 3934 solvere
1173 3877 1269 3954 potuit
