2530 4392
219 235 279 291 ³lll
449 227 545 286 DlVl
567 224 754 286 AVREhll
776 223 1029 283 AVGVSTlNl

223 387 317 444 serait
330 386 374 442 ei:
394 391 424 440 et
437 379 646 440 concertamini
661 375 856 456 [convertar],
871 389 901 436 et
912 377 1054 436 ridebitis
1070 381 1145 460 qaid
1156 384 1203 438 sit
1216 383 1249 438 ie

222 480 269 526 ter
283 469 390 525 iustum
403 475 433 524 et
446 467 591 544 iniquam,
616 475 646 522 et
659 466 738 522 inter
751 464 924 521 servientem
936 461 1001 519 Deo
1015 472 1045 520 et
1058 483 1125 520 eam
1139 467 1193 542 qai
1205 485 1248 521 nos

218 553 315 609 serait
328 552 371 607 ei:
388 547 467 620 Quia
480 567 545 606 eoos
556 547 618 606 dies
630 548 711 606 venit
725 548 834 604 ardens
846 547 925 603 sicat
938 545 1084 617 clibanus,
1099 559 1134 605 et
1147 549 1249 606 comis-

219 644 268 692 ret
282 652 340 704 eos,
355 643 384 690 et
397 643 485 690 erant
494 649 589 689 omnes
600 631 796 706 alienigenae,
810 641 840 688 st
852 631 984 688 universi
995 631 1191 707 paifacs'ant
1204 635 1248 688 isi

218 719 372 797 quitatem,
384 715 517 794 stipala:
531 726 561 773 et
574 715 730 772 succendet
742 729 790 771 eos
804 715 865 771 dies
878 715 1007 784 veniens,
1021 715 1099 772 dicit
1113 715 1248 773 Dosss'ssss

219 803 415 880 omnipotente:
438 808 468 856 st
480 817 537 856 aon
551 799 734 876 relinquetur
748 799 778 854 in
793 799 835 855 eis
849 798 950 867 radia,
964 817 1056 874 neque
1070 817 1187 856 ramas.
1217 799 1248 854 te

219 885 335 941 oristas·
346 883 442 952 vobis,
456 883 507 959 qai
519 884 630 942 timetis
642 899 743 938 nomen
757 897 859 951 meam,
872 880 916 937 sal
927 881 1078 952 institiae,
1092 893 1124 939 et
1138 885 1247 939 sanim

218 969 250 1024 in
256 967 366 1045 pennis
380 967 457 1040 cias,·
480 975 510 1022 et
522 966 722 1042 egrediemini,
737 974 769 1022 et·
779 964 895 1021 salietis
908 967 987 1022 sicat
998 965 1096 1022 vituli
1108 967 1148 1024 de
1158 969 1248 1022 cisoa

219 1051 256 1106 lis
269 1049 418 1108 relaxati:
433 1058 463 1106 et
476 1049 684 1106 conculcabitis
694 1049 818 1125 iniquos,
832 1058 861 1104 et
874 1058 961 1106 erant
974 1049 1052 1104 ainis
1065 1049 1122 1106 aab
1128 1049 1247 1146 peds'dss

219 1135 340 1205 cestris,
356 1133 432 1190 dicit
445 1131 589 1190 Dominus
603 1134 789 1211 amnspotens.
808 1129 890 1188 Haec
902 1132 1043 1188 distantia
1055 1135 1247 1207 praemiorum

220 1227 309 1293 etque
322 1233 480 1292 poenarum
494 1218 586 1272 iustos
600 1215 738 1272 dirimens
752 1216 787 1272 ab
801 1217 934 1288 iniustis,
961 1233 1036 1291 quae
1049 1217 1105 1273 sub
1119 1219 1179 1272 isto
1192 1219 1245 1272 sols

221 1304 253 1358 in
267 1300 351 1358 huius
364 1301 442 1357 ritae
455 1302 587 1358 vanitate
600 1317 661 1356 non
674 1301 814 1370 cernitur,
829 1299 942 1374 quando
957 1299 1011 1356 sub
1024 1301 1077 1356 illo
1092 1303 1158 1357 sole
1171 1302 1245 1356 iusti-

221 1388 279 1442 tiae
293 1386 325 1440 in
338 1386 415 1441 illius
429 1387 508 1442 vitae
521 1383 756 1440 manifestatione
777 1381 912 1454 clarebit,
939 1393 1010 1439 tunc
1033 1384 1174 1458 proiecto
1198 1387 1244 1440 erit

220 1467 360 1526 iudicium
373 1470 457 1543 quale
471 1485 620 1544 nunquam
632 1469 697 1524 fuit.

217 1716 262 1768 De
279 1720 336 1786 lege
352 1713 439 1786 Moysi
457 1715 620 1784 spiritaliter
639 1715 826 1786 intelligendo,
843 1733 876 1768 ne
890 1715 919 1768 iss
933 1715 1100 1770 damnabilia
1116 1735 1242 1771 msssssss

550 1785 668 1838 carnalis
679 1801 769 1838 sensas
778 1786 911 1840 incurrat.

282 1891 366 1961 Quod
378 1909 448 1949 vero
462 1891 613 1971 subiungit
625 1891 702 1948 idom
715 1891 869 1968 Propheta,
880 1892 1057 1952 Mementote
1070 1897 1148 1974 legis
1157 1895 1245 1971 Moysi

218 1980 299 2037 servi
310 1977 376 2048 mei,
390 1995 476 2054 qaam
489 1979 629 2035 mandavi
642 1978 670 2034 ιι·
683 1979 714 2034 in
730 1975 841 2036 Choreb
854 1979 896 2036 ad
906 1997 1014 2035 omnem
1029 1975 1150 2038 Israel:
1168 1999 1242 2056 prae-

220 2071 303 2137 cepta
317 2071 348 2117 ct
360 2059 467 2117 iudicia
481 2069 643 2136 opportune
665 2071 884 2134 commemorat,
909 2071 976 2137 post
993 2061 1178 2122 declaratum
1193 2075 1241 2120 tan

219 2165 356 2225 magnum
373 2143 505 2202 futurum
523 2147 602 2202 inter
615 2145 814 2202 observatores
829 2147 902 2224 legis
916 2153 1176 2228 contemtoresque
1192 2148 1240 2204 dis-

219 2233 343 2302 crinren3
363 2231 449 2285 simul
463 2230 552 2285 etiam
565 2239 598 2286 ut
610 2229 726 2284 discant
737 2231 832 2307 legem
845 2231 1015 2305 spiritaliter
1028 2232 1207 2312 intelligere,
1219 2243 1242 2286 et

218 2316 372 2370 inveniant
384 2315 415 2369 iu
430 2331 464 2369 ea
478 2311 638 2384 Christum,
663 2329 813 2388 perquam
831 2312 955 2370 iudicem
968 2311 1107 2373 facienda
1120 2327 1167 2374 est
1177 2320 1241 2373 iuter

217 2397 310 2452 bonos
325 2406 355 2452 et
367 2397 458 2452 malos
474 2399 536 2474 ipsa
549 2395 696 2454 discretio.
718 2396 785 2453 Non
800 2399 878 2453 enim
891 2396 999 2454 frustm
1012 2397 1095 2456 idem
1108 2399 1240 2457 Dominus

218 2481 260 2536 ait
272 2478 397 2552 ludaeis,
410 2477 447 2538 Si
458 2482 620 2538 crederetis
632 2477 737 2556 Moysi,
751 2483 913 2540 crederetis
926 2491 955 2540 et
968 2480 1056 2557 mibi,·
1070 2484 1108 2541 de
1120 2505 1166 2542 me
1178 2485 1238 2542 enin

218 2563 267 2622 ille
280 2561 872 2644 sertpsts.(1srnstiterquippeaccipiendo
885 2567 991 2646 legem,
1005 2575 1036 2621 ct
1050 2569 1116 2624 eius
1127 2569 1236 2643 pronis·

218 2667 251 2704 sa
272 2657 390 2706 terrena
412 2665 513 2705 rerum
535 2649 704 2704 coelestium
727 2647 838 2726 figuras
861 2663 924 2705 esse
947 2650 1127 2722 nescientes,
1151 2655 1182 2709 in
1200 2653 1237 2707 ills

217 2751 365 2789 murmura
378 2741 566 2802 corruerunt,
585 2741 619 2788 ot
631 2731 727 2788 dicere
736 2732 892 2804 auderent,
920 2731 1017 2790 ls'aaas
1032 2745 1080 2791 est
1094 2740 1147 2812 qai
1159 2738 1236 2793 emt

218 2815 298 2874 Deo:
313 2827 343 2873 et
355 2817 426 2894 qaid
434 2816 571 2896 amplius,
585 2817 655 2894 pain
668 2816 876 2874 custodivimus
888 2818 1031 2874 mndata
1045 2820 1123 2892 cias,
1140 2832 1169 2878 et
1183 2821 1236 2897 pris

217 2899 427 2957 ambulavimus
444 2899 589 2978 supplices
610 2895 787 2979 [simplices]
808 2909 878 2957 ante
889 2900 1007 2973 faciem
1022 2899 1150 2960 Domini
1162 2904 1235 2961 osrsi·

213 2978 363 3059 potentis?
387 2980 428 3038 m
440 2999 516 3038 nanc
529 2999 581 3038 nos
594 2982 694 3040 beatos
709 2983 831 3040 dicimus
850 2984 977 3056 alienos,
997 2993 1028 3044 et
1047 2987 1236 3060 aeds‘ficantrr

217 3080 314 3120 omnes
332 3066 383 3140 pai
396 3064 524 3135 faciam
543 3066 739 3142 iniquitatem.
775 3067 886 3135 Quibus
900 3085 999 3127 eoram
1011 3069 1114 3126 verbis
1127 3071 1236 3147 quadan

216 3145 301 3203 rnodo
321 3145 465 3221 Propheta
486 3150 649 3223 compulsus
670 3159 715 3207 est
738 3152 928 3209 novissimum
945 3155 1159 3227 praenuntiare
1176 3153 1236 3211 indi·

218 3233 305 3303 cium,
320 3231 368 3288 ubi
380 3233 449 3287 mali
461 3250 517 3288 nec
530 3234 632 3288 saltem
645 3234 719 3291 falso
732 3235 792 3291 sint
802 3235 890 3307 beati,
904 3235 955 3291 sed
965 3239 1152 3312 apertissime
1165 3255 1235 3313 appr·

216 3325 302 3372 reant
321 3316 490 3387 miserrimi3
516 3325 547 3371 et
559 3316 628 3372 boni
648 3320 728 3374 nulla
746 3320 896 3394 temporali
915 3321 1015 3375 saltem
1035 3322 1159 3379 miseria
1170 3321 1234 3379 lsba·

215 3410 292 3471 rent,
307 3398 357 3457 sed
372 3401 450 3456 clara
463 3417 497 3455 ac
511 3401 688 3474 sempiterna
702 3400 882 3458 beatitudine
895 3402 1093 3476 perfruantur.
1123 3405 1233 3463 Dixerat

153 3483 156 3490 '
217 3486 323 3560 quippe
337 3485 461 3540 istorum
474 3484 544 3540 talia
555 3485 695 3558 quaedam
708 3485 797 3541 rerba
814 3487 902 3541 etiarn
921 3487 1053 3560 superius
1073 3487 1230 3548 dicentirs.

218 3564 320 3624 Omnis
334 3568 477 3644 qaifacit
490 3566 607 3638 malam,
621 3567 710 3625 bonas
725 3579 769 3626 est
781 3571 812 3625 in
826 3579 982 3646 conspecta
996 3568 1136 3645 Domini,
1159 3585 1185 3631 et
1195 3583 1227 3626 ts·

215 3650 257 3706 les
269 3651 435 3727 eiplacent.
458 3649 501 3706 Ad
514 3647 595 3722 haec,
616 3652 744 3726 inquam,
759 3661 861 3710 eontra
873 3651 969 3708 Deum
981 3671 1134 3714 murmura
1145 3672 1228 3732 perst-

216 3741 341 3802 nerunt,
367 3735 462 3810 legem
482 3732 576 3810 Moysi
595 3736 752 3792 carnaliter
774 3733 952 3812 accipiendo.
985 3733 1072 3793 Vnde
1093 3751 1125 3797 et
1145 3739 1228 3796 ilicis

211 3811 330 3896 ⁴l’salmo
339 3818 551 3894 septuagesimo
561 3817 698 3889 secundo,
711 3837 786 3894 pene
799 3829 955 3877 commotos
967 3819 1041 3877 dicit
1054 3821 1146 3880 fuisse
1158 3823 1229 3898 pedet

215 3911 293 3965 suos,
308 3905 337 3949 et
349 3893 456 3954 effusos
469 3918 586 3976 gressus
600 3921 683 3973 suos,
703 3905 803 3979 utique
816 3905 848 3960 in
861 3905 987 3980 lapsum,
1010 3907 1080 3980 quis
1093 3909 1194 3964 scierit
1204 3907 1226 3960 is
