2586 4396
236 207 276 272 50
465 194 560 254 DlVi
581 189 764 250 AVRELH
784 187 1040 250 Avovstlnl

238 376 298 416 non
311 362 454 421 mortuus,
477 346 528 403 scd
540 343 617 421 quod
630 341 694 400 Deo
707 343 847 417 placuerit
860 342 1020 398 translatus
1034 357 1098 398 esse
1112 353 1258 416 narratur,

238 423 336 498 eadem
349 433 528 490 dissonantia
541 438 601 499 est,
615 427 731 503 quaein
745 425 940 501 superioribus
954 425 1083 500 quinque
1096 425 1131 482 de
1144 437 1260 484 centurn

236 522 321 579 annis
336 527 403 576 ante
418 534 504 591 quam
515 515 652 592 gigneret
661 529 728 568 eum
737 511 787 585 qui
799 509 840 566 ihi
850 517 1090 567 commemoratus
1099 509 1259 567 estiilium:

236 615 323 679 atque
335 603 377 658 ito
389 601 420 656 in
429 616 538 655 sunrma
548 596 650 652 similis
664 595 862 651 consonantia.
887 590 971 647 Vixit
983 594 1062 649 enirn
1073 609 1173 664 annos,
1186 605 1259 650 ante

236 705 323 763 quam
336 682 561 752 nansierretur,
577 678 735 735 secundum
744 687 882 753 utrosque
896 675 1012 732 codices
1024 692 1147 734 cccuxv.
1168 675 1259 734 oeta-

235 769 437 848 regeneratio
450 763 537 821 hahet
549 761 664 840 quidem
677 762 847 818 nonnullam
864 759 1077 832 diversitatem,
1103 760 1155 816 sed
1166 762 1259 817 mino·

235 873 313 925 rem,
327 871 360 908 ec
371 850 540 906 dissimilem
551 847 681 902 caeteris.
723 843 914 902 Mathusalem
926 845 1048 919 quippe,
1060 861 1147 919 quem
1160 847 1258 923 genuit

227 933 355 1006 Enoch,
381 942 449 990 ente
466 950 553 1008 quam
569 931 705 1008 gigneret
722 947 788 985 eum
806 930 855 1003 qui
874 929 905 984 in
924 928 986 1002 ipso
1000 927 1102 984 ordine
1116 930 1256 1004 sequitur,

236 1017 392 1075 secuudum
405 1014 553 1072 Hebraeos
568 1031 628 1070 non
642 1021 758 1069 centum
770 1012 881 1082 minus,
896 1009 946 1067 sed
959 1012 1065 1089 viginti
1079 1013 1202 1086 amplius
1216 1014 1256 1067 ri-

236 1104 281 1158 xit
295 1119 400 1158 annos:
427 1100 476 1175 qui
488 1116 588 1155 rursus
601 1099 633 1154 in
646 1097 754 1152 nostris
766 1104 867 1169 postea
880 1112 964 1169 qoam
982 1113 1047 1150 eum
1065 1097 1188 1172 genuit,
1211 1115 1256 1151 re

236 1188 389 1262 potiuntur
402 1183 502 1254 additi,
518 1190 546 1238 ct
558 1183 589 1238 in
601 1182 732 1255 utrisque
746 1179 802 1236 sihi
814 1196 925 1235 summa
938 1179 1068 1234 universi
1082 1180 1194 1234 numeri
1208 1197 1256 1234 oc-

237 1271 337 1328 currit.
363 1267 398 1324 In
412 1268 565 1324 solatione
578 1265 783 1344 generatione,
803 1262 833 1318 id
847 1271 906 1332 est,
925 1263 957 1318 iu
970 1263 1055 1318 annis
1071 1259 1190 1320 Lamech
1202 1262 1256 1317 filii

236 1352 444 1422 Mathusalem,
468 1353 558 1426 patris
572 1359 669 1405 autem
681 1345 760 1418 Nos,
787 1363 897 1402 ιιιιιιιιιι
922 1347 1123 1402 universitatis
1148 1345 1255 1402 discre-

236 1447 301 1513 ραι,
327 1435 379 1494 aad
398 1453 457 1492 non
476 1436 638 1510 plurimum.
681 1429 795 1509 Viginti
812 1431 889 1486 enim
907 1437 937 1484 et
953 1438 1077 1504 quatuor
1090 1447 1184 1486 annos
1197 1431 1255 1504 plus

237 1522 348 1578 vixisse
360 1521 392 1575 in
405 1517 562 1587 Hebraeis,
576 1534 662 1591 quam
673 1516 705 1570 in
721 1514 830 1571 nostris
844 1511 989 1570 codicibus
1002 1513 1161 1570 invenitur.
1187 1512 1255 1569 Nam

238 1613 306 1660 ante
328 1620 415 1678 quam
437 1601 573 1678 gigneret
595 1599 702 1670 hlium,
728 1599 778 1673 qui
795 1605 916 1654 vocatus
930 1605 976 1652 est
989 1595 1067 1668 Noe,
1092 1613 1147 1652 sex
1163 1598 1254 1652 minus

237 1685 324 1742 hahet
335 1686 368 1741 iu
382 1683 522 1740 Hebraeis
536 1699 622 1756 quarn
634 1682 667 1738 in
680 1683 803 1738 ιιοιιιίιι
828 1689 928 1755 postea
945 1698 1016 1737 vero
1030 1697 1114 1756 quam
1128 1699 1195 1736 eum
1208 1699 1254 1758 ge·

240 1770 318 1839 nuit,
344 1769 469 1845 triginta
487 1766 607 1840 amplius
625 1765 657 1820 in
675 1763 789 1846 eisdem
803 1781 888 1840 quam
905 1765 937 1820 in
951 1765 1068 1820 uostris.
1111 1762 1194 1820 Vnde
1209 1781 1254 1818 ιιι

239 1853 296 1908 illis
310 1851 465 1926 detractis,
485 1857 597 1905 restant
611 1862 701 1904 xxiv.
715 1857 748 1903 ut
761 1846 868 1904 dictum
881 1856 933 1904 ιιι.

583 1997 759 2056 Ἰ(ἷΑΡ.
795 1995 863 2054 xl.

240 2097 281 2151 Dc
290 2099 368 2152 annis
380 2096 561 2150 Mathusalem
567 2095 747 2218 ‚cuimtaetar
757 2094 958 2216 qrqatuordecim
968 2093 1045 2148 annis
1056 2094 1185 2148 dilucium
1196 2094 1247 2145 cide

671 2183 704 2218 ur
719 2182 781 2219 exce
799 2182 851 2218 ere.

301 2272 357 2329 Per
374 2272 449 2330 hanc
468 2281 565 2328 autem
583 2271 806 2347 discrepantiam
817 2270 1018 2328 Hebraeorum
1030 2271 1166 2330 codicum
1178 2283 1256 2349 atqm

240 2365 424 2427 normarum,
438 2356 570 2412 exoritur
581 2356 631 2410 ilia
643 2354 835 2412 famosissima
848 2356 994 2430 quaestio,
1007 2356 1058 2412 uhi
1069 2355 1256 2414 Mathusalen

239 2439 456 2517 quatuordecim
473 2455 565 2506 annos
583 2439 695 2496 vixisse
711 2447 778 2513 post
794 2436 933 2496 diluvium
951 2448 1150 2514 computatur,
1178 2459 1256 2517 quun

239 2523 390 2598 Scriptura
403 2541 441 2579 ex
454 2523 589 2580 omnihus
602 2521 654 2597 'qui
667 2525 699 2580 in
711 2530 791 2578 terra
802 2531 873 2579 tunc
885 2521 1013 2595 fuerant,
1039 2524 1115 2580 solos
1131 2535 1200 2582 octo
1212 2524 1255 2580 hc.

239 2609 332 2665 mines
345 2609 378 2664 in
391 2625 460 2666 arca
472 2607 594 2664 exitium
612 2615 850 2664 commemoraret
867 2607 994 2665 erasisse
1011 2605 1128 2680 diluvii,
1155 2611 1189 2666 in
1200 2610 1257 2683 qui-

242 2692 294 2748 hus
307 2690 498 2750 Mathusalem
519 2709 579 2748 non
605 2689 669 2747 suit.
709 2688 874 2748 Secundum
896 2689 1112 2747 codices·enim
1137 2703 1258 2760 nostros,

239 2773 430 2832 Mathusalem
447 2776 527 2850 prius
541 2791 626 2849 quam
638 2775 775 2852 gigneret
791 2774 887 2845 illum,
903 2792 989 2849 quem
1000 2776 1116 2832 vocarit
1128 2774 1259 2844 Lamech,

240 2859 315 2914 vixit
339 2875 433 2914 annos
460 2865 576 2913 centum
598 2859 752 2934 sexaginta
777 2866 901 2933 septam:
927 2856 1031 2914 deinde
1049 2859 1112 2934 ipse
1130 2857 1260 2926 Lamech,

240 2949 308 2996 ante
327 2957 413 3014 quam
432 2958 470 2996 ex
488 2941 539 2995 illo
557 2947 643 2994 natus
662 2950 739 3006 esset
751 2937 830 3013 Not,
855 2942 931 2998 vixit
948 2959 1040 2998 anuos
1053 2951 1166 3000 centum
1178 2953 1261 2996 octo-

241 3024 325 3100 ginta
338 3031 420 3095 octo,
434 3023 483 3098 qui
495 3022 580 3077 simul
592 3021 667 3079 fiunt
678 3026 803 3086 trecenti
816 3025 1027 3102 quinquaginta
1041 3028 1173 3101 quinque.
1204 3022 1260 3080 His

240 3105 387 3162 adduntur
400 3106 533 3162 sexcenti
548 3103 627 3177 Noe,
653 3116 741 3182 quoto
760 3109 822 3164 eius
841 3125 918 3166 auno
932 3109 1073 3166 didus-ium
1086 3109 1192 3166 factum
1206 3119 1260 3164 est:

240 3190 289 3264 qui
302 3188 376 3246 fiunt
393 3190 537 3268 nongenti
555 3191 768 3270 quinquaginta
784 3192 929 3268 quinque,
956 3209 993 3248 ex
1006 3210 1061 3268 quo
1074 3191 1261 3250 Mathussiem

240 3281 325 3330 natus
349 3283 394 3330 est
416 3291 505 3350 usque
527 3273 564 3331 ed
587 3293 695 3332 annum
717 3273 826 3332 diluvii.
865 3274 974 3332 Omnes
993 3275 1260 3334 autemanuiritae

239 3355 431 3414 Mathusalem
456 3361 601 3437 nongenti
632 3359 916 3438 sexagintanovem
942 3368 1162 3434 computantur:
1200 3359 1261 3434 quia

239 3459 329 3516 quum
348 3443 473 3499 vixisset
491 3461 584 3500 annos
604 3452 722 3498 centum
743 3443 896 3520 sexaginta
919 3452 1045 3518 septem,
1072 3454 1103 3500 et
1115 3445 1261 3522 genuisset

238 3524 344 3595 filium,
363 3527 414 3600 qui
426 3535 472 3582 eet
484 3527 643 3600 appellatus
657 3524 795 3597 Lamech,
821 3535 887 3600 post
900 3545 967 3584 eum
979 3528 1112 3605 genitum
1123 3529 1203 3585 vixit
1215 3544 1260 3582 ιιι-

240 3626 293 3664 nos
307 3610 494 3686 octingentos
506 3607 596 3666 duos:
622 3610 671 3683 qui
684 3625 799 3681 omnes,
818 3618 852 3666 ut
864 3608 1008 3681 diximus,
1021 3613 1171 3690 nongenti
1182 3626 1261 3666 sexe-

240 3690 324 3764 giuta
345 3709 449 3748 norem
473 3691 557 3748 fiunt.
600 3689 682 3746 Vnde
708 3692 844 3750 detractis
869 3695 1026 3772 nongentis
1052 3695 1261 3772 quinquaginta

240 3770 369 3844 quinque
382 3774 417 3828 ah
431 3784 498 3830 ortu
511 3773 701 3832 Mathusaiern
713 3794 804 3851 usque
816 3774 853 3832 ad
863 3776 1015 3849 diluvium,
1028 3788 1185 3836 remanent
1197 3793 1261 3851 qus·

241 3851 421 3924 tuordecim,
446 3856 550 3930 quihus
573 3859 683 3914 vixisse
711 3858 840 3916 creditur
859 3871 926 3934 post
949 3861 1097 3918 diluvium.
1143 3859 1272 3935 Propter}
