<?xml version="1.0" encoding="UTF-8"?>
<!DOCTYPE html PUBLIC "-//W3C//DTD XHTML 1.0 Transitional//EN"
    "http://www.w3.org/TR/xhtml1/DTD/xhtml1-transitional.dtd">
<html xmlns="http://www.w3.org/1999/xhtml" xml:lang="en" lang="en">
 <head>
  <title>
</title>
<meta http-equiv="Content-Type" content="text/html;charset=utf-8" />
  <meta name='ocr-system' content='tesseract 3.04.00' />
  <meta name='ocr-capabilities' content='ocr_page ocr_carea ocr_par ocr_line ocrx_word'/>
</head>
<body>
  <div class='ocr_page' id='page_1' title='image "./saureliiaugusti02augugoog_0829.png"; bbox 0 0 2510 4404; ppageno 0'>
   <div class='ocr_carea' id='block_1_1' title="bbox 212 201 1023 298">
    <p class='ocr_par' dir='ltr' id='par_1_1' title="bbox 212 201 1023 298">
     <span class='ocr_line' id='line_1_1' title="bbox 212 201 1023 298; baseline -0.015 0"><span class='ocrx_word' id='word_1_1' title='bbox 212 243 272 298; x_wconf 81' lang='lat' dir='ltr'><strong>sm</strong></span> <span class='ocrx_word' id='word_1_2' title='bbox 437 230 534 292; x_wconf 79' lang='lat' dir='ltr'><strong>orvi</strong></span> <span class='ocrx_word' id='word_1_3' title='bbox 557 229 744 288; x_wconf 72' lang='lat' dir='ltr'><strong>sverin</strong></span> <span class='ocrx_word' id='word_1_4' title='bbox 766 201 1023 288; x_wconf 81' lang='lat' dir='ltr'><strong>nvovsrml</strong></span> 
     </span>
    </p>
   </div>
   <div class='ocr_carea' id='block_1_2' title="bbox 137 381 1245 3980">
    <p class='ocr_par' dir='ltr' id='par_1_2' title="bbox 137 381 1245 3980">
     <span class='ocr_line' id='line_1_2' title="bbox 213 381 1227 467; baseline -0.008 -19"><span class='ocrx_word' id='word_1_5' title='bbox 213 389 343 467; x_wconf 80' lang='lat' dir='ltr'><strong>intelligi</strong></span> <span class='ocrx_word' id='word_1_6' title='bbox 365 388 397 444; x_wconf 87' lang='lat' dir='ltr'><strong>in.</strong></span> <span class='ocrx_word' id='word_1_7' title='bbox 420 384 586 442; x_wconf 87' lang='lat' dir='ltr'><strong>conditione</strong></span> <span class='ocrx_word' id='word_1_8' title='bbox 612 384 740 456; x_wconf 87' lang='lat' dir='ltr'><strong>corporis</strong></span> <span class='ocrx_word' id='word_1_9' title='bbox 764 381 938 460; x_wconf 88' lang='lat' dir='ltr'><strong>dignitatem</strong></span> <span class='ocrx_word' id='word_1_10' title='bbox 960 383 1148 440; x_wconf 71' lang='lat' dir='ltr'><strong>necessitati</strong></span> <span class='ocrx_word' id='word_1_11' title='bbox 1170 381 1227 440; x_wconf 80' lang='lat' dir='ltr'><strong>ioiss</strong></span> 
     </span>
     <span class='ocr_line' id='line_1_3' title="bbox 211 467 1228 552; baseline -0.007 -22"><span class='ocrx_word' id='word_1_12' title='bbox 211 475 378 552; x_wconf 87' lang='lat' dir='ltr'><strong>praelatam.</strong></span> <span class='ocrx_word' id='word_1_13' title='bbox 407 468 583 526; x_wconf 88' lang='lat' dir='ltr'><strong>Transitura</strong></span> <span class='ocrx_word' id='word_1_14' title='bbox 595 478 641 524; x_wconf 89' lang='lat' dir='ltr'><strong>est</strong></span> <span class='ocrx_word' id='word_1_15' title='bbox 653 467 757 542; x_wconf 84' lang='lat' dir='ltr'><strong>quippe</strong></span> <span class='ocrx_word' id='word_1_16' title='bbox 769 467 939 538; x_wconf 76' lang='lat' dir='ltr'><strong>necessitas,</strong></span> <span class='ocrx_word' id='word_1_17' title='bbox 953 475 1142 542; x_wconf 84' lang='lat' dir='ltr'><strong>tempusque</strong></span> <span class='ocrx_word' id='word_1_18' title='bbox 1157 487 1228 523; x_wconf 82' lang='lat' dir='ltr'><strong>vem</strong></span> 
     </span>
     <span class='ocr_line' id='line_1_4' title="bbox 213 548 1228 632; baseline -0.008 -18"><span class='ocrx_word' id='word_1_19' title='bbox 213 575 279 614; x_wconf 89' lang='lat' dir='ltr'><strong>rum</strong></span> <span class='ocrx_word' id='word_1_20' title='bbox 298 554 413 632; x_wconf 88' lang='lat' dir='ltr'><strong>quando</strong></span> <span class='ocrx_word' id='word_1_21' title='bbox 432 553 493 608; x_wconf 86' lang='lat' dir='ltr'><strong>sola</strong></span> <span class='ocrx_word' id='word_1_22' title='bbox 513 553 640 609; x_wconf 84' lang='lat' dir='ltr'><strong>invicem</strong></span> <span class='ocrx_word' id='word_1_23' title='bbox 658 548 873 625; x_wconf 88' lang='lat' dir='ltr'><strong>pulchritudine</strong></span> <span class='ocrx_word' id='word_1_24' title='bbox 892 552 958 605; x_wconf 89' lang='lat' dir='ltr'><strong>sinc</strong></span> <span class='ocrx_word' id='word_1_25' title='bbox 971 551 1036 606; x_wconf 91' lang='lat' dir='ltr'><strong>ulla</strong></span> <span class='ocrx_word' id='word_1_26' title='bbox 1049 550 1182 606; x_wconf 83' lang='lat' dir='ltr'><strong>libidine</strong></span> <span class='ocrx_word' id='word_1_27' title='bbox 1193 569 1228 625; x_wconf 84' lang='lat' dir='ltr'><strong>po</strong></span> 
     </span>
     <span class='ocr_line' id='line_1_5' title="bbox 214 631 1232 713; baseline -0.006 -16"><span class='ocrx_word' id='word_1_28' title='bbox 214 640 360 697; x_wconf 84' lang='lat' dir='ltr'><strong>fruamur:</strong></span> <span class='ocrx_word' id='word_1_29' title='bbox 386 635 462 713; x_wconf 92' lang='lat' dir='ltr'><strong>quod</strong></span> <span class='ocrx_word' id='word_1_30' title='bbox 479 637 606 691; x_wconf 85' lang='lat' dir='ltr'><strong>maxime</strong></span> <span class='ocrx_word' id='word_1_31' title='bbox 627 633 664 690; x_wconf 90' lang='lat' dir='ltr'><strong>ad</strong></span> <span class='ocrx_word' id='word_1_32' title='bbox 682 631 795 689; x_wconf 85' lang='lat' dir='ltr'><strong>laudem</strong></span> <span class='ocrx_word' id='word_1_33' title='bbox 808 632 994 689; x_wconf 83' lang='lat' dir='ltr'><strong>referendum</strong></span> <span class='ocrx_word' id='word_1_34' title='bbox 1010 644 1060 690; x_wconf 89' lang='lat' dir='ltr'><strong>cst</strong></span> <span class='ocrx_word' id='word_1_35' title='bbox 1074 633 1232 691; x_wconf 87' lang='lat' dir='ltr'><strong>Conditor&#39;s</strong></span> 
     </span>
     <span class='ocr_line' id='line_1_6' title="bbox 216 717 1166 789; baseline -0.007 -8"><span class='ocrx_word' id='word_1_36' title='bbox 216 726 264 781; x_wconf 88' lang='lat' dir='ltr'><strong>cui</strong></span> <span class='ocrx_word' id='word_1_37' title='bbox 278 722 385 778; x_wconf 87' lang='lat' dir='ltr'><strong>dicitur</strong></span> <span class='ocrx_word' id='word_1_38' title='bbox 399 723 431 776; x_wconf 94' lang='lat' dir='ltr'><strong>in</strong></span> <span class='ocrx_word' id='word_1_39' title='bbox 443 718 572 776; x_wconf 78' lang='lat' dir='ltr'><strong>Psalmo:</strong></span> <span class='ocrx_word' id='word_1_40' title='bbox 589 717 809 789; x_wconf 69' lang='lat' dir='ltr'><strong>confessionem</strong></span> <span class='ocrx_word' id='word_1_41' title='bbox 824 727 854 774; x_wconf 87' lang='lat' dir='ltr'><strong>et</strong></span> <span class='ocrx_word' id='word_1_42' title='bbox 867 718 1001 774; x_wconf 82' lang='lat' dir='ltr'><strong>decorem</strong></span> <span class='ocrx_word' id='word_1_43' title='bbox 1016 719 1166 775; x_wconf 78' lang='lat' dir='ltr'><strong>induisti.</strong></span> 
     </span>
     <span class='ocr_line' id='line_1_7' title="bbox 257 800 1234 877; baseline -0.004 -14"><span class='ocrx_word' id='word_1_44' title='bbox 257 807 318 864; x_wconf 90' lang='lat' dir='ltr'><strong>lam</strong></span> <span class='ocrx_word' id='word_1_45' title='bbox 329 813 443 862; x_wconf 83' lang='lat' dir='ltr'><strong>caetere</strong></span> <span class='ocrx_word' id='word_1_46' title='bbox 454 801 636 877; x_wconf 83' lang='lat' dir='ltr'><strong>pulchritudo</strong></span> <span class='ocrx_word' id='word_1_47' title='bbox 648 811 677 858; x_wconf 91' lang='lat' dir='ltr'><strong>et</strong></span> <span class='ocrx_word' id='word_1_48' title='bbox 689 802 801 856; x_wconf 89' lang='lat' dir='ltr'><strong>utilitas</strong></span> <span class='ocrx_word' id='word_1_49' title='bbox 813 809 973 871; x_wconf 77' lang='lat' dir='ltr'><strong>creaturae,</strong></span> <span class='ocrx_word' id='word_1_50' title='bbox 987 819 1068 876; x_wconf 89' lang='lat' dir='ltr'><strong>quae</strong></span> <span class='ocrx_word' id='word_1_51' title='bbox 1082 800 1234 874; x_wconf 70' lang='lat' dir='ltr'><strong>hominii</strong></span> 
     </span>
     <span class='ocr_line' id='line_1_8' title="bbox 215 883 1233 960; baseline -0.007 -11"><span class='ocrx_word' id='word_1_52' title='bbox 215 901 262 949; x_wconf 91' lang='lat' dir='ltr'><strong>cet</strong></span> <span class='ocrx_word' id='word_1_53' title='bbox 274 893 306 946; x_wconf 90' lang='lat' dir='ltr'><strong>in</strong></span> <span class='ocrx_word' id='word_1_54' title='bbox 323 891 396 944; x_wconf 88' lang='lat' dir='ltr'><strong>istos</strong></span> <span class='ocrx_word' id='word_1_55' title='bbox 414 887 527 943; x_wconf 91' lang='lat' dir='ltr'><strong>labores</strong></span> <span class='ocrx_word' id='word_1_56' title='bbox 545 887 735 960; x_wconf 85' lang='lat' dir='ltr'><strong>miseriasque</strong></span> <span class='ocrx_word' id='word_1_57' title='bbox 752 885 880 959; x_wconf 87' lang='lat' dir='ltr'><strong>proiecto</strong></span> <span class='ocrx_word' id='word_1_58' title='bbox 900 893 988 959; x_wconf 86' lang='lat' dir='ltr'><strong>atquc</strong></span> <span class='ocrx_word' id='word_1_59' title='bbox 1007 883 1175 958; x_wconf 86' lang='lat' dir='ltr'><strong>damnato,</strong></span> <span class='ocrx_word' id='word_1_60' title='bbox 1195 905 1233 960; x_wconf 82' lang='lat' dir='ltr'><strong>sps</strong></span> 
     </span>
     <span class='ocr_line' id='line_1_9' title="bbox 216 969 1233 1047; baseline -0.009 -14"><span class='ocrx_word' id='word_1_61' title='bbox 216 973 320 1033; x_wconf 84' lang='lat' dir='ltr'><strong>ctanda</strong></span> <span class='ocrx_word' id='word_1_62' title='bbox 333 979 419 1047; x_wconf 87' lang='lat' dir='ltr'><strong>atque</strong></span> <span class='ocrx_word' id='word_1_63' title='bbox 432 969 574 1026; x_wconf 89' lang='lat' dir='ltr'><strong>sumenda</strong></span> <span class='ocrx_word' id='word_1_64' title='bbox 591 969 690 1026; x_wconf 89' lang='lat' dir='ltr'><strong>divina</strong></span> <span class='ocrx_word' id='word_1_65' title='bbox 708 969 845 1046; x_wconf 85' lang='lat' dir='ltr'><strong>largitate</strong></span> <span class='ocrx_word' id='word_1_66' title='bbox 865 986 1005 1024; x_wconf 85' lang='lat' dir='ltr'><strong>concessu</strong></span> <span class='ocrx_word' id='word_1_67' title='bbox 1027 979 1096 1040; x_wconf 89' lang='lat' dir='ltr'><strong>est,</strong></span> <span class='ocrx_word' id='word_1_68' title='bbox 1123 989 1181 1045; x_wconf 89' lang='lat' dir='ltr'><strong>quo</strong></span> <span class='ocrx_word' id='word_1_69' title='bbox 1197 989 1233 1024; x_wconf 83' lang='lat' dir='ltr'><strong>ses·</strong></span> 
     </span>
     <span class='ocr_line' id='line_1_10' title="bbox 215 1049 1235 1129; baseline -0.004 -16"><span class='ocrx_word' id='word_1_70' title='bbox 215 1075 300 1114; x_wconf 88' lang='lat' dir='ltr'><strong>mone</strong></span> <span class='ocrx_word' id='word_1_71' title='bbox 312 1057 465 1111; x_wconf 85' lang='lat' dir='ltr'><strong>terminari</strong></span> <span class='ocrx_word' id='word_1_72' title='bbox 478 1049 591 1129; x_wconf 81' lang='lat' dir='ltr'><strong>potestl</strong></span> <span class='ocrx_word' id='word_1_73' title='bbox 617 1055 648 1109; x_wconf 93' lang='lat' dir='ltr'><strong>in</strong></span> <span class='ocrx_word' id='word_1_74' title='bbox 670 1053 745 1107; x_wconf 90' lang='lat' dir='ltr'><strong>coeli</strong></span> <span class='ocrx_word' id='word_1_75' title='bbox 763 1062 793 1108; x_wconf 89' lang='lat' dir='ltr'><strong>et</strong></span> <span class='ocrx_word' id='word_1_76' title='bbox 811 1061 906 1108; x_wconf 89' lang='lat' dir='ltr'><strong>terrae</strong></span> <span class='ocrx_word' id='word_1_77' title='bbox 927 1061 957 1107; x_wconf 90' lang='lat' dir='ltr'><strong>et</strong></span> <span class='ocrx_word' id='word_1_78' title='bbox 975 1054 1071 1108; x_wconf 88' lang='lat' dir='ltr'><strong>maris</strong></span> <span class='ocrx_word' id='word_1_79' title='bbox 1087 1051 1235 1109; x_wconf 78' lang='lat' dir='ltr'><strong>multims</strong></span> 
     </span>
     <span class='ocr_line' id='line_1_11' title="bbox 217 1137 1234 1214; baseline -0.006 -16"><span class='ocrx_word' id='word_1_80' title='bbox 217 1150 247 1197; x_wconf 89' lang='lat' dir='ltr'><strong>et</strong></span> <span class='ocrx_word' id='word_1_81' title='bbox 258 1141 341 1197; x_wconf 85' lang='lat' dir='ltr'><strong>varis</strong></span> <span class='ocrx_word' id='word_1_82' title='bbox 353 1137 580 1214; x_wconf 86' lang='lat' dir='ltr'><strong>pulchritudine,</strong></span> <span class='ocrx_word' id='word_1_83' title='bbox 598 1139 630 1194; x_wconf 91' lang='lat' dir='ltr'><strong>in</strong></span> <span class='ocrx_word' id='word_1_84' title='bbox 644 1137 735 1211; x_wconf 90' lang='lat' dir='ltr'><strong>ipsius</strong></span> <span class='ocrx_word' id='word_1_85' title='bbox 747 1137 822 1192; x_wconf 90' lang='lat' dir='ltr'><strong>lucis</strong></span> <span class='ocrx_word' id='word_1_86' title='bbox 835 1143 919 1191; x_wconf 88' lang='lat' dir='ltr'><strong>tante</strong></span> <span class='ocrx_word' id='word_1_87' title='bbox 933 1137 1018 1208; x_wconf 87' lang='lat' dir='ltr'><strong>copia</strong></span> <span class='ocrx_word' id='word_1_88' title='bbox 1033 1146 1159 1212; x_wconf 89' lang='lat' dir='ltr'><strong>tamque</strong></span> <span class='ocrx_word' id='word_1_89' title='bbox 1172 1141 1234 1192; x_wconf 86' lang='lat' dir='ltr'><strong>min</strong></span> 
     </span>
     <span class='ocr_line' id='line_1_12' title="bbox 137 1219 1234 1299; baseline -0.005 -18"><span class='ocrx_word' id='word_1_90' title='bbox 137 1269 139 1274; x_wconf 90' lang='lat'><em>.</em></span> <span class='ocrx_word' id='word_1_91' title='bbox 214 1225 268 1281; x_wconf 95' lang='lat' dir='ltr'><strong>bili</strong></span> <span class='ocrx_word' id='word_1_92' title='bbox 280 1225 394 1299; x_wconf 85' lang='lat' dir='ltr'><strong>specie,</strong></span> <span class='ocrx_word' id='word_1_93' title='bbox 415 1225 447 1278; x_wconf 92' lang='lat' dir='ltr'><strong>in</strong></span> <span class='ocrx_word' id='word_1_94' title='bbox 461 1225 522 1278; x_wconf 89' lang='lat' dir='ltr'><strong>sole</strong></span> <span class='ocrx_word' id='word_1_95' title='bbox 535 1241 569 1278; x_wconf 86' lang='lat' dir='ltr'><strong>ac</strong></span> <span class='ocrx_word' id='word_1_96' title='bbox 583 1223 653 1278; x_wconf 90' lang='lat' dir='ltr'><strong>luna</strong></span> <span class='ocrx_word' id='word_1_97' title='bbox 668 1229 698 1276; x_wconf 89' lang='lat' dir='ltr'><strong>et</strong></span> <span class='ocrx_word' id='word_1_98' title='bbox 711 1219 864 1290; x_wconf 89' lang='lat' dir='ltr'><strong>sideribus,</strong></span> <span class='ocrx_word' id='word_1_99' title='bbox 878 1220 1079 1294; x_wconf 80' lang='lat' dir='ltr'><strong>opacitatibus</strong></span> <span class='ocrx_word' id='word_1_100' title='bbox 1096 1240 1234 1277; x_wconf 78' lang='lat' dir='ltr'><strong>nemoris</strong></span> 
     </span>
     <span class='ocr_line' id='line_1_13' title="bbox 216 1303 1235 1374; baseline -0.006 -9"><span class='ocrx_word' id='word_1_101' title='bbox 216 1311 249 1365; x_wconf 90' lang='lat' dir='ltr'><strong>in</strong></span> <span class='ocrx_word' id='word_1_102' title='bbox 264 1307 408 1364; x_wconf 89' lang='lat' dir='ltr'><strong>coloribus</strong></span> <span class='ocrx_word' id='word_1_103' title='bbox 422 1316 452 1362; x_wconf 92' lang='lat' dir='ltr'><strong>et</strong></span> <span class='ocrx_word' id='word_1_104' title='bbox 470 1305 606 1363; x_wconf 89' lang='lat' dir='ltr'><strong>odoribus</strong></span> <span class='ocrx_word' id='word_1_105' title='bbox 625 1303 745 1374; x_wconf 88' lang='lat' dir='ltr'><strong>florum,</strong></span> <span class='ocrx_word' id='word_1_106' title='bbox 769 1304 801 1359; x_wconf 89' lang='lat' dir='ltr'><strong>in</strong></span> <span class='ocrx_word' id='word_1_107' title='bbox 820 1303 991 1359; x_wconf 84' lang='lat' dir='ltr'><strong>diversitate</strong></span> <span class='ocrx_word' id='word_1_108' title='bbox 1010 1323 1047 1360; x_wconf 89' lang='lat' dir='ltr'><strong>ac</strong></span> <span class='ocrx_word' id='word_1_109' title='bbox 1068 1307 1235 1361; x_wconf 77' lang='lat' dir='ltr'><strong>multitudine</strong></span> 
     </span>
     <span class='ocr_line' id='line_1_14' title="bbox 217 1388 1243 1469; baseline -0.006 -19"><span class='ocrx_word' id='word_1_110' title='bbox 217 1395 367 1450; x_wconf 80' lang='lat' dir='ltr'><strong>voluerum</strong></span> <span class='ocrx_word' id='word_1_111' title='bbox 380 1392 566 1469; x_wconf 84' lang='lat' dir='ltr'><strong>garrularum</strong></span> <span class='ocrx_word' id='word_1_112' title='bbox 580 1398 666 1465; x_wconf 84' lang='lat' dir='ltr'><strong>atquo</strong></span> <span class='ocrx_word' id='word_1_113' title='bbox 679 1389 838 1464; x_wconf 89' lang='lat' dir='ltr'><strong>pictarum,</strong></span> <span class='ocrx_word' id='word_1_114' title='bbox 865 1389 897 1443; x_wconf 93' lang='lat' dir='ltr'><strong>in</strong></span> <span class='ocrx_word' id='word_1_115' title='bbox 910 1388 1092 1444; x_wconf 80' lang='lat' dir='ltr'><strong>multiformi</strong></span> <span class='ocrx_word' id='word_1_116' title='bbox 1108 1392 1202 1462; x_wconf 86' lang='lat' dir='ltr'><strong>specie</strong></span> <span class='ocrx_word' id='word_1_117' title='bbox 1212 1399 1243 1444; x_wconf 36' lang='lat' dir='ltr'><strong>ts*</strong></span> 
     </span>
     <span class='ocr_line' id='line_1_15' title="bbox 217 1466 1244 1550; baseline -0.003 -18"><span class='ocrx_word' id='word_1_118' title='bbox 217 1485 422 1550; x_wconf 86' lang='lat' dir='ltr'><strong>tantorumque</strong></span> <span class='ocrx_word' id='word_1_119' title='bbox 436 1475 639 1544; x_wconf 84' lang='lat' dir='ltr'><strong>animantium,</strong></span> <span class='ocrx_word' id='word_1_120' title='bbox 653 1489 776 1547; x_wconf 89' lang='lat' dir='ltr'><strong>quorum</strong></span> <span class='ocrx_word' id='word_1_121' title='bbox 784 1472 834 1526; x_wconf 91' lang='lat' dir='ltr'><strong>illa</strong></span> <span class='ocrx_word' id='word_1_122' title='bbox 846 1473 910 1544; x_wconf 90' lang='lat' dir='ltr'><strong>plus</strong></span> <span class='ocrx_word' id='word_1_123' title='bbox 917 1470 1028 1527; x_wconf 85' lang='lat' dir='ltr'><strong>babent</strong></span> <span class='ocrx_word' id='word_1_124' title='bbox 1043 1466 1244 1534; x_wconf 74' lang='lat' dir='ltr'><strong>admirationisl</strong></span> 
     </span>
     <span class='ocr_line' id='line_1_16' title="bbox 219 1553 1244 1636; baseline -0.002 -20"><span class='ocrx_word' id='word_1_125' title='bbox 219 1579 292 1636; x_wconf 84' lang='lat' dir='ltr'><strong>quae</strong></span> <span class='ocrx_word' id='word_1_126' title='bbox 305 1560 390 1621; x_wconf 88' lang='lat' dir='ltr'><strong>molis</strong></span> <span class='ocrx_word' id='word_1_127' title='bbox 406 1559 574 1616; x_wconf 86' lang='lat' dir='ltr'><strong>minimum:</strong></span> <span class='ocrx_word' id='word_1_128' title='bbox 602 1553 685 1634; x_wconf 83' lang='lat' dir='ltr'><strong>(Plus</strong></span> <span class='ocrx_word' id='word_1_129' title='bbox 704 1559 782 1612; x_wconf 90' lang='lat' dir='ltr'><strong>enim</strong></span> <span class='ocrx_word' id='word_1_130' title='bbox 801 1555 1020 1611; x_wconf 80' lang='lat' dir='ltr'><strong>formicularum</strong></span> <span class='ocrx_word' id='word_1_131' title='bbox 1035 1565 1069 1611; x_wconf 89' lang='lat' dir='ltr'><strong>et</strong></span> <span class='ocrx_word' id='word_1_132' title='bbox 1082 1559 1244 1631; x_wconf 53' lang='lat' dir='ltr'><strong>apiculam*</strong></span> 
     </span>
     <span class='ocr_line' id='line_1_17' title="bbox 219 1637 1245 1718; baseline -0.005 -19"><span class='ocrx_word' id='word_1_133' title='bbox 219 1661 307 1718; x_wconf 91' lang='lat' dir='ltr'><strong>opera</strong></span> <span class='ocrx_word' id='word_1_134' title='bbox 328 1651 492 1717; x_wconf 85' lang='lat' dir='ltr'><strong>stupemus,</strong></span> <span class='ocrx_word' id='word_1_135' title='bbox 520 1660 607 1716; x_wconf 88' lang='lat' dir='ltr'><strong>quam</strong></span> <span class='ocrx_word' id='word_1_136' title='bbox 624 1643 765 1696; x_wconf 89' lang='lat' dir='ltr'><strong>immensa</strong></span> <span class='ocrx_word' id='word_1_137' title='bbox 783 1658 902 1714; x_wconf 88' lang='lat' dir='ltr'><strong>corpora</strong></span> <span class='ocrx_word' id='word_1_138' title='bbox 920 1639 1113 1696; x_wconf 87' lang='lat' dir='ltr'><strong>ballenarum</strong></span> <span class='ocrx_word' id='word_1_139' title='bbox 1134 1637 1245 1716; x_wconf 51' lang='lat' dir='ltr'><strong>[balensg</strong></span> 
     </span>
     <span class='ocr_line' id='line_1_18' title="bbox 218 1717 1234 1803; baseline -0.005 -21"><span class='ocrx_word' id='word_1_140' title='bbox 218 1723 297 1799; x_wconf 87' lang='lat' dir='ltr'><strong>rum]</strong></span> <span class='ocrx_word' id='word_1_141' title='bbox 307 1717 328 1803; x_wconf 77' lang='grc' dir='ltr'><strong>ε)</strong></span> <span class='ocrx_word' id='word_1_142' title='bbox 343 1727 375 1780; x_wconf 92' lang='lat' dir='ltr'><strong>in</strong></span> <span class='ocrx_word' id='word_1_143' title='bbox 388 1727 481 1798; x_wconf 89' lang='lat' dir='ltr'><strong>ipsius</strong></span> <span class='ocrx_word' id='word_1_144' title='bbox 495 1741 609 1800; x_wconf 88' lang='lat' dir='ltr'><strong>quoque</strong></span> <span class='ocrx_word' id='word_1_145' title='bbox 621 1726 711 1780; x_wconf 87' lang='lat' dir='ltr'><strong>maris</strong></span> <span class='ocrx_word' id='word_1_146' title='bbox 725 1734 784 1781; x_wconf 85' lang='lat' dir='ltr'><strong>tam</strong></span> <span class='ocrx_word' id='word_1_147' title='bbox 798 1723 902 1801; x_wconf 86' lang='lat' dir='ltr'><strong>grandi</strong></span> <span class='ocrx_word' id='word_1_148' title='bbox 916 1726 1103 1798; x_wconf 85' lang='lat' dir='ltr'><strong>spectaculo,</strong></span> <span class='ocrx_word' id='word_1_149' title='bbox 1120 1745 1182 1781; x_wconf 88' lang='lat' dir='ltr'><strong>cum</strong></span> <span class='ocrx_word' id='word_1_150' title='bbox 1193 1741 1234 1778; x_wconf 79' lang='grc' dir='ltr'>ιιιι</span> 
     </span>
     <span class='ocr_line' id='line_1_19' title="bbox 219 1806 1234 1882; baseline -0.004 -18"><span class='ocrx_word' id='word_1_151' title='bbox 219 1807 342 1864; x_wconf 85' lang='lat' dir='ltr'><strong>diversis</strong></span> <span class='ocrx_word' id='word_1_152' title='bbox 356 1807 499 1863; x_wconf 90' lang='lat' dir='ltr'><strong>coloribus</strong></span> <span class='ocrx_word' id='word_1_153' title='bbox 514 1807 610 1862; x_wconf 93' lang='lat' dir='ltr'><strong>induit</strong></span> <span class='ocrx_word' id='word_1_154' title='bbox 624 1811 703 1864; x_wconf 85' lang='lat' dir='ltr'><strong>velut</strong></span> <span class='ocrx_word' id='word_1_155' title='bbox 716 1809 858 1877; x_wconf 82' lang='lat' dir='ltr'><strong>vestibus,</strong></span> <span class='ocrx_word' id='word_1_156' title='bbox 873 1817 904 1862; x_wconf 92' lang='lat' dir='ltr'><strong>ct</strong></span> <span class='ocrx_word' id='word_1_157' title='bbox 917 1806 1083 1882; x_wconf 83' lang='lat' dir='ltr'><strong>aliquando</strong></span> <span class='ocrx_word' id='word_1_158' title='bbox 1097 1809 1190 1878; x_wconf 87' lang='lat' dir='ltr'><strong>viride,</strong></span> <span class='ocrx_word' id='word_1_159' title='bbox 1201 1819 1234 1860; x_wconf 85' lang='lat' dir='ltr'><strong>st·</strong></span> 
     </span>
     <span class='ocr_line' id='line_1_20' title="bbox 220 1889 1232 1968; baseline -0.003 -21"><span class='ocrx_word' id='word_1_160' title='bbox 220 1909 276 1967; x_wconf 92' lang='lat' dir='ltr'><strong>que</strong></span> <span class='ocrx_word' id='word_1_161' title='bbox 287 1889 342 1946; x_wconf 87' lang='lat' dir='ltr'><strong>hoc</strong></span> <span class='ocrx_word' id='word_1_162' title='bbox 354 1893 452 1946; x_wconf 89' lang='lat' dir='ltr'><strong>multis</strong></span> <span class='ocrx_word' id='word_1_163' title='bbox 466 1889 574 1964; x_wconf 87' lang='lat' dir='ltr'><strong>modis,</strong></span> <span class='ocrx_word' id='word_1_164' title='bbox 599 1891 753 1966; x_wconf 89' lang='lat' dir='ltr'><strong>aliquando</strong></span> <span class='ocrx_word' id='word_1_165' title='bbox 768 1909 953 1968; x_wconf 89' lang='lat' dir='ltr'><strong>purpureum,</strong></span> <span class='ocrx_word' id='word_1_166' title='bbox 976 1892 1143 1966; x_wconf 86' lang='lat' dir='ltr'><strong>aliquando</strong></span> <span class='ocrx_word' id='word_1_167' title='bbox 1154 1909 1232 1948; x_wconf 80' lang='lat' dir='ltr'><strong>caeru·</strong></span> 
     </span>
     <span class='ocr_line' id='line_1_21' title="bbox 218 1973 1233 2053; baseline -0.004 -21"><span class='ocrx_word' id='word_1_168' title='bbox 218 1977 296 2033; x_wconf 88' lang='lat' dir='ltr'><strong>leum</strong></span> <span class='ocrx_word' id='word_1_169' title='bbox 317 1984 371 2031; x_wconf 89' lang='lat' dir='ltr'><strong>est.</strong></span> <span class='ocrx_word' id='word_1_170' title='bbox 402 1977 497 2042; x_wconf 77' lang='lat' dir='ltr'><strong>Quam</strong></span> <span class='ocrx_word' id='word_1_171' title='bbox 514 1992 601 2050; x_wconf 87' lang='lat' dir='ltr'><strong>porro</strong></span> <span class='ocrx_word' id='word_1_172' title='bbox 621 1975 833 2031; x_wconf 87' lang='lat' dir='ltr'><strong>delectabiliter</strong></span> <span class='ocrx_word' id='word_1_173' title='bbox 846 1984 995 2050; x_wconf 87' lang='lat' dir='ltr'><strong>spectatur</strong></span> <span class='ocrx_word' id='word_1_174' title='bbox 1013 1977 1110 2033; x_wconf 87' lang='lat' dir='ltr'><strong>etiam</strong></span> <span class='ocrx_word' id='word_1_175' title='bbox 1134 1973 1233 2053; x_wconf 67' lang='lat' dir='ltr'><strong>quando-</strong></span> 
     </span>
     <span class='ocr_line' id='line_1_22' title="bbox 220 2057 1234 2136; baseline -0.004 -20"><span class='ocrx_word' id='word_1_176' title='bbox 220 2078 335 2136; x_wconf 89' lang='lat' dir='ltr'><strong>cunque</strong></span> <span class='ocrx_word' id='word_1_177' title='bbox 351 2059 499 2131; x_wconf 86' lang='lat' dir='ltr'><strong>turbatur,</strong></span> <span class='ocrx_word' id='word_1_178' title='bbox 524 2067 554 2115; x_wconf 93' lang='lat' dir='ltr'><strong>et</strong></span> <span class='ocrx_word' id='word_1_179' title='bbox 566 2059 600 2115; x_wconf 89' lang='lat' dir='ltr'><strong>fit</strong></span> <span class='ocrx_word' id='word_1_180' title='bbox 613 2057 682 2114; x_wconf 88' lang='lat' dir='ltr'><strong>inde</strong></span> <span class='ocrx_word' id='word_1_181' title='bbox 696 2061 789 2116; x_wconf 92' lang='lat' dir='ltr'><strong>maior</strong></span> <span class='ocrx_word' id='word_1_182' title='bbox 802 2061 944 2131; x_wconf 86' lang='lat' dir='ltr'><strong>suavitas,</strong></span> <span class='ocrx_word' id='word_1_183' title='bbox 967 2061 1040 2135; x_wconf 92' lang='lat' dir='ltr'><strong>quia</strong></span> <span class='ocrx_word' id='word_1_184' title='bbox 1056 2063 1102 2116; x_wconf 91' lang='lat' dir='ltr'><strong>sic</strong></span> <span class='ocrx_word' id='word_1_185' title='bbox 1116 2061 1234 2117; x_wconf 78' lang='lat' dir='ltr'><strong>demulcet</strong></span> 
     </span>
     <span class='ocr_line' id='line_1_23' title="bbox 221 2140 1236 2222; baseline -0.002 -22"><span class='ocrx_word' id='word_1_186' title='bbox 221 2146 401 2215; x_wconf 88' lang='lat' dir='ltr'><strong>intuentem,</strong></span> <span class='ocrx_word' id='word_1_187' title='bbox 415 2153 521 2200; x_wconf 92' lang='lat' dir='ltr'><strong>utnon</strong></span> <span class='ocrx_word' id='word_1_188' title='bbox 535 2145 625 2199; x_wconf 86' lang='lat' dir='ltr'><strong>iactet</strong></span> <span class='ocrx_word' id='word_1_189' title='bbox 639 2153 667 2199; x_wconf 91' lang='lat' dir='ltr'><strong>et</strong></span> <span class='ocrx_word' id='word_1_190' title='bbox 681 2145 794 2218; x_wconf 88' lang='lat' dir='ltr'><strong>quatiat</strong></span> <span class='ocrx_word' id='word_1_191' title='bbox 807 2140 1014 2222; x_wconf 66' lang='lat' dir='ltr'><strong>navigantem?</strong></span> <span class='ocrx_word' id='word_1_192' title='bbox 1040 2145 1122 2210; x_wconf 82' lang='lat' dir='ltr'><strong>Quid</strong></span> <span class='ocrx_word' id='word_1_193' title='bbox 1134 2146 1236 2201; x_wconf 82' lang='lat' dir='ltr'><strong>eiboruu</strong></span> 
     </span>
     <span class='ocr_line' id='line_1_24' title="bbox 219 2224 1236 2303; baseline -0.002 -19"><span class='ocrx_word' id='word_1_194' title='bbox 219 2245 429 2303; x_wconf 85' lang='lat' dir='ltr'><strong>usquequaque</strong></span> <span class='ocrx_word' id='word_1_195' title='bbox 454 2229 537 2302; x_wconf 90' lang='lat' dir='ltr'><strong>copia</strong></span> <span class='ocrx_word' id='word_1_196' title='bbox 558 2236 659 2284; x_wconf 87' lang='lat' dir='ltr'><strong>contra</strong></span> <span class='ocrx_word' id='word_1_197' title='bbox 680 2224 804 2282; x_wconf 82' lang='lat' dir='ltr'><strong>iamcmi</strong></span> <span class='ocrx_word' id='word_1_198' title='bbox 839 2226 915 2294; x_wconf 77' lang='lat' dir='ltr'><strong>Quid</strong></span> <span class='ocrx_word' id='word_1_199' title='bbox 938 2245 1084 2302; x_wconf 89' lang='lat' dir='ltr'><strong>saporum</strong></span> <span class='ocrx_word' id='word_1_200' title='bbox 1107 2228 1236 2285; x_wconf 79' lang='lat' dir='ltr'><strong>diversitas</strong></span> 
     </span>
     <span class='ocr_line' id='line_1_25' title="bbox 221 2307 1236 2387; baseline -0.002 -20"><span class='ocrx_word' id='word_1_201' title='bbox 221 2320 324 2367; x_wconf 86' lang='lat' dir='ltr'><strong>contra</strong></span> <span class='ocrx_word' id='word_1_202' title='bbox 337 2309 503 2382; x_wconf 80' lang='lat' dir='ltr'><strong>fastidium,</strong></span> <span class='ocrx_word' id='word_1_203' title='bbox 525 2320 649 2366; x_wconf 87' lang='lat' dir='ltr'><strong>naturae</strong></span> <span class='ocrx_word' id='word_1_204' title='bbox 663 2307 766 2367; x_wconf 88' lang='lat' dir='ltr'><strong>diffusa</strong></span> <span class='ocrx_word' id='word_1_205' title='bbox 778 2311 887 2367; x_wconf 87' lang='lat' dir='ltr'><strong>divitiis</strong></span> <span class='ocrx_word' id='word_1_206' title='bbox 909 2308 1027 2387; x_wconf 91' lang='lat' dir='ltr'><strong>[contra</strong></span> <span class='ocrx_word' id='word_1_207' title='bbox 1040 2311 1185 2368; x_wconf 80' lang='lat' dir='ltr'><strong>fastidium</strong></span> <span class='ocrx_word' id='word_1_208' title='bbox 1197 2329 1236 2367; x_wconf 88' lang='lat' dir='ltr'><strong>ns·</strong></span> 
     </span>
     <span class='ocr_line' id='line_1_26' title="bbox 221 2389 1236 2471; baseline -0.003 -21"><span class='ocrx_word' id='word_1_209' title='bbox 221 2405 317 2466; x_wconf 81' lang='lat' dir='ltr'><strong>turae,</strong></span> <span class='ocrx_word' id='word_1_210' title='bbox 331 2390 435 2450; x_wconf 85' lang='lat' dir='ltr'><strong>diffusa</strong></span> <span class='ocrx_word' id='word_1_211' title='bbox 450 2389 615 2468; x_wconf 80' lang='lat' dir='ltr'><strong>divinitus],</strong></span> <span class='ocrx_word' id='word_1_212' title='bbox 630 2413 689 2450; x_wconf 91' lang='lat' dir='ltr'><strong>nou</strong></span> <span class='ocrx_word' id='word_1_213' title='bbox 701 2412 857 2469; x_wconf 88' lang='lat' dir='ltr'><strong>coquorum</strong></span> <span class='ocrx_word' id='word_1_214' title='bbox 868 2405 931 2451; x_wconf 89' lang='lat' dir='ltr'><strong>arte</strong></span> <span class='ocrx_word' id='word_1_215' title='bbox 940 2413 975 2450; x_wconf 88' lang='lat' dir='ltr'><strong>sc</strong></span> <span class='ocrx_word' id='word_1_216' title='bbox 988 2395 1096 2452; x_wconf 88' lang='lat' dir='ltr'><strong>labore</strong></span> <span class='ocrx_word' id='word_1_217' title='bbox 1108 2389 1236 2471; x_wconf 78' lang='lat' dir='ltr'><strong>qusesitsl</strong></span> 
     </span>
     <span class='ocr_line' id='line_1_27' title="bbox 220 2477 1235 2552; baseline -0.002 -18"><span class='ocrx_word' id='word_1_218' title='bbox 220 2478 337 2546; x_wconf 76' lang='lat' dir='ltr'><strong>Quanta</strong></span> <span class='ocrx_word' id='word_1_219' title='bbox 350 2479 383 2534; x_wconf 89' lang='lat' dir='ltr'><strong>in</strong></span> <span class='ocrx_word' id='word_1_220' title='bbox 395 2488 456 2535; x_wconf 90' lang='lat' dir='ltr'><strong>tam</strong></span> <span class='ocrx_word' id='word_1_221' title='bbox 477 2479 577 2534; x_wconf 87' lang='lat' dir='ltr'><strong>multis</strong></span> <span class='ocrx_word' id='word_1_222' title='bbox 599 2477 687 2533; x_wconf 87' lang='lat' dir='ltr'><strong>rebus</strong></span> <span class='ocrx_word' id='word_1_223' title='bbox 709 2478 834 2534; x_wconf 86' lang='lat' dir='ltr'><strong>tuendae</strong></span> <span class='ocrx_word' id='word_1_224' title='bbox 853 2497 887 2535; x_wconf 91' lang='lat' dir='ltr'><strong>ac</strong></span> <span class='ocrx_word' id='word_1_225' title='bbox 907 2480 1129 2552; x_wconf 79' lang='lat' dir='ltr'><strong>recuperandae</strong></span> <span class='ocrx_word' id='word_1_226' title='bbox 1148 2480 1235 2534; x_wconf 75' lang='lat' dir='ltr'><strong>salutis</strong></span> 
     </span>
     <span class='ocr_line' id='line_1_28' title="bbox 220 2558 1235 2640; baseline -0.002 -22"><span class='ocrx_word' id='word_1_227' title='bbox 220 2558 349 2618; x_wconf 85' lang='lat' dir='ltr'><strong>auxiliai</strong></span> <span class='ocrx_word' id='word_1_228' title='bbox 368 2564 462 2629; x_wconf 79' lang='lat' dir='ltr'><strong>Quam</strong></span> <span class='ocrx_word' id='word_1_229' title='bbox 474 2571 558 2640; x_wconf 88' lang='lat' dir='ltr'><strong>grata</strong></span> <span class='ocrx_word' id='word_1_230' title='bbox 570 2560 740 2618; x_wconf 84' lang='lat' dir='ltr'><strong>vicissitudo</strong></span> <span class='ocrx_word' id='word_1_231' title='bbox 754 2561 812 2618; x_wconf 91' lang='lat' dir='ltr'><strong>dici</strong></span> <span class='ocrx_word' id='word_1_232' title='bbox 825 2563 997 2618; x_wconf 80' lang='lat' dir='ltr'><strong>alternantis</strong></span> <span class='ocrx_word' id='word_1_233' title='bbox 1014 2573 1045 2619; x_wconf 92' lang='lat' dir='ltr'><strong>ct</strong></span> <span class='ocrx_word' id='word_1_234' title='bbox 1059 2558 1169 2621; x_wconf 88' lang='lat' dir='ltr'><strong>noetisl</strong></span> <span class='ocrx_word' id='word_1_235' title='bbox 1187 2563 1235 2618; x_wconf 83' lang='lat' dir='ltr'><strong>lu·</strong></span> 
     </span>
     <span class='ocr_line' id='line_1_29' title="bbox 220 2641 1235 2721; baseline -0.002 -19"><span class='ocrx_word' id='word_1_236' title='bbox 220 2664 319 2702; x_wconf 88' lang='lat' dir='ltr'><strong>rarum</strong></span> <span class='ocrx_word' id='word_1_237' title='bbox 333 2664 418 2721; x_wconf 84' lang='lat' dir='ltr'><strong>quam</strong></span> <span class='ocrx_word' id='word_1_238' title='bbox 431 2646 537 2702; x_wconf 89' lang='lat' dir='ltr'><strong>blanda</strong></span> <span class='ocrx_word' id='word_1_239' title='bbox 551 2641 723 2720; x_wconf 66' lang='lat' dir='ltr'><strong>temperies?</strong></span> <span class='ocrx_word' id='word_1_240' title='bbox 745 2643 779 2701; x_wconf 93' lang='lat' dir='ltr'><strong>ln</strong></span> <span class='ocrx_word' id='word_1_241' title='bbox 794 2645 946 2702; x_wconf 85' lang='lat' dir='ltr'><strong>fruticibus</strong></span> <span class='ocrx_word' id='word_1_242' title='bbox 960 2655 991 2701; x_wconf 88' lang='lat' dir='ltr'><strong>et</strong></span> <span class='ocrx_word' id='word_1_243' title='bbox 1001 2649 1156 2721; x_wconf 89' lang='lat' dir='ltr'><strong>pecoribus</strong></span> <span class='ocrx_word' id='word_1_244' title='bbox 1167 2646 1235 2702; x_wconf 88' lang='lat' dir='ltr'><strong>indu·</strong></span> 
     </span>
     <span class='ocr_line' id='line_1_30' title="bbox 220 2725 1234 2804; baseline -0.001 -20"><span class='ocrx_word' id='word_1_245' title='bbox 220 2739 384 2786; x_wconf 89' lang='lat' dir='ltr'><strong>mentorum</strong></span> <span class='ocrx_word' id='word_1_246' title='bbox 398 2729 642 2786; x_wconf 86' lang='lat' dir='ltr'><strong>conficiendorum</strong></span> <span class='ocrx_word' id='word_1_247' title='bbox 656 2738 765 2804; x_wconf 91' lang='lat' dir='ltr'><strong>quanta</strong></span> <span class='ocrx_word' id='word_1_248' title='bbox 776 2725 931 2785; x_wconf 78' lang='lat' dir='ltr'><strong>materiesi</strong></span> <span class='ocrx_word' id='word_1_249' title='bbox 957 2728 1070 2786; x_wconf 84' lang='lat' dir='ltr'><strong>Omnia</strong></span> <span class='ocrx_word' id='word_1_250' title='bbox 1083 2747 1234 2788; x_wconf 82' lang='lat' dir='ltr'><strong>commene-</strong></span> 
     </span>
     <span class='ocr_line' id='line_1_31' title="bbox 220 2809 1232 2891; baseline -0.002 -22"><span class='ocrx_word' id='word_1_251' title='bbox 220 2831 287 2869; x_wconf 85' lang='lat' dir='ltr'><strong>rare</strong></span> <span class='ocrx_word' id='word_1_252' title='bbox 301 2815 366 2889; x_wconf 86' lang='lat' dir='ltr'><strong>quis</strong></span> <span class='ocrx_word' id='word_1_253' title='bbox 379 2809 490 2888; x_wconf 77' lang='lat' dir='ltr'><strong>possiti</strong></span> <span class='ocrx_word' id='word_1_254' title='bbox 504 2811 585 2869; x_wconf 89' lang='lat' dir='ltr'><strong>llaec</strong></span> <span class='ocrx_word' id='word_1_255' title='bbox 599 2823 696 2872; x_wconf 87' lang='lat' dir='ltr'><strong>autem</strong></span> <span class='ocrx_word' id='word_1_256' title='bbox 710 2815 781 2885; x_wconf 87' lang='lat' dir='ltr'><strong>osla,</strong></span> <span class='ocrx_word' id='word_1_257' title='bbox 796 2832 868 2888; x_wconf 89' lang='lat' dir='ltr'><strong>quae</strong></span> <span class='ocrx_word' id='word_1_258' title='bbox 881 2831 899 2869; x_wconf 87' lang='lat' dir='ltr'><strong>a</strong></span> <span class='ocrx_word' id='word_1_259' title='bbox 911 2833 957 2870; x_wconf 91' lang='lat' dir='ltr'><strong>me</strong></span> <span class='ocrx_word' id='word_1_260' title='bbox 970 2816 1055 2870; x_wconf 86' lang='lat' dir='ltr'><strong>velut</strong></span> <span class='ocrx_word' id='word_1_261' title='bbox 1068 2817 1102 2872; x_wconf 90' lang='lat' dir='ltr'><strong>in</strong></span> <span class='ocrx_word' id='word_1_262' title='bbox 1114 2814 1232 2891; x_wconf 81' lang='lat' dir='ltr'><strong>quendam</strong></span> 
     </span>
     <span class='ocr_line' id='line_1_32' title="bbox 221 2896 1232 2976; baseline -0.002 -24"><span class='ocrx_word' id='word_1_263' title='bbox 221 2915 359 2974; x_wconf 80' lang='lat' dir='ltr'><strong>aggerem</strong></span> <span class='ocrx_word' id='word_1_264' title='bbox 374 2906 443 2952; x_wconf 90' lang='lat' dir='ltr'><strong>sunt</strong></span> <span class='ocrx_word' id='word_1_265' title='bbox 456 2905 602 2968; x_wconf 86' lang='lat' dir='ltr'><strong>coartata,</strong></span> <span class='ocrx_word' id='word_1_266' title='bbox 625 2897 652 2951; x_wconf 85' lang='lat' dir='ltr'><strong>si</strong></span> <span class='ocrx_word' id='word_1_267' title='bbox 665 2898 770 2952; x_wconf 86' lang='lat' dir='ltr'><strong>vellem</strong></span> <span class='ocrx_word' id='word_1_268' title='bbox 783 2896 864 2953; x_wconf 86' lang='lat' dir='ltr'><strong>velut</strong></span> <span class='ocrx_word' id='word_1_269' title='bbox 877 2899 1017 2976; x_wconf 88' lang='lat' dir='ltr'><strong>colligata</strong></span> <span class='ocrx_word' id='word_1_270' title='bbox 1030 2899 1179 2956; x_wconf 82' lang='lat' dir='ltr'><strong>involucra</strong></span> <span class='ocrx_word' id='word_1_271' title='bbox 1189 2898 1232 2952; x_wconf 92' lang='lat' dir='ltr'><strong>sol·</strong></span> 
     </span>
     <span class='ocr_line' id='line_1_33' title="bbox 219 2978 1231 3061; baseline 0 -27"><span class='ocrx_word' id='word_1_272' title='bbox 219 2997 290 3034; x_wconf 86' lang='lat' dir='ltr'><strong>vere</strong></span> <span class='ocrx_word' id='word_1_273' title='bbox 302 2989 388 3052; x_wconf 87' lang='lat' dir='ltr'><strong>atque</strong></span> <span class='ocrx_word' id='word_1_274' title='bbox 402 2978 565 3050; x_wconf 86' lang='lat' dir='ltr'><strong>discutere,</strong></span> <span class='ocrx_word' id='word_1_275' title='bbox 582 2989 693 3054; x_wconf 85' lang='lat' dir='ltr'><strong>quanta</strong></span> <span class='ocrx_word' id='word_1_276' title='bbox 705 2979 776 3036; x_wconf 90' lang='lat' dir='ltr'><strong>mihi</strong></span> <span class='ocrx_word' id='word_1_277' title='bbox 793 2999 876 3037; x_wconf 89' lang='lat' dir='ltr'><strong>mora</strong></span> <span class='ocrx_word' id='word_1_278' title='bbox 890 2991 968 3037; x_wconf 89' lang='lat' dir='ltr'><strong>essct</strong></span> <span class='ocrx_word' id='word_1_279' title='bbox 979 2982 1011 3038; x_wconf 93' lang='lat' dir='ltr'><strong>in</strong></span> <span class='ocrx_word' id='word_1_280' title='bbox 1026 2983 1166 3061; x_wconf 89' lang='lat' dir='ltr'><strong>singulis,</strong></span> <span class='ocrx_word' id='word_1_281' title='bbox 1183 2982 1231 3055; x_wconf 88' lang='lat' dir='ltr'><strong>qui·</strong></span> 
     </span>
     <span class='ocr_line' id='line_1_34' title="bbox 219 3058 1230 3136; baseline -0.001 -19"><span class='ocrx_word' id='word_1_282' title='bbox 219 3063 272 3118; x_wconf 93' lang='lat' dir='ltr'><strong>bus</strong></span> <span class='ocrx_word' id='word_1_283' title='bbox 286 3063 409 3136; x_wconf 87' lang='lat' dir='ltr'><strong>plurima</strong></span> <span class='ocrx_word' id='word_1_284' title='bbox 429 3058 637 3118; x_wconf 64' lang='lat' dir='ltr'><strong>continentur?</strong></span> <span class='ocrx_word' id='word_1_285' title='bbox 660 3061 699 3119; x_wconf 89' lang='lat' dir='ltr'><strong>Et</strong></span> <span class='ocrx_word' id='word_1_286' title='bbox 716 3063 787 3120; x_wconf 88' lang='lat' dir='ltr'><strong>haec</strong></span> <span class='ocrx_word' id='word_1_287' title='bbox 807 3066 904 3121; x_wconf 86' lang='lat' dir='ltr'><strong>omnia</strong></span> <span class='ocrx_word' id='word_1_288' title='bbox 921 3067 1099 3123; x_wconf 89' lang='lat' dir='ltr'><strong>miscrorum</strong></span> <span class='ocrx_word' id='word_1_289' title='bbox 1119 3075 1175 3122; x_wconf 83' lang='lat' dir='ltr'><strong>sunt</strong></span> <span class='ocrx_word' id='word_1_290' title='bbox 1189 3063 1230 3117; x_wconf 89' lang='lat' dir='ltr'><strong>ds-</strong></span> 
     </span>
     <span class='ocr_line' id='line_1_35' title="bbox 219 3146 1234 3229; baseline -0.001 -28"><span class='ocrx_word' id='word_1_291' title='bbox 219 3153 442 3221; x_wconf 88' lang='lat' dir='ltr'><strong>mnatorumque</strong></span> <span class='ocrx_word' id='word_1_292' title='bbox 457 3146 576 3218; x_wconf 86' lang='lat' dir='ltr'><strong>solatia,</strong></span> <span class='ocrx_word' id='word_1_293' title='bbox 597 3165 658 3202; x_wconf 90' lang='lat' dir='ltr'><strong>non</strong></span> <span class='ocrx_word' id='word_1_294' title='bbox 671 3150 799 3223; x_wconf 89' lang='lat' dir='ltr'><strong>praemia</strong></span> <span class='ocrx_word' id='word_1_295' title='bbox 811 3149 968 3205; x_wconf 82' lang='lat' dir='ltr'><strong>beatorsun.</strong></span> <span class='ocrx_word' id='word_1_296' title='bbox 1004 3149 1090 3215; x_wconf 78' lang='lat' dir='ltr'><strong>Quae</strong></span> <span class='ocrx_word' id='word_1_297' title='bbox 1103 3153 1181 3229; x_wconf 86' lang='lat' dir='ltr'><strong>igitur</strong></span> <span class='ocrx_word' id='word_1_298' title='bbox 1192 3148 1234 3202; x_wconf 83' lang='lat' dir='ltr'><strong>illa</strong></span> 
     </span>
     <span class='ocr_line' id='line_1_36' title="bbox 219 3228 1233 3309; baseline -0.001 -23"><span class='ocrx_word' id='word_1_299' title='bbox 219 3239 298 3300; x_wconf 89' lang='lat' dir='ltr'><strong>sunt,</strong></span> <span class='ocrx_word' id='word_1_300' title='bbox 312 3231 339 3286; x_wconf 93' lang='lat' dir='ltr'><strong>si</strong></span> <span class='ocrx_word' id='word_1_301' title='bbox 352 3239 397 3286; x_wconf 93' lang='lat' dir='ltr'><strong>tot</strong></span> <span class='ocrx_word' id='word_1_302' title='bbox 409 3247 443 3286; x_wconf 87' lang='lat' dir='ltr'><strong>ac</strong></span> <span class='ocrx_word' id='word_1_303' title='bbox 455 3231 526 3286; x_wconf 89' lang='lat' dir='ltr'><strong>talia</strong></span> <span class='ocrx_word' id='word_1_304' title='bbox 540 3239 570 3286; x_wconf 91' lang='lat' dir='ltr'><strong>et</strong></span> <span class='ocrx_word' id='word_1_305' title='bbox 585 3240 669 3287; x_wconf 88' lang='lat' dir='ltr'><strong>tanta</strong></span> <span class='ocrx_word' id='word_1_306' title='bbox 682 3242 752 3288; x_wconf 90' lang='lat' dir='ltr'><strong>suut</strong></span> <span class='ocrx_word' id='word_1_307' title='bbox 764 3228 835 3288; x_wconf 83' lang='lat' dir='ltr'><strong>istal</strong></span> <span class='ocrx_word' id='word_1_308' title='bbox 851 3231 929 3300; x_wconf 75' lang='lat' dir='ltr'><strong>Quid</strong></span> <span class='ocrx_word' id='word_1_309' title='bbox 940 3231 1020 3288; x_wconf 87' lang='lat' dir='ltr'><strong>dabit</strong></span> <span class='ocrx_word' id='word_1_310' title='bbox 1031 3235 1075 3289; x_wconf 91' lang='lat' dir='ltr'><strong>cis</strong></span> <span class='ocrx_word' id='word_1_311' title='bbox 1088 3253 1158 3309; x_wconf 88' lang='lat' dir='ltr'><strong>quos</strong></span> <span class='ocrx_word' id='word_1_312' title='bbox 1169 3251 1233 3308; x_wconf 88' lang='lat' dir='ltr'><strong>prse-</strong></span> 
     </span>
     <span class='ocr_line' id='line_1_37' title="bbox 219 3313 1232 3392; baseline -0.003 -20"><span class='ocrx_word' id='word_1_313' title='bbox 219 3315 381 3372; x_wconf 86' lang='lat' dir='ltr'><strong>destiusvit</strong></span> <span class='ocrx_word' id='word_1_314' title='bbox 393 3315 429 3371; x_wconf 87' lang='lat' dir='ltr'><strong>ed</strong></span> <span class='ocrx_word' id='word_1_315' title='bbox 442 3316 543 3385; x_wconf 85' lang='lat' dir='ltr'><strong>vitam,</strong></span> <span class='ocrx_word' id='word_1_316' title='bbox 566 3317 616 3392; x_wconf 94' lang='lat' dir='ltr'><strong>qui</strong></span> <span class='ocrx_word' id='word_1_317' title='bbox 627 3313 699 3372; x_wconf 87' lang='lat' dir='ltr'><strong>hacc</strong></span> <span class='ocrx_word' id='word_1_318' title='bbox 713 3315 792 3372; x_wconf 89' lang='lat' dir='ltr'><strong>dcdit</strong></span> <span class='ocrx_word' id='word_1_319' title='bbox 806 3318 891 3372; x_wconf 89' lang='lat' dir='ltr'><strong>etiam</strong></span> <span class='ocrx_word' id='word_1_320' title='bbox 907 3318 948 3372; x_wconf 91' lang='lat' dir='ltr'><strong>eis</strong></span> <span class='ocrx_word' id='word_1_321' title='bbox 962 3335 1035 3392; x_wconf 90' lang='lat' dir='ltr'><strong>quos</strong></span> <span class='ocrx_word' id='word_1_322' title='bbox 1049 3318 1232 3392; x_wconf 78' lang='lat' dir='ltr'><strong>praedestina·</strong></span> 
     </span>
     <span class='ocr_line' id='line_1_38' title="bbox 218 3395 1231 3466; baseline -0.002 -10"><span class='ocrx_word' id='word_1_323' title='bbox 218 3401 263 3457; x_wconf 79' lang='lat' dir='ltr'><strong>vit</strong></span> <span class='ocrx_word' id='word_1_324' title='bbox 276 3399 312 3456; x_wconf 88' lang='lat' dir='ltr'><strong>ad</strong></span> <span class='ocrx_word' id='word_1_325' title='bbox 325 3395 467 3455; x_wconf 64' lang='lat' dir='ltr'><strong>mortem?</strong></span> <span class='ocrx_word' id='word_1_326' title='bbox 497 3401 577 3466; x_wconf 77' lang='lat' dir='ltr'><strong>Quae</strong></span> <span class='ocrx_word' id='word_1_327' title='bbox 592 3399 667 3456; x_wconf 89' lang='lat' dir='ltr'><strong>bona</strong></span> <span class='ocrx_word' id='word_1_328' title='bbox 679 3401 709 3456; x_wconf 93' lang='lat' dir='ltr'><strong>in</strong></span> <span class='ocrx_word' id='word_1_329' title='bbox 724 3401 776 3456; x_wconf 91' lang='lat' dir='ltr'><strong>illa</strong></span> <span class='ocrx_word' id='word_1_330' title='bbox 787 3401 872 3457; x_wconf 85' lang='lat' dir='ltr'><strong>beata</strong></span> <span class='ocrx_word' id='word_1_331' title='bbox 885 3403 946 3456; x_wconf 84' lang='lat' dir='ltr'><strong>vita</strong></span> <span class='ocrx_word' id='word_1_332' title='bbox 958 3400 1049 3457; x_wconf 83' lang='lat' dir='ltr'><strong>faciet</strong></span> <span class='ocrx_word' id='word_1_333' title='bbox 1063 3420 1113 3457; x_wconf 85' lang='lat' dir='ltr'><strong>eos</strong></span> <span class='ocrx_word' id='word_1_334' title='bbox 1127 3419 1231 3458; x_wconf 84' lang='lat' dir='ltr'><strong>sumere</strong></span> 
     </span>
     <span class='ocr_line' id='line_1_39' title="bbox 219 3467 1230 3562; baseline -0.004 -22"><span class='ocrx_word' id='word_1_335' title='bbox 219 3467 1230 3562; x_wconf 81' lang='lat' dir='ltr'><strong>proquibusinhacmisera[miseria]urligenitumFiliumsuumvoluit</strong></span> 
     </span>
     <span class='ocr_line' id='line_1_40' title="bbox 220 3565 1228 3643; baseline -0.002 -19"><span class='ocrx_word' id='word_1_336' title='bbox 220 3566 358 3642; x_wconf 85' lang='lat' dir='ltr'><strong>usquead</strong></span> <span class='ocrx_word' id='word_1_337' title='bbox 368 3575 491 3623; x_wconf 87' lang='lat' dir='ltr'><strong>mortem</strong></span> <span class='ocrx_word' id='word_1_338' title='bbox 503 3569 578 3622; x_wconf 92' lang='lat' dir='ltr'><strong>mala</strong></span> <span class='ocrx_word' id='word_1_339' title='bbox 586 3575 666 3623; x_wconf 86' lang='lat' dir='ltr'><strong>tanta</strong></span> <span class='ocrx_word' id='word_1_340' title='bbox 678 3565 828 3643; x_wconf 86' lang='lat' dir='ltr'><strong>perferrel</strong></span> <span class='ocrx_word' id='word_1_341' title='bbox 840 3567 922 3626; x_wconf 91' lang='lat' dir='ltr'><strong>Vnde</strong></span> <span class='ocrx_word' id='word_1_342' title='bbox 931 3568 1128 3643; x_wconf 82' lang='lat' dir='ltr'><strong>Apostolusde</strong></span> <span class='ocrx_word' id='word_1_343' title='bbox 1136 3569 1228 3642; x_wconf 84' lang='lat' dir='ltr'><strong>ipsisis</strong></span> 
     </span>
     <span class='ocr_line' id='line_1_41' title="bbox 219 3649 1227 3730; baseline 0 -24"><span class='ocrx_word' id='word_1_344' title='bbox 219 3651 291 3707; x_wconf 92' lang='lat' dir='ltr'><strong>illud</strong></span> <span class='ocrx_word' id='word_1_345' title='bbox 302 3669 427 3728; x_wconf 91' lang='lat' dir='ltr'><strong>regnum</strong></span> <span class='ocrx_word' id='word_1_346' title='bbox 439 3649 662 3725; x_wconf 87' lang='lat' dir='ltr'><strong>praedestinatis</strong></span> <span class='ocrx_word' id='word_1_347' title='bbox 675 3653 808 3726; x_wconf 90' lang='lat' dir='ltr'><strong>loquens,</strong></span> <span class='ocrx_word' id='word_1_348' title='bbox 823 3651 883 3722; x_wconf 68' lang='lat' dir='ltr'><strong>Qus·</strong></span> <span class='ocrx_word' id='word_1_349' title='bbox 887 3655 1026 3730; x_wconf 83' lang='lat' dir='ltr'><strong>proprio,</strong></span> <span class='ocrx_word' id='word_1_350' title='bbox 1050 3654 1156 3727; x_wconf 88' lang='lat' dir='ltr'><strong>inquit,</strong></span> <span class='ocrx_word' id='word_1_351' title='bbox 1169 3650 1227 3708; x_wconf 73' lang='lat' dir='ltr'><strong>ris</strong></span> 
     </span>
     <span class='ocr_line' id='line_1_42' title="bbox 218 3733 1227 3815; baseline 0.002 -27"><span class='ocrx_word' id='word_1_352' title='bbox 218 3752 275 3789; x_wconf 81' lang='lat' dir='ltr'><strong>non</strong></span> <span class='ocrx_word' id='word_1_353' title='bbox 292 3736 449 3810; x_wconf 79' lang='lat' dir='ltr'><strong>pepercit,</strong></span> <span class='ocrx_word' id='word_1_354' title='bbox 467 3736 520 3791; x_wconf 86' lang='lat' dir='ltr'><strong>sed</strong></span> <span class='ocrx_word' id='word_1_355' title='bbox 529 3753 589 3812; x_wconf 84' lang='lat' dir='ltr'><strong>pro</strong></span> <span class='ocrx_word' id='word_1_356' title='bbox 609 3735 691 3791; x_wconf 82' lang='lat' dir='ltr'><strong>nobis</strong></span> <span class='ocrx_word' id='word_1_357' title='bbox 710 3735 839 3792; x_wconf 82' lang='lat' dir='ltr'><strong>omnibus</strong></span> <span class='ocrx_word' id='word_1_358' title='bbox 857 3737 987 3794; x_wconf 82' lang='lat' dir='ltr'><strong>tradidit</strong></span> <span class='ocrx_word' id='word_1_359' title='bbox 1009 3755 1089 3806; x_wconf 77' lang='lat' dir='ltr'><strong>eust,</strong></span> <span class='ocrx_word' id='word_1_360' title='bbox 1112 3733 1227 3815; x_wconf 81' lang='lat' dir='ltr'><strong>qsossolt</strong></span> 
     </span>
     <span class='ocr_line' id='line_1_43' title="bbox 218 3814 1227 3898; baseline 0.001 -27"><span class='ocrx_word' id='word_1_361' title='bbox 218 3835 274 3871; x_wconf 85' lang='lat' dir='ltr'><strong>non</strong></span> <span class='ocrx_word' id='word_1_362' title='bbox 289 3825 397 3872; x_wconf 84' lang='lat' dir='ltr'><strong>etcum</strong></span> <span class='ocrx_word' id='word_1_363' title='bbox 412 3816 462 3872; x_wconf 88' lang='lat' dir='ltr'><strong>illo</strong></span> <span class='ocrx_word' id='word_1_364' title='bbox 476 3819 572 3873; x_wconf 83' lang='lat' dir='ltr'><strong>omnia</strong></span> <span class='ocrx_word' id='word_1_365' title='bbox 586 3817 667 3873; x_wconf 65' lang='lat' dir='ltr'><strong>nobb</strong></span> <span class='ocrx_word' id='word_1_366' title='bbox 680 3817 800 3878; x_wconf 81' lang='lat' dir='ltr'><strong>donabit</strong></span> <span class='ocrx_word' id='word_1_367' title='bbox 813 3814 982 3898; x_wconf 71' lang='lat' dir='ltr'><strong>[donavitli</strong></span> <span class='ocrx_word' id='word_1_368' title='bbox 1014 3817 1087 3876; x_wconf 86' lang='lat' dir='ltr'><strong>Cum</strong></span> <span class='ocrx_word' id='word_1_369' title='bbox 1098 3817 1166 3875; x_wconf 87' lang='lat' dir='ltr'><strong>bsec</strong></span> <span class='ocrx_word' id='word_1_370' title='bbox 1176 3833 1227 3894; x_wconf 71' lang='lat' dir='ltr'><strong>pre</strong></span> 
     </span>
     <span class='ocr_line' id='line_1_44' title="bbox 220 3899 1227 3980; baseline 0.006 -29"><span class='ocrx_word' id='word_1_371' title='bbox 220 3900 320 3954; x_wconf 87' lang='lat' dir='ltr'><strong>missio</strong></span> <span class='ocrx_word' id='word_1_372' title='bbox 337 3899 537 3972; x_wconf 86' lang='lat' dir='ltr'><strong>complebitur,</strong></span> <span class='ocrx_word' id='word_1_373' title='bbox 550 3899 619 3976; x_wconf 90' lang='lat' dir='ltr'><strong>quid</strong></span> <span class='ocrx_word' id='word_1_374' title='bbox 633 3899 759 3958; x_wconf 67' lang='lat' dir='ltr'><strong>erimus?</strong></span> <span class='ocrx_word' id='word_1_375' title='bbox 779 3907 880 3979; x_wconf 87' lang='lat' dir='ltr'><strong>quales</strong></span> <span class='ocrx_word' id='word_1_376' title='bbox 894 3899 1017 3960; x_wconf 84' lang='lat' dir='ltr'><strong>erimusl</strong></span> <span class='ocrx_word' id='word_1_377' title='bbox 1042 3922 1114 3980; x_wconf 85' lang='lat' dir='ltr'><strong>quae</strong></span> <span class='ocrx_word' id='word_1_378' title='bbox 1127 3901 1227 3958; x_wconf 74' lang='lat' dir='ltr'><strong>tonsis</strong></span> 
     </span>
    </p>
   </div>
   <div class='ocr_carea' id='block_1_3' title="bbox 0 0 1267 4404">
    <p class='ocr_par' dir='ltr' id='par_1_3' title="bbox 0 0 1267 4404">
     <span class='ocr_line' id='line_1_45' title="bbox 0 0 1267 4404; baseline 0 0"><span class='ocrx_word' id='word_1_379' title='bbox 0 0 1267 4404; x_wconf 95' lang='lat' dir='ltr'><strong> </strong></span> 
     </span>
    </p>
   </div>
  </div>
 </body>
</html>
