2590 4396
235 197 293 256 13⁰
458 195 552 254 DlVl
573 190 754 254 nvnbntl
775 190 1022 252 AVGVSTlNl

232 347 394 407 libertatem
407 349 517 407 nitatur
530 349 672 416 evolvere,
687 362 807 402 necesse
819 341 942 402 habebat
956 347 1012 402 ista
1025 348 1172 416 venerari3
1192 365 1249 403 nee

232 431 309 506 quod
325 433 357 488 in
375 429 428 488 hac
446 431 635 507 disputatione
652 429 776 486 disertus
794 429 923 497 insonat,
947 431 1052 486 mutire
1071 429 1191 487 auderet
1216 433 1251 486 in

231 516 331 589 populi
344 517 490 572 concione.
514 513 638 591 Agamus
652 515 748 588 itaque
763 507 919 568 Christiani
932 509 1055 569 Domino
1071 510 1133 571 Deo
1146 523 1250 570 nostro

230 601 350 674 gratias,
364 617 423 654 non
436 597 515 653 coelo
529 606 558 651 et
570 605 679 668 terrae,
693 599 769 651 sicut
782 595 837 650 iste
852 595 994 670 disputat,
1009 595 1059 652 sed
1074 599 1101 654 ei
1113 599 1162 672 qui
1174 598 1250 654 fecit

230 683 343 737 eoelum
356 691 385 735 ct
395 690 514 752 terram3
542 681 593 754 qui
606 675 658 736 has
671 679 904 754 superstitionem
924 697 995 754 quas
1009 680 1065 736 iste
1077 679 1181 738 Balbus
1194 700 1250 736 ve-

230 765 273 821 lut
289 762 448 820 balbutiens
467 764 518 818 vix
529 760 731 838 reprehendit,
750 779 802 836 per
820 761 990 819 altissimam
1003 760 1111 820 Christi
1127 761 1249 820 humili-

229 856 334 914 tatem,
355 862 406 920 per
418 844 620 921 Apostolorum
638 845 898 922 praedicationem,
915 865 967 921 per
985 845 1071 903 fidem
1084 845 1251 924 Martyrum

227 947 280 1003 pro
294 930 418 986 veritate
430 930 613 989 morientium
627 939 657 986 et
671 947 735 988 eum
748 929 873 986 veritate
886 929 1061 1002 viventium,
1079 950 1137 988 non
1153 933 1251 988 solum

228 1013 259 1068 in
271 1011 406 1071 cordibus
420 1013 581 1090 religiosis,
603 1031 702 1072 verum
715 1014 801 1070 etiam
813 1015 842 1070 in
858 1011 975 1069 aedibus
989 1015 1199 1086 superstitiosis
1210 1015 1250 1070 li-

228 1096 297 1154 bera
310 1097 426 1156 suorum
440 1098 580 1156 servitute
594 1095 743 1154 subvertit.

589 1261 693 1320 cnl’.
734 1259 885 1320 XXXl.

231 1355 270 1408 De
282 1355 448 1424 opinionibus
465 1357 605 1422 Varronis,
618 1359 664 1427 pai
672 1353 1131 1476 reprobatcpcrsuosionfipopalcsi,
1142 1353 1205 1406 licet
1214 1357 1252 1406 cd

269 1424 393 1478 notitiam
407 1425 464 1478 aeri
474 1424 528 1478 Dei
540 1442 594 1478 noa
604 1425 862 1546 peppppecpppuaprsptm
871 1431 959 1478 tamen
985 1439 1055 1484 ,cum
1069 1422 1205 1474 colendum

290 1597 366 1665 Quid
378 1599 440 1671 ipse
454 1595 560 1670 Varro,
579 1615 662 1672 quem
677 1596 805 1654 dolemus
818 1595 947 1663 inrebns
961 1594 1068 1652 divinis
1082 1594 1166 1664 ludos
1184 1615 1248 1654 see-

228 1683 323 1752 nicos,
340 1681 467 1755 quamvis
482 1696 540 1737 non
553 1680 661 1736 iudicio
675 1682 805 1755 proprio,
822 1679 970 1752 posuisse,
984 1695 1048 1736 cum
1068 1680 1103 1736 ad
1116 1679 1183 1735 deos
1198 1699 1249 1737 eo-

229 1762 328 1820 lendos
343 1764 443 1819 multis
456 1765 526 1820 locis
539 1763 622 1820 velut
633 1765 789 1840 religiosus
803 1761 950 1832 hortetur,
963 1781 1061 1819 nonne
1074 1763 1114 1820 ita
1124 1763 1248 1820 conlite-

227 1857 289 1918 ιιι,
304 1865 363 1904 non
376 1865 409 1902 sa
422 1847 474 1902 illa
487 1845 595 1904 iudicia
609 1865 661 1904 auo
674 1848 767 1922 sequi,
782 1863 856 1922 quae
870 1847 1017 1904 civitatem
1030 1847 1188 1904 Romanam
1201 1850 1248 1903 in·

229 1931 361 1988 stituisse
374 1939 591 2000 commemorat,
605 1939 639 1987 ut
652 1932 678 1986 si
691 1947 753 1986 earn
767 1931 912 1987 civitatem
925 1945 1029 1986 novam
1043 1933 1247 2004 constitueret,

229 2033 266 2070 ex
279 2023 401 2071 naturae
412 2015 509 2089 potius
523 2013 647 2071 formula
661 2013 730 2090 deos
745 2015 917 2090 nominaque
927 2031 1025 2071 eorum
1043 2031 1074 2070 sa
1091 2013 1183 2070 luisse
1198 2015 1248 2071 de-

229 2097 391 2156 dicaturum
399 2115 458 2154 non
476 2097 586 2154 dubitet
602 2093 750 2162 eonfiteril
792 2096 851 2156 Sed
868 2099 926 2154 iarn
944 2098 1080 2174 quoniam
1097 2099 1130 2156 in
1148 2107 1249 2156 vetere

228 2183 332 2258 populo
350 2191 441 2252 esset,
467 2190 612 2258 acceptam
631 2182 666 2238 ab
685 2181 810 2256 antiquis
832 2183 978 2238 nominum
996 2189 1026 2238 et
1043 2185 1250 2259 cognominum

228 2261 375 2320 historiam
388 2274 497 2337 tenere,
508 2275 542 2322 ut
555 2265 661 2322 tradita
673 2275 727 2338 est,
741 2264 843 2334 deber-e
856 2283 886 2320 se
900 2263 981 2335 dicit,
996 2273 1025 2320 at
1037 2264 1146 2321 adeum
1159 2265 1250 2323 linem
1285 2265 1286 2314 ἒ

229 2349 279 2403 illa
296 2348 422 2404 scribere
440 2366 474 2404 ae
491 2352 681 2424 perscrutari,
699 2359 732 2406 ut
749 2349 843 2423 potius
863 2365 911 2403 eos
926 2349 1019 2426 magis
1033 2351 1141 2420 colere,
1161 2367 1251 2424 quam

230 2432 376 2504 despicere
394 2433 499 2508 vulgus
515 2435 595 2489 velit.
638 2432 748 2500 Quibus
768 2431 861 2488 verbis
878 2429 962 2486 bomo
976 2432 1159 2488 acutissimus
1174 2435 1250 2490 satis

229 2515 348 2588 irrdieat,
361 2534 421 2571 non
435 2534 467 2571 se
481 2518 592 2590 aperire
605 2517 716 2585 omnia,
730 2532 804 2591 quae
817 2532 875 2570 non
889 2515 945 2570 sibl
959 2523 1072 2572 tanturn
1086 2520 1251 2574 contemtui

229 2607 341 2672 essent,
360 2597 411 2654 sed
425 2601 512 2655 etiam
525 2601 579 2675 ipsi
592 2601 680 2678 vulgo
694 2597 877 2674 despicienda
888 2595 1070 2670 viderentur,
1090 2600 1146 2654 nisi
1163 2608 1250 2655 taee-

228 2691 339 2738 rentur.
366 2681 430 2760 Ego
444 2685 501 2738 ista
514 2685 659 2739 coniicere
671 2684 770 2760 putari
786 2680 880 2754 debui,
894 2682 951 2737 nisi
965 2680 1114 2740 evidenter
1127 2682 1186 2738 alio
1200 2683 1250 2740 lo-

229 2784 261 2821 eo
279 2768 342 2838 ipse
359 2765 469 2820 diecret
481 2765 515 2821 de
528 2765 721 2840 religionibus
739 2765 874 2839 loquens,
890 2765 981 2820 multa
995 2783 1056 2821 esse
1068 2783 1152 2837 vera,
1170 2783 1251 2842 quae

228 2866 286 2905 non
299 2846 383 2902 modo
398 2848 485 2924 vulgo
499 2850 575 2903 scire
589 2865 647 2903 non
660 2849 699 2902 sit
711 2847 794 2918 utile,
802 2847 946 2910 sedetiam
952 2849 1065 2904 tametsi
1077 2849 1150 2904 lalse
1164 2863 1251 2925 sunt,

227 2933 312 2987 aliter
326 2929 494 2986 existimare
506 2930 642 3004 populum
655 2929 801 3004 expediat,
821 2940 851 2987 et
860 2933 931 2988 ideo
943 2931 1066 2990 Graecos
1084 2931 1190 2988 teletas
1212 2953 1251 2991 ae

227 3015 364 3088 mysteria
377 3014 578 3070 taciturnitate
590 3013 804 3090 parietibusque
820 3017 964 3072 clausisse.
988 3013 1044 3071 Hic
1059 3025 1136 3071 certe
1150 3025 1250 3076 totum

228 3096 379 3152 eonsilium
398 3095 525 3170 prodidit
539 3097 622 3154 velut
639 3099 824 3172 sapientium,
844 3115 896 3174 per
913 3115 985 3174 quos
1005 3100 1138 3157 civitates
1152 3108 1182 3154 et
1193 3119 1251 3173 po-

227 3179 288 3252 puli
300 3189 479 3259 regerentur.
521 3181 584 3238 Hac
596 3190 692 3239 tamen
705 3181 820 3238 fallacia
837 3184 918 3238 miris
929 3181 1021 3238 modis
1038 3184 1160 3261 maligni
1174 3182 1251 3239 dae-

227 3281 327 3320 mones
341 3263 533 3332 deleotantur,
551 3266 602 3341 qui
616 3275 646 3322 et
659 3265 825 3341 deceptores
839 3275 869 3322 et
882 3266 1016 3340 deceptos
1026 3268 1134 3341 pariter
1149 3269 1252 3340 possi-

228 3345 311 3417 dent,
324 3365 342 3404 a
355 3365 474 3423 quorum
487 3348 683 3408 dominatione
695 3367 755 3406 non
768 3349 872 3406 liberat
884 3351 941 3406 nisi
953 3352 1049 3426 gratia
1062 3347 1116 3405 Dei
1130 3367 1183 3424 per
1196 3347 1250 3405 le·
1285 3423 1286 3430 ἵ

228 3449 290 3488 sum
306 3428 450 3488 Christum
464 3431 621 3490 Dominum
633 3443 770 3490 nostrum.

288 3513 369 3572 Dicit
395 3517 480 3572 etiam
506 3515 581 3572 idem
606 3526 704 3574 auctor
730 3517 912 3571 acutissimus
937 3523 1023 3591 atque
1049 3517 1251 3588 doctissimus,
1285 3509 1286 3554 l

227 3598 302 3674 quod
318 3599 349 3654 bi
370 3601 425 3656 soli
443 3602 471 3656 ei
490 3599 645 3658 videantur
657 3597 893 3655 animadvertisse
906 3599 974 3673 quid
988 3609 1064 3656 esset
1076 3598 1174 3671 Deus,
1192 3604 1250 3675 qui
1285 3565 1286 3642 l

227 3681 422 3753 erediderunt,
441 3701 505 3738 eum
519 3701 582 3738 esse
596 3683 734 3753 animam,
751 3691 880 3752 metune
897 3684 1011 3738 ratione
1031 3683 1170 3740 mundum
1187 3701 1250 3757 gu-
1285 3709 1286 3712 ¹

225 3765 394 3824 bernentem
445 3765 485 3821 Ac
498 3784 549 3839 per
561 3765 629 3834 hoo,
648 3767 702 3819 etsi
715 3762 842 3820 nondum
856 3765 1056 3842 tenebatquod
1068 3769 1177 3823 veritas
1191 3765 1252 3824 ha-

225 3849 286 3906 bet:
315 3849 395 3908 Deus
409 3849 484 3906 enim
498 3867 598 3916 verus,
612 3865 670 3904 non
683 3849 793 3920 anima,
808 3847 857 3902 sed
871 3851 997 3922 animae,
1018 3868 1131 3924 quoque
1145 3857 1190 3906 est
1204 3853 1254 3906 ei·
