2510 4404
179 215 240 270 suo
407 203 505 262 DlVl
527 197 716 259 AVRELll
736 193 998 256 AVGVSTlNl

180 381 234 420 nec
248 359 404 434 Apostolus
422 357 585 430 exprimere
606 352 715 423 voluit,
741 349 774 406 in
792 367 846 406 ιιιο
869 366 994 424 corpore
1014 351 1210 424 perpetrando,

181 447 244 502 sive
257 441 436 517 turpitudine
451 439 584 494 luxuriae
603 433 777 505 diffluendo,
801 434 863 490 sive
884 431 998 506 aliquid
1020 432 1111 489 aliud
1131 454 1209 490 corun

180 526 295 606 agendo
309 524 462 599 dequibus
477 524 533 591 ait,
565 519 710 590 Quoniam
723 518 775 596 qui
792 515 870 573 tolia
884 525 997 592 agunt,
1027 536 1159 592 regnum
1172 517 1211 575 Dei

180 631 237 668 non
243 609 446 688 possidebunt.
460 605 564 680 Asper
576 601 634 660 hoc
646 603 813 678 quicunque
826 608 918 676 agunt
928 599 1014 670 talia,
1031 601 1097 654 nisi
1111 603 1143 656 in
1157 620 1211 656 sem·

180 696 297 770 piterno
310 692 450 766 supplicio
465 695 638 758 nonerunt,
656 686 725 761 quie
737 685 769 740 in
784 681 840 739 Dei
852 701 946 760 regno
963 700 1035 737 esse
1050 702 1118 740 non
1131 695 1213 757 potue

181 785 261 834 runt.
277 775 311 832 ln
325 774 370 830 his
382 776 459 829 enim
474 768 690 847 perseverando
704 780 796 842 usquc
810 769 841 822 in
853 764 938 821 huius
952 766 1039 822 vitae
1054 766 1161 838 finem,
1173 787 1214 823 ιιι

181 862 281 934 utique
304 856 420 914 dicendi
438 864 507 912 sunt
526 856 558 910 in
578 852 693 910 Christo
718 867 922 926 perseverasse
944 865 1046 924 usque
1072 851 1109 906 in
1132 851 1216 906 linem:

182 945 252 1017 quia
264 944 296 997 in
310 939 426 997 Christo
439 955 640 1014 perseverare,
655 937 745 991 estin
759 936 821 990 eius
834 933 890 989 fide
903 949 1119 1012 perseverare.
1155 936 1218 1000 Quae

176 1027 268 1098 fides,
282 1033 315 1079 ut
327 1042 390 1080 eam
404 1022 507 1078 delinit
521 1020 599 1076 idem
611 1020 780 1094 Apostolus,
793 1016 1064 1096 perdilectionem
1080 1029 1214 1094 operator

182 1107 313 1165 Dilectio
327 1116 436 1176 autent,
452 1106 604 1177 sicutipse
618 1103 688 1158 alibi
703 1101 786 1171 dicit,
800 1099 908 1155 molum
922 1117 980 1155 non
995 1111 1163 1176 operatur.
1176 1101 1221 1156 lieo

183 1192 234 1246 isti
248 1207 319 1268 ergo
334 1187 450 1246 dicendi
464 1198 533 1243 sunt
546 1185 721 1242 manducare
736 1201 842 1257 eorpus
857 1180 983 1253 Christi3
1013 1185 1164 1258 quoniam
1182 1203 1220 1240 net

183 1275 214 1330 in
230 1274 368 1330 membris
382 1271 568 1346 computandi
582 1278 651 1326 sunt
664 1266 782 1325 Christi.
806 1264 844 1322 Vt
857 1267 934 1322 enim
948 1267 1009 1321 alia
1025 1275 1160 1338 taceam,
1177 1287 1221 1324 nor

181 1367 307 1432 possunt
320 1357 406 1413 simul
420 1373 484 1410 esse
504 1363 534 1410 et
553 1353 682 1410 membra
696 1349 823 1420 Christi,
849 1359 878 1405 ct
895 1348 1032 1405 membra
1056 1353 1220 1406 meretricis.

182 1439 320 1515 Denique
339 1442 401 1514 ipse
423 1437 541 1509 dicens,
570 1435 631 1506 Qui
649 1435 811 1492 manducat
829 1451 948 1490 earnem
969 1450 1093 1504 meam,
1124 1435 1221 1492 etlilit

182 1525 356 1599 sanguinem
369 1541 472 1591 meum,
496 1524 526 1578 in
540 1540 585 1577 me
599 1529 708 1587 monet,
733 1527 763 1574 et
777 1535 830 1592 ego
845 1518 875 1572 in
890 1533 939 1589 eo‚·
956 1516 1102 1572 ostendit
1117 1519 1185 1593 quid
1196 1520 1223 1572 sit
1244 1534 1245 1596 p

183 1626 244 1662 non
259 1614 561 1676 sacramentotenus,
588 1602 639 1659 sed
658 1618 763 1658 revera
782 1617 888 1674 corpus
903 1595 1018 1656 Christi
1039 1601 1223 1670 manducare,
1245 1614 1246 1650 l

183 1691 290 1744 eteius
305 1689 479 1765 sanguinem
493 1687 608 1742 bibere:
636 1684 691 1740 hoc
711 1692 756 1739 est
769 1684 848 1738 enim
861 1685 893 1738 in
906 1680 1028 1738 Christo
1043 1702 1180 1756 manere,
1202 1697 1223 1740 ιι
1246 1694 1247 1708 ’

182 1772 215 1826 in
228 1772 279 1825 illo
290 1779 410 1826 maneat
423 1779 453 1824 et
466 1767 609 1824 Christus.
624 1767 675 1825 Sic
689 1768 769 1824 enim
780 1761 835 1822 hoc
849 1765 934 1837 dixit,
947 1774 1100 1840 tanquam
1116 1768 1223 1836 diceret,
1247 1774 1248 1778 ’

183 1854 241 1920 Qui
254 1870 315 1908 non
329 1853 361 1908 in
374 1871 421 1907 me
434 1858 551 1936 manet²
575 1859 605 1906 ct
617 1852 649 1906 in
663 1869 721 1924 quo
736 1869 792 1927 ego
807 1867 867 1906 non
880 1866 1004 1920 maneo,
1031 1868 1101 1907 non
1116 1871 1149 1907 re
1162 1853 1223 1908 dicat
1248 1854 1249 1866 ¹

183 1945 234 1992 sut
247 1937 395 1990 existimet
407 1932 584 1990 manducare
599 1951 838 2007 corpusmeum,
862 1942 912 1988 aut
929 1931 1034 1987 hibere
1054 1939 1223 2014 sarrguinuu

183 2039 291 2075 meum.
328 2017 396 2074 Non
410 2019 508 2092 itaque
522 2025 644 2073 monent
657 2017 689 2072 in
703 2014 835 2086 Christo,
862 2017 912 2090 qui
931 2033 992 2071 non
1013 2027 1094 2073 sunt
1106 2020 1222 2075 membro

183 2105 256 2158 eius.
290 2099 359 2158 Non
377 2110 449 2157 sunt
465 2109 565 2156 autem
583 2100 713 2156 membra
726 2097 846 2171 Christi,
861 2100 910 2174 qui
924 2117 955 2154 se
969 2098 1094 2156 faciunt
1106 2103 1222 2159 membra

182 2187 365 2257 meretricis,
386 2185 445 2241 nisi
457 2186 564 2240 malum
576 2183 649 2240 illud
661 2181 836 2258 poenitendo
852 2201 916 2240 esse
935 2182 1134 2258 destiterint,
1158 2183 1222 2242 etad

182 2267 238 2325 hoc
251 2269 360 2325 bonum
373 2269 614 2325 reconciliatione
627 2265 779 2324 redierint.

543 2417 665 2477 CAP.
707 2413 860 2474 XXVI.

184 2515 257 2580 Quid
270 2515 307 2567 sit
322 2514 351 2567 in
361 2516 544 2589 fundamento
554 2514 651 2600 hpdere
663 2511 812 2596 Christum,
827 2513 960 2584 atquibus
970 2515 1144 2581 spondentur
1160 2519 1223 2569 solor

517 2601 596 2654 quast
602 2600 653 2652 per
663 2599 736 2653 agnos
747 2592 879 2636 usturam.

247 2690 307 2748 Sed
319 2691 444 2762 habent,
466 2693 621 2767 inquiunt,
645 2688 806 2748 Christiani
827 2689 962 2748 catholici
980 2693 1013 2748 in
1031 2690 1221 2749 fundamento

182 2773 343 2845 Christum,
359 2793 376 2830 a
390 2777 473 2832 cuius
486 2777 600 2832 unitate
614 2791 675 2831 non
688 2784 885 2845 recesserunt,
902 2776 1021 2831 tametsi
1034 2773 1107 2831 huic
1121 2777 1220 2833 funda-

78 2857 80 2864 ’
181 2866 282 2914 noento
296 2858 616 2932 superaedificaverunt
629 2857 789 2933 quamlibet
800 2860 956 2932 pessimam
968 2860 1075 2929 vitam,
1095 2861 1178 2916 velut
1188 2862 1221 2914 li-

182 2959 253 3018 gna,
267 2939 397 3009 foenum,
411 2941 561 3012 stipulam:
574 2950 656 2996 recta
669 2943 768 3014 itaque
781 2941 853 2996 lides
868 2935 958 3018 [cst]‚
971 2959 1024 3014 per
1037 2959 1128 3014 quam
1141 2942 1219 2998 Clui-

182 3033 244 3078 stus
259 3031 305 3075 est
317 3021 549 3092 fundamentum,
572 3023 705 3096 quamvis
719 3041 784 3078 cum
797 3021 913 3094 damno,
928 3024 1070 3099 quoniam
1085 3026 1138 3080 illa
1151 3045 1219 3101 quse

182 3101 427 3177 superaedificata
440 3101 519 3159 'sunt
537 3116 718 3176 exurentur,
743 3115 843 3163 tamen
859 3107 968 3180 poterit
981 3123 1032 3162 eos
1047 3107 1218 3183 quandoque

181 3186 217 3242 ab
236 3186 315 3241 illius
337 3186 416 3263 ignis
435 3190 631 3260 perpetuitate
651 3190 774 3246 salvare.
817 3188 1005 3264 Respondeat
1026 3191 1071 3246 eis
1097 3190 1219 3248 breviter

180 3270 339 3346 Apostolus
353 3269 490 3328 lacobus:
514 3269 550 3329 St
563 3275 628 3349 quis
642 3273 726 3329 dicat
739 3289 770 3330 se
776 3272 871 3344 fidem
884 3271 1002 3343 hahere,
1016 3291 1111 3350 opero
1125 3286 1220 3332 asten

181 3373 239 3412 non
253 3352 377 3422 habeat,
398 3356 541 3432 numquid
551 3357 671 3432 poterit
682 3354 765 3426 fides
778 3355 899 3412 solvere
913 3353 996 3412 euml
1030 3355 1072 3412 Et
1085 3359 1154 3432 quis
1168 3367 1219 3426 ert,

182 3438 338 3511 inquiunt,
363 3435 476 3512 dequo
499 3438 570 3494 dicit
582 3439 739 3512 Apostolus
757 3437 879 3496 Paulus:
905 3435 975 3516 Ipse
997 3449 1099 3496 autem
1121 3440 1218 3497 coloso

181 3522 260 3591 crit,
284 3523 328 3576 sic
342 3530 440 3577 tomen
454 3523 542 3597 quasi
547 3539 607 3600 per
620 3518 736 3597 ignem?
757 3519 853 3578 Simul
865 3523 930 3596 quis
943 3523 1000 3577 iste
1012 3523 1067 3591 sit,
1092 3524 1219 3597 inquira-

181 3619 260 3658 mus:
288 3601 366 3659 hunc
379 3612 476 3660 tamen
490 3621 551 3660 non
566 3622 646 3676 csse,
670 3605 867 3661 certissimum
881 3612 937 3675 est,
958 3621 996 3660 ne
1009 3603 1134 3661 duorum
1146 3605 1216 3680 Apo-

112 3739 117 3743 ,
181 3685 324 3740 stolorum
337 3688 500 3743 sententias
513 3688 663 3744 mittamus
677 3689 709 3744 in
721 3689 836 3757 rixam,
862 3689 888 3744 si
900 3705 977 3744 unus
991 3687 1075 3758 dicit,
1099 3687 1217 3746 Etiamsi

180 3764 258 3817 rnslo
272 3783 359 3836 opera
373 3769 438 3840 quis
450 3767 600 3840 habuerit,
626 3771 751 3828 salvabit
768 3790 835 3827 cum
854 3770 926 3829 fides
939 3789 992 3845 per
1005 3772 1123 3848 ignem3
1148 3771 1218 3827 alius

182 3853 290 3916 autem,
304 3843 336 3901 Si
352 3865 439 3921 opcra
455 3869 513 3908 non
526 3851 642 3926 haheat,
657 3853 797 3930 numquid
806 3855 917 3930 poterit
926 3853 999 3911 fides
1009 3855 1125 3912 solvere
1137 3849 1217 3910 euml
