2530 4392
186 204 241 264 DE
265 204 488 266 ClVlTATE
512 208 591 268 DEI
616 209 696 268 Llll.
724 211 803 271 XX.
953 207 1036 280 287⁸

56 362 129 418 iculis
149 359 313 436 baptismum
336 377 473 434 currere,
499 380 537 418 ne
556 362 622 420 aine
641 363 692 421 illo
713 362 833 424 liniatur
846 363 918 426 haec
935 372 1012 445 rita3

75 443 107 501 ad
127 444 397 515 reconciliationem,
412 446 450 500 si
473 445 550 503 forte
568 465 621 521 per
637 449 851 522 poenitentium
870 455 1011 513 malamve

56 529 186 586 scientiam
197 527 318 604 quisque
332 527 367 584 ab
381 527 483 586 eodem
494 547 615 603 corpore
625 540 840 605 separatorem.
860 533 918 592 Cur
933 540 1011 596 enim

58 614 145 684 tista,
163 613 216 670 nisi
229 613 298 687 quia
310 609 429 684 fideles,
443 615 532 670 etiam
545 613 690 686 defuncti,
704 615 832 673 membre
846 619 908 674 eius
923 618 1010 678 eunti

55 698 127 766 cnivis
137 715 200 775 ergo
214 713 280 752 curn
293 697 354 752 suis
367 697 537 770 corporibus
553 697 698 770 nondum,
726 701 784 756 iam
797 712 895 758 tamen
911 723 1009 760 eorum

55 801 103 837 rrae
113 789 230 858 regnent
243 797 310 836 cum
324 781 391 851 illo,
406 779 474 836 olum
488 781 539 837 isti
553 781 631 837 nrille
647 783 719 840 orrni
733 781 902 841 decurrunt.
928 785 1010 844 Vnde

58 883 88 920 oc
101 865 192 922 eodem
203 864 277 920 libro
292 873 321 918 et
339 864 409 920 alibi
427 865 550 942 legitur:
576 862 669 923 Beati
688 869 812 937 mortui,
829 871 890 945 'pai
903 872 934 926 in
948 869 1009 928 Do-

55 967 67 1004 o
80 950 248 1017 moriantur,
268 965 288 1002 o
302 947 383 1004 modo
396 959 426 1009 ot
440 950 500 1004 ione
513 949 587 1006 dicit
600 947 750 1028 Spiritus,
776 961 810 1008 ιιι
823 955 1011 1028 requiescent

57 1031 249 1104 loro'bnoonio,⁸
274 1049 343 1086 nom
366 1049 457 1109 opero
480 1051 579 1088 corum
598 1044 762 1110 sequnntur
776 1033 851 1092 illos.
894 1034 1012 1116 Regnat

54 1134 84 1170 uc
102 1133 162 1172 curn
174 1113 287 1172 Christo
307 1133 387 1170 nunc
407 1116 532 1189 primun
548 1113 682 1172 Ecclesia
701 1118 732 1172 in
746 1118 823 1173 vivis
837 1127 867 1174 ιι
879 1123 1012 1178 mortuis.

54 1209 144 1256 nereo
162 1199 251 1269 eninr,
278 1199 357 1254 sicut
373 1197 446 1255 dicit
457 1199 630 1274 Apostolus,
657 1210 789 1256 mortono
804 1211 850 1258 eet
863 1202 1011 1276 Gloriatur,

54 1293 62 1338 ι
75 1284 198 1340 uicorum
210 1292 241 1340 ιι
253 1292 434 1340 mortuorum
452 1283 626 1340 dominetur.
661 1281 720 1339 Sed
733 1283 798 1339 idco
812 1287 1012 1345 tantummodo

54 1375 142 1440 tyrum
153 1367 262 1422 animas
282 1367 537 1436 commemoravit,
564 1367 633 1441 quie
647 1367 703 1441 ipsi
716 1368 871 1442 praecipue
884 1381 1013 1447 regnant

54 1450 104 1520 ui,
130 1450 177 1525 qui
189 1467 281 1524 usque
293 1448 330 1504 ad
342 1459 466 1506 mortem
478 1467 531 1524 pro
544 1451 670 1508 veritate
683 1459 882 1509 certaverunt.
922 1452 982 1510 Sed
995 1472 1011 1508 e
1114 1499 1117 1508 .

54 1553 62 1588 e
77 1543 166 1590 totum
179 1534 264 1590 etiarn
283 1542 415 1589 caeteros
428 1544 559 1590 mortuos
573 1534 764 1612 intelligimus
779 1537 961 1609 pertinentes
975 1536 1011 1593 ad

53 1617 153 1688 esiam,
168 1616 242 1692 quod
256 1626 301 1672 ιιι
313 1635 439 1694 regnum
452 1615 572 1674 Christi.

53 1699 122 1766 laod
147 1719 213 1757 vero
236 1701 384 1776 sequitur,
411 1699 453 1758 Et
470 1703 499 1758 oi
514 1703 566 1778 qni
583 1719 640 1758 non
659 1701 862 1760 odoraverunt
875 1703 1012 1776 beotiam,

53 1785 196 1860 ireoginem
210 1785 291 1854 eino,
317 1802 371 1842 noc
393 1795 574 1863 occeperunt
596 1785 820 1862 inscriptionem
843 1786 1012 1858 insomne,

53 1870 74 1924 fn
87 1887 174 1924 monn
186 1885 257 1924 ouo:
284 1869 372 1924 simul
391 1866 427 1924 dc
442 1869 517 1926 vivis
532 1887 567 1924 ac
580 1870 703 1926 mortuis
718 1868 854 1926 debemus
868 1871 1010 1944 accipere.

53 1991 54 1996 ι
68 1952 107 2006 sit
118 1969 204 2026 porro
219 1951 276 2006 ista
289 1951 393 2022 bestia,
408 1952 540 2026 quamvis
555 1953 594 2008 sit
606 1952 780 2028 diligentius
794 1952 1011 2027 inquirendum,

53 2043 146 2090 tamen
160 2032 298 2090 abhorret
310 2051 328 2089 a
340 2033 397 2088 fide
410 2043 502 2104 recto,
515 2043 548 2088 ut
561 2035 624 2108 ipsa
637 2035 726 2108 impie
740 2033 850 2090 Civitas
863 2036 1010 2112 intellige-

64 2127 94 2172 et
112 2119 236 2192 populus
253 2115 416 2173 infidelium
436 2117 599 2171 contrarius
617 2118 722 2190 populo
743 2115 822 2170 fideli
847 2124 878 2170 ct
891 2115 1012 2174 Civitati

74 2200 177 2278 Imago
191 2219 262 2257 vero
278 2201 340 2255 eius
355 2199 503 2254 simulatio
518 2199 581 2254 eius
595 2197 668 2254 mihi
679 2197 812 2269 videtur,
826 2199 858 2254 in
872 2200 915 2254 eis
929 2198 1011 2256 vide-

52 2283 235 2352 hominibus,
260 2285 310 2359 qui
327 2284 410 2340 velut
427 2281 514 2338 iidem
532 2281 723 2356 profitentur,
750 2291 780 2337 et
797 2280 955 2338 infideliter
967 2285 1011 2340 vi-

84 2367 221 2446 Fingunt
234 2368 328 2436 eninr,
348 2384 380 2424 se
395 2384 458 2422 csso
473 2363 549 2440 quod
563 2383 623 2420 non
638 2375 723 2437 sunt,
738 2375 938 2440 vocanturque
951 2385 1010 2423 non

55 2454 64 2506 i
80 2451 198 2528 effigie,
214 2450 263 2506 scol
278 2451 377 2508 fallaci
391 2450 520 2527 imagine
533 2446 702 2505 Christiani.
734 2447 778 2505 nd
792 2447 914 2506 eandem
928 2467 1011 2506 nam-

55 2537 164 2591 estiam
179 2536 333 2609 pertinent
347 2553 407 2590 non
420 2535 515 2589 solum
528 2541 628 2606 aperte
641 2533 755 2588 inimici
768 2529 1012 2590 nominisClrristi

52 2638 72 2674 ιι
87 2619 325 2697 gloriosissimae
336 2615 489 2686 Civitatis,
509 2613 560 2670 sed
575 2616 664 2672 ctiam
677 2617 813 2686 zizania,
828 2633 902 2690 quae
915 2615 951 2670 de
965 2633 1012 2670 re-

52 2705 127 2774 rius,
155 2702 237 2777 quod
255 2711 300 2758 ιιι
312 2700 466 2771 Ecclesia,
492 2700 524 2755 in
537 2698 597 2755 fine
615 2700 724 2755 saeculi
744 2697 910 2776 colligenda
931 2708 1011 2756 sunt.

54 2789 64 2842 i
79 2795 154 2844 sunt
166 2787 219 2860 qui
233 2804 292 2844 non
311 2784 436 2840 adorant
453 2783 577 2841 bestiam
596 2801 651 2839 nec
670 2783 830 2862 imaginem
847 2783 928 2854 eius,
952 2783 1010 2838 nisi

56 2873 144 2926 ciunt
158 2869 239 2945 quod
252 2870 294 2928 ait
307 2867 478 2943 Apostolus:
505 2864 549 2925 Ne
571 2869 641 2924 aitis
666 2868 766 2944 ingone
787 2865 926 2924 docenter
946 2883 1010 2924 cum

52 2951 155 3012 libne?
183 2952 253 3010 Non
266 2952 390 3010 odorant
402 2953 496 3024 enirn,
517 2950 548 3008 id
561 2961 620 3022 ιιι,
642 2968 704 3008 non
717 2949 923 3021 consentiunt,
949 2967 1009 3006 non

53 3040 180 3094 iuntur:
209 3055 304 3114 neque
328 3038 476 3112 occipiunt
501 3036 744 3109 inscriptionem,
771 3043 870 3092 notam
897 3034 1011 3090 scilicet

52 3123 112 3192 ris,
141 3123 176 3178 in
193 3120 310 3192 fronte,
333 3129 452 3194 propter
464 3118 692 3193 professionem3
718 3119 750 3174 in
763 3135 866 3187 manu,
891 3125 1010 3193 propter

52 3206 178 3262 tionem.
204 3204 247 3260 Ab
260 3202 306 3258 his
324 3221 395 3279 ergo
409 3203 495 3258 malis
508 3203 615 3273 alieni,
629 3203 693 3256 sive
707 3199 801 3257 adhuc
815 3201 847 3254 in
861 3200 918 3255 isto
931 3217 1008 3255 mor-

52 3307 131 3344 orne
155 3290 316 3357 viventes,
341 3287 404 3341 sive
427 3282 573 3355 defuncti,
599 3291 728 3360 regnaut
741 3301 807 3337 cum
820 3280 936 3337 Christo
953 3282 1010 3336 iam

85 3371 224 3448 quodam
238 3368 323 3426 modo
336 3366 404 3430 huic
417 3368 542 3440 tempori
556 3381 707 3443 congruo,
722 3382 776 3438 per
788 3372 883 3418 totum
894 3360 951 3418 hoe
963 3363 1011 3418 in·

52 3460 131 3527 lum,
161 3453 246 3532 quod
261 3470 382 3510 numero
400 3451 479 3509 mille
492 3449 677 3528 significatur
691 3464 845 3504 annorum.

52 3539 149 3616 eliqui
163 3557 281 3608 eornm,
296 3535 407 3611 inquit,
427 3552 484 3590 non
495 3535 646 3590 uicerunt.
674 3529 756 3586 Hora
770 3529 850 3586 enim
864 3544 942 3584 nunc
956 3535 1011 3599 cst,

52 3624 155 3678 nortui
172 3620 297 3678 audient
315 3637 417 3676 vocem
431 3616 501 3674 Filii
514 3615 587 3688 Dei,
614 3624 644 3670 et
658 3613 708 3689 qui
721 3611 883 3680 audierint,
895 3611 1011 3668 vivent:

52 3713 56 3761 ζ
83 3723 166 3763 vcro
194 3723 296 3760 eorum
319 3721 380 3758 non
403 3702 516 3758 vivent.
560 3697 644 3766 Quod
663 3715 734 3754 vero
752 3693 896 3764 subdidit,
922 3694 1013 3752 donec

52 3801 106 3846 tur
123 3788 215 3846 mille
230 3790 319 3846 anni:
344 3783 570 3860 intelligendum
583 3791 644 3854 cot,
671 3778 747 3856 quod
760 3797 794 3836 eo
807 3787 938 3854 tempore
952 3795 1012 3834 non

52 3884 118 3945 int,
151 3891 218 3947 quo
241 3873 341 3928 vivere
364 3867 545 3939 debuerunt,
571 3865 607 3923 ad
624 3866 715 3923 vitem
733 3863 847 3919 scilicet
866 3861 901 3918 de
919 3869 1012 3918 morte
