2538 4392
218 243 274 298 tuo
443 227 542 289 olvl
563 221 754 286 svaran
775 216 1033 280 AVGVSTlNl

218 389 345 462 „delium
352 381 573 461 posteaveniet:
586 377 799 436 dabuntantem
804 373 1232 448 Deoalapasmaalhnsincesth.

216 483 268 544 „et
281 474 426 544 impurato
440 481 492 521 ere
502 465 648 538 exspuent
656 467 942 532 venenatos-sputus:
956 457 1038 513 dabit
1052 475 1122 514 vero
1136 458 1173 525 ad
1183 479 1231 516 ιιι-

217 556 311 626 „bera
320 553 492 626 simpliciter
505 556 638 603 sancmm
652 545 780 602 dorsum.
804 541 845 599 Et
857 539 1159 616 colaphoaaccipiens
1171 553 1232 598 tace

215 637 291 709 „bit,
305 655 343 691 ne
357 637 421 710 quis
435 628 680 709 agnoscat,‘quod
692 629 829 698 verbum,
852 623 994 683 velunde
1004 627 1092 682 venit
1103 635 1138 682 ut
1148 627 1232 683 inieris

215 723 384 796 ,‚loquatnr,
398 726 428 772 et
441 732 550 770 corona
562 714 666 786 spinea
679 720 847 770 coronetur.
878 708 923 765 hd
936 709 1032 766 elbum
1045 717 1145 766 autem
1156 710 1233 780 sehet

215 803 274 877 „ad
292 804 371 858 sitim
389 804 503 856 acetum
522 795 679 852 dederunt:
705 793 945 869 inhospitalitatis
957 790 1034 848 hanc
1047 793 1234 850 monstrabunt

216 903 376 959 .,mensam.
399 879 465 954 lpsa
478 880 557 936 enirn
569 879 712 953 insipiens
725 887 807 934 tuum
821 877 917 934 Deum
931 893 991 933 aon
1003 877 1188 948 intellexisti,
1199 878 1231 931 lu·

216 953 355 1041 ,mentem
368 965 537 1022 mortalium
547 961 706 1033 mentibus,
721 960 774 1017 sed
786 970 815 1016 et
827 963 917 1035 spinis
932 961 1100 1032 coronasti,
1112 969 1143 1016 et
1152 959 1234 1015 horri-

218 1051 308 1123 „dum
320 1049 360 1105 fel
372 1047 525 1104 miscuisti.
549 1045 664 1120 Templi
676 1063 748 1103 vero
762 1045 861 1102 velum
874 1044 1039 1101 scindetur:
1054 1053 1086 1100 et
1096 1041 1180 1099 media
1193 1042 1236 1098 die

217 1151 302 1208 „nox
318 1134 376 1188 erit
394 1130 550 1188 machroas
566 1130 654 1186 nimis
672 1131 704 1185 in
715 1130 812 1186 tribus
824 1126 914 1184 horis.
943 1125 990 1183 'Et
1001 1135 1099 1183 morto
1109 1127 1238 1183 morietur

217 1218 333 1291 „trihus
346 1215 449 1272 dicbus
463 1231 567 1270 somno
583 1221 735 1288 suscepto:
754 1221 785 1268 et
798 1221 870 1268 tnnc
882 1212 917 1267 ab
926 1210 1034 1266 inferis
1047 1226 1197 1289 regressus
1210 1207 1237 1264 al

218 1304 336 1375 „lucem
350 1293 481 1375 [laetam]
495 1298 597 1356 veniet
608 1298 735 1371 primus,
762 1294 989 1352 resurrectionis
1006 1295 1155 1367 principio
1166 1312 1238 1349 revo-

219 1387 313 1459 „catis
329 1383 480 1440 ostenso.“
516 1378 761 1438 lsta'baotantius
782 1379 904 1452 carptim
917 1394 971 1452 per
982 1377 1142 1434 intervalla
1154 1375 1238 1452 dispa-
1254 1417 1255 1420 ,

218 1469 339 1526 tationis
353 1485 434 1537 suae,
447 1466 526 1522 sicut
538 1483 573 1520 ea
585 1480 709 1539 poscere
720 1461 906 1534 videbantur,
931 1475 1006 1536 quae
1017 1460 1144 1534 probare
1156 1462 1238 1516 inteu-
1255 1448 1256 1540 l

218 1552 317 1620 derat,
325 1549 459 1606 adhibuit
470 1549 642 1604 testimonia
652 1545 808 1623 sibyllina,
822 1561 895 1620 quae
908 1561 962 1602 nos
976 1541 1051 1600 nihil
1063 1544 1239 1619 interponen-

218 1642 280 1703 tes,
304 1631 401 1688 sedin
414 1647 504 1686 unam
517 1631 623 1686 seriem
637 1637 943 1704 conuexaponentes,
966 1628 1038 1684 solis
1052 1628 1212 1702 capitibus,
1223 1628 1240 1680 si

218 1724 315 1772 tamen
330 1715 489 1788 scriptores
502 1711 638 1788 deinceps
653 1731 687 1769 ea
701 1729 886 1770 servan-enon
893 1712 1056 1789 negligant,
1070 1709 1241 1789 distinguen-
1257 1742 1258 1778 ι

218 1797 255 1854 da
268 1798 442 1853 curarimus.
490 1794 633 1851 Nonnulli
645 1813 719 1851 sane
730 1794 923 1870 Erythraeam
935 1793 1095 1870 Sibyllam,
1122 1799 1183 1852 riou
1196 1793 1241 1850 lle

218 1881 302 1952 muli,
316 1878 367 1936 sad
377 1877 445 1934 belli
458 1875 582 1934 Troiani
597 1887 728 1953 tempore
739 1879 834 1934 fuisse
844 1879 1036 1954 scripserunt.
1066 1905 1069 1908 ·

579 2043 701 2103 ιιι.
745 1999 889 2106 ιιιι.
1001 2077 1006 2086 -

218 2143 298 2211 Quod
305 2151 440 2214 regnante
450 2142 564 2196 Romulo
573 2153 672 2212 septem
686 2143 826 2213 Sapientes
836 2119 997 2206 claruerint,
1047 2106 1071 2194 'o
1088 2151 1203 2212 tempore
1213 2143 1246 2192 ιι

215 2213 378 2277 terratribus,
388 2229 455 2282 puae
465 2213 555 2266 Israel
563 2213 729 2277 dicebamur,
739 2213 768 2266 in
778 2212 967 2282 captiuitatem
977 2229 995 2264 a
1017 2229 1018 2232 ’
1029 2213 1155 2266 huldaeis
1165 2215 1245 2266 ductae

303 2293 376 2346 ιιιιιι,
386 2283 506 2351 idemque
517 2283 647 2341 Romulus
656 2294 780 2338 mortuus
790 2283 882 2336 divino
890 2281 987 2337 maore
996 2283 1116 2336 tuncrus
1126 2294 1178 2338 est.

281 2387 393 2445 Eodem
406 2386 530 2444 Romule
545 2399 691 2467 regnante
704 2388 811 2446 Thales
823 2388 955 2447 Milesius
970 2389 1063 2446 luisse
1076 2389 1247 2466 perhibetur,

217 2489 297 2530 unus
309 2491 326 2528 e
338 2481 454 2545 septem
462 2469 667 2547 sapientibus,
691 2474 742 2550 qui
755 2481 822 2548 post
831 2472 984 2552 theologos
998 2472 1124 2546 Poetae,
1148 2477 1181 2530 in
1195 2475 1248 2548 qui-

217 2556 270 2613 bus
285 2554 420 2632 Orpheus
437 2558 565 2614 maxime
584 2559 714 2614 omnium
732 2557 901 2614 nobilitatus
919 2565 979 2628 est,
1001 2557 1105 2632 Σοᾳοί
1123 2556 1250 2633 appellati

218 2649 304 2713 sunt,
330 2639 409 2716 quod
421 2649 466 2696 est
478 2637 584 2696 Latine
597 2637 762 2716 Sapientes.
797 2637 944 2696 Periclem
957 2649 1072 2715 tempus
1086 2641 1193 2698 decem
1206 2641 1250 2696 tri-

217 2724 288 2795 hus,
312 2741 388 2800 quae
402 2725 433 2779 in
448 2722 595 2780 divisione
606 2726 706 2800 populi
719 2733 841 2782 vocatae
856 2733 925 2781 sunt
937 2723 1038 2795 Israel,
1062 2725 1250 2782 debellataea

218 2803 385 2877 Chaldaeis,
404 2817 435 2863 et
447 2809 478 2862 in
493 2825 542 2863 eas
556 2817 649 2864 terras
664 2810 796 2882 captivae
810 2807 913 2865 ductae
927 2817 1011 2880 sunt,
1034 2809 1251 2865 remanentibus

218 2891 249 2946 in
266 2887 373 2944 Iudaea
389 2898 468 2944 terra
482 2889 593 2945 duabus
608 2891 666 2947 illis
678 2891 827 2964 tribubus,
842 2909 915 2968 quae
928 2893 1048 2949 nomine
1063 2891 1156 2950 ludae
1170 2909 1251 2948 roca-

218 2972 342 3041 bantur,
364 2970 521 3046 sedemque
533 2974 620 3048 regui
638 2972 784 3032 habebant
797 2973 993 3033 Hierusalem.
1026 2975 1185 3034 Mortuum
1199 2973 1252 3030 Ro·

217 3055 342 3123 mulum,
369 3071 436 3108 eum
463 3062 493 3108 et
516 3055 579 3129 ipse
600 3072 664 3112 non
692 3060 918 3134 comparuisset,
951 3061 982 3116 in
1009 3059 1097 3132 deos,
1122 3057 1204 3135 quod
1229 3065 1253 3110 el

216 3137 308 3214 vulgo
323 3137 510 3193 notissimum
523 3147 584 3210 est,
597 3141 728 3196 retulere
741 3139 882 3216 Romani3
910 3141 984 3218 quod
995 3161 1088 3219 usque
1103 3143 1181 3200 adeo
1195 3139 1252 3196 heri

215 3221 273 3276 iam
287 3219 424 3290 desierat,
438 3239 492 3277 neo
505 3229 605 3296 postea
618 3224 677 3280 nisi
691 3224 845 3298 adulando,
859 3244 920 3282 non
935 3225 1071 3298 errando,
1084 3228 1201 3284 factum
1215 3233 1254 3278 est

214 3303 394 3380 temporibus
412 3303 585 3377 Caesarum,
599 3315 633 3363 ut
649 3306 753 3365 Cicero
771 3309 887 3386 magnis
907 3307 1025 3366 Romuli
1044 3311 1185 3367 laudibus
1206 3305 1254 3362 tri·

215 3388 300 3460 bunt,
328 3387 407 3466 quod
421 3407 481 3446 non
493 3389 616 3448 rudibus
630 3399 660 3448 et
671 3391 798 3448 indoctis
816 3392 1009 3468 temporibus,
1036 3393 1155 3470 quondo
1170 3391 1254 3448 facile

214 3469 348 3530 homines
361 3471 557 3545 fallebantur,
585 3474 637 3531 sed
654 3477 713 3531 iam
730 3477 867 3550 expolitis
887 3486 918 3534 et
935 3472 1060 3534 eruditis
1078 3477 1194 3534 meruit
1207 3473 1254 3528 bos

215 3553 358 3629 honores3
386 3557 519 3631 quamvis
538 3557 668 3614 nondum
682 3555 858 3616 efferbuerat
869 3577 904 3616 ac
916 3561 1113 3634 pullulaverat
1125 3558 1255 3636 philoso-

213 3637 337 3713 phorum
361 3639 478 3695 subtilis
501 3649 532 3696 et
552 3649 638 3697 acuta
661 3643 832 3718 loquacitas.
867 3641 927 3700 Sed
951 3643 1065 3700 etiamsi
1085 3642 1255 3719 posteriora

216 3729 347 3796 tempora
360 3722 430 3778 deos
443 3721 576 3780 homines
590 3733 719 3782 mortuos
732 3744 792 3783 non
807 3727 1011 3798 instituerunt,
1034 3736 1136 3783 tamen
1150 3725 1192 3781 ab
1205 3739 1255 3778 an·

214 3803 305 3880 tiquis
319 3805 473 3860 institutos
487 3808 583 3864 colere
596 3817 630 3864 ut
643 3807 711 3866 deos
726 3819 756 3866 et
767 3808 874 3866 habere
894 3829 955 3866 non
974 3809 1169 3866 destiterunt:
1185 3807 1255 3882 quin

215 3885 302 3939 etlam
315 3886 496 3958 simulacris,
520 3907 593 3962 quae
608 3899 721 3947 ueteres
737 3911 796 3949 non
814 3891 975 3964 habebant,
998 3902 1147 3949 auxerunt
1158 3905 1256 3948 vanae
