2586 4396
229 195 268 258 ιι
457 135 553 248 orm
573 184 762 244 svamm
784 185 1037 246 ινιιιιιιιι

232 362 327 424 genus
343 340 515 410 humanum,
541 341 669 414 exceptis
691 349 756 396 octo
772 337 953 411 hominibus,
978 339 1076 421 perire
1091 355 1253 404 mereretur

230 427 346 484 ‘mum
601 504 623 563 c
644 507 669 564 ι
689 504 721 563 ι.
763 503 874 562 xxr.

229 605 290 670 Quo
304 605 410 658 ratione
424 611 625 669 commemorato
634 601 741 666 Enoch,
762 603 808 672 pai
817 601 879 675 fait
886 601 966 672 filias
977 601 1060 668 Caio,
1080 605 1161 658 totta
1172 623 1254 677 gene·

227 674 342 731 rationia
362 673 419 728 cias
434 689 465 726 ιιι
484 689 515 724 ιιι
530 673 566 724 ad
579 672 707 726 dilucium
721 672 757 724 sit
772 673 930 726 continuata
945 675 1086 727 narratio:
1104 692 1253 732 commemo·

287 754 349 798 rato
360 752 450 796 autem
488 758 544 806 noa,
554 742 600 812 pai
609 741 672 815 soit
679 741 758 811 filiae
769 741 842 806 Seth,
853 743 889 794 ad
897 743 1056 798 conditionis
1064 740 1195 800 ltamcoae

561 811 724 880 principiam
740 812 777 864 eit
794 813 917 865 reditum.

297 919 395 978 Primo
415 929 513 976 eutem
530 917 704 976 intuendum
717 927 774 990 est,
800 920 1040 996 quemadmodum
1052 939 1117 980 cum
1131 942 1169 982 ex
1183 925 1251 983 Cain

231 1005 437 1083 generationes
461 1011 716 1074 enumerarentur,
744 1013 963 1060 commemorato
978 1013 1045 1062 onte
1059 1016 1190 1066 caeteros
1202 1029 1251 1085 po-

229 1101 323 1148 steros
338 1089 416 1160 eius,
441 1088 491 1144 illo
509 1088 542 1142 in
562 1088 646 1144 cuius
666 1087 784 1144 nomine
803 1086 983 1146 condiscere
1005 1089 1121 1162 civitas,
1147 1092 1250 1164 idest,

228 1170 346 1245 Enoch,
369 1172 500 1246 contexti
513 1179 582 1228 sunt
595 1171 703 1226 caeteri
715 1189 807 1246 usque
819 1170 856 1228 ad
868 1173 949 1228 illum
961 1171 1065 1246 finem,
1087 1173 1121 1231 de
1135 1193 1192 1250 quo
1205 1178 1250 1233 lo-

229 1267 312 1315 cutus
327 1274 405 1328 sum,
431 1254 522 1312 donec
540 1253 612 1310 illud
630 1273 724 1333 genus
745 1264 832 1332 atque
850 1256 988 1312 universo
1000 1273 1125 1336 propago
1139 1258 1250 1316 diluvio

229 1341 390 1398 deleretur:
418 1358 481 1396 eum
504 1357 576 1396 voro
600 1337 679 1394 filius
698 1336 769 1395 Seth
792 1357 865 1396 ιιιιιιι
888 1350 1125 1398 commemoratus
1145 1341 1251 1400 fuisset

227 1423 326 1498 Eoos,
353 1422 481 1481 nondum
498 1441 590 1498 usque
609 1421 647 1478 od
664 1421 804 1480 diluvium
824 1421 930 1480 additis
948 1425 1087 1496 caeteris,
1112 1427 1250 1484 articulus

228 1508 343 1584 quidem
356 1507 551 1580 interponitur
564 1516 594 1562 ιι
608 1505 728 1564 dicitur:
753 1503 814 1562 Hic
828 1506 901 1564 liber
914 1507 1086 1564 activitatis
1098 1506 1252 1581 heminam,

227 1611 285 1668 qua
296 1588 519 1662 diafecitDeae
528 1587 633 1658 Adam,
647 1589 688 1647 od
698 1591 855 1666 imaginem
861 1587 922 1648 Dei
925 1589 1010 1661 fecit
1023 1589 1112 1648 illam.
1133 1591 1250 1652 Maroa-

228 1674 286 1732 iam
299 1675 484 1746 etsemiaam
494 1673 579 1745 fecit
591 1673 673 1744 illoa,
686 1683 720 1750 Ιιι
734 1673 881 1732 benedixit
895 1672 976 1745 illos,
996 1683 1026 1730 ιι
1038 1678 1249 1751 cognominavit

227 1776 328 1814 comeo
341 1775 438 1814 eorum
450 1754 561 1826 Adam,
574 1775 632 1834 qao
643 1756 780 1829 diafeoit
793 1757 868 1814 illos.
912 1755 994 1823 Quod
1004 1755 1075 1813 mihi
1088 1759 1202 1816 videtur
1216 1759 1249 1816 od

226 1837 280 1897 hoo
294 1840 514 1915 interpositum,
541 1849 574 1896 ut
586 1839 655 1896 hinc
667 1855 770 1898 rursus
784 1843 926 1917 inciperet
937 1839 972 1896 ab
985 1841 1049 1916 ipso
1059 1841 1150 1900 Adam
1163 1842 1249 1899 dinu-

225 1925 347 1980 meratio
361 1933 540 1998 temporum,
565 1943 651 2000 quom
664 1927 760 1983 noluit
772 1926 869 1982 socero
883 1926 933 2000 qui
944 1922 1014 1982 haec
1028 1928 1143 2002 scripsit
1153 1928 1184 1982 in
1197 1925 1248 1984 Ci-

226 2008 316 2065 vitate
328 2018 460 2066 terrena:
487 2017 628 2084 tanquam
640 2027 703 2066 eam
716 2008 799 2068 Deus
812 2011 855 2066 ric
869 2021 1122 2083 commemoraret,
1143 2019 1176 2067 ιιι
1189 2030 1249 2068 non

227 2101 414 2168 computaret.
443 2089 503 2150 Sed
515 2110 604 2167 quare
616 2091 686 2150 hino
698 2093 809 2150 reditur
822 2094 859 2150 od
874 2095 959 2150 istam
971 2095 1247 2169 recapitulationem,

225 2185 326 2250 postea
339 2193 426 2252 quam
439 2186 680 2234 commemoratus*
690 2187 736 2236 est
748 2177 826 2234 filius
840 2175 927 2249 Seth,
952 2175 1037 2234 homo
1056 2180 1105 2254 qui
1123 2181 1248 2253 sperarit

225 2261 365 2318 invocare
378 2277 484 2317 nomen
496 2259 618 2316 Domini
630 2260 704 2334 Dei,
722 2263 781 2318 nisi
794 2263 862 2336 quia
875 2263 917 2317 sic
931 2261 1081 2336 oportebat
1093 2263 1165 2318 istas
1180 2262 1247 2318 duas

226 2360 390 2417 proponere
403 2343 553 2415 civitates,
566 2361 655 2400 unam
667 2363 719 2418 per
731 2343 904 2402 homicidam
915 2343 1052 2420 usquead
1063 2342 1248 2412 homicidam

225 2445 293 2483 nam
307 2436 337 2484 et
348 2425 472 2484 Lamech
483 2426 592 2484 duabus
602 2429 742 2486 uxoribus
754 2429 814 2484 suis
827 2447 859 2484 re
871 2437 1050 2504 perpetrasse
1063 2426 1249 2486 homicidium

226 2509 395 2568 confitetur:
422 2512 542 2568 alteram
559 2531 610 2587 per
629 2531 694 2568 eum
708 2513 757 2586 qui
775 2515 904 2586 sperarit
916 2514 1052 2568 invocare
1065 2531 1175 2570 nomen
1186 2513 1247 2570 Do·

223 2596 296 2652 nrini
309 2591 384 2652 Deii
423 2593 488 2652 Hoc
502 2605 547 2652 est
561 2597 666 2671 quippe
679 2597 709 2652 in
723 2593 777 2652 hoc
790 2595 897 2652 mundo
909 2597 1125 2674 peregrinantia
1139 2595 1248 2654 Civita-

224 2679 262 2734 tis
275 2677 332 2736 Dei
342 2689 434 2736 totum
448 2687 535 2754 atque
545 2697 685 2736 summum
698 2681 730 2735 in
743 2677 800 2752 hac,
810 2681 984 2736 mortalitate
998 2681 1158 2758 negotium,
1174 2679 1249 2756 quod

223 2779 275 2834 per
289 2781 379 2820 unum
391 2761 547 2833 hominem,
566 2781 650 2836 quem
665 2781 736 2820 sane
749 2765 840 2818 occisi
852 2765 1027 2820 resurrectio
1041 2765 1155 2842 genuit,
1170 2783 1248 2820 oom-

223 2845 417 2902 mendandum
430 2845 496 2900 luit.
539 2843 634 2900 Homo
655 2848 760 2921 quippe
777 2847 828 2902 ille
848 2865 922 2904 unus
941 2849 1031 2904 totius
1045 2865 1186 2921 supernae
1200 2846 1248 2904 Ci-

223 2929 324 2984 vitatis
339 2938 383 2984 est
396 2929 509 2984 unitos:
525 2927 652 2984 nondum
665 2931 781 3006 quidem
793 2933 944 3004 completa,
958 2929 1009 2986 sed
1021 2932 1176 3005 praemissa
1189 2931 1250 2986 ista

222 3009 390 3085 prophetica
407 3009 651 3090 praefiguratione
669 3013 846 3088 complenda.
888 3013 981 3070 Filius
995 3034 1064 3092 orgo
1078 3013 1162 3083 Cain,
1190 3010 1250 3068 hoc

223 3103 269 3148 ιιι
280 3093 357 3150 filius
370 3096 579 3169 possessionis,
599 3098 694 3172 (cuius
708 3099 767 3152 nisi
780 3093 954 3176 terrenoel)
981 3096 1085 3158 haheat
1095 3106 1203 3154 nomen
1217 3099 1249 3152 in

224 3179 342 3234 civitate
354 3187 487 3250 terreno,
515 3198 588 3256 quae
602 3181 710 3236 ineius
725 3182 841 3238 nonsine
856 3181 972 3238 condita
986 3191 1040 3238 est.
1083 3181 1128 3238 De
1145 3178 1190 3235 his
1203 3191 1250 3234 est

223 3263 301 3318 enim
319 3263 353 3320 de
372 3264 474 3339 quihus
493 3262 675 3322 cantatorio
693 3263 825 3320 Psalmo:
854 3261 1035 3322 [avocabant
1059 3267 1173 3322 aomina
1199 3282 1250 3320 eo-

221 3365 285 3402 ram
300 3349 330 3404 in
344 3349 436 3405 terris
450 3349 589 3426 ipsoram.
625 3345 746 3422 Propter
759 3347 836 3423 quod
849 3349 979 3422 sequitur
992 3367 1042 3403 eos
1057 3347 1135 3422 quod
1145 3349 1177 3402 in
1192 3348 1251 3402 alio

220 3427 334 3488 Paahno
349 3433 560 3506 scriptumest:
587 3429 727 3503 Domine,
751 3434 782 3488 ιἰι
799 3433 922 3490 civitate
935 3441 989 3488 toa
1001 3433 1158 3508 imagineae
1171 3432 1253 3508 ipseo·

220 3533 288 3572 rum
298 3517 339 3574 ad
350 3513 473 3572 nihilum
486 3515 615 3590 rediges.
626 3513 650 3572 F
651 3515 718 3570 iliu
729 3524 825 3572 autem
833 3513 916 3586 Seth,
926 3513 981 3570 hoc
993 3524 1048 3586 est,
1058 3514 1136 3570 filius
1149 3533 1252 3570 resur·

220 3601 377 3670 rectionis,
392 3607 491 3673 speret
502 3599 640 3655 invocare
653 3617 759 3656 nomen
772 3599 893 3657 Domini
906 3597 971 3655 Dei.
993 3598 1067 3656 Eam
1080 3600 1190 3674 quippe
1203 3616 1252 3654 so·

221 3681 356 3738 rietatem
368 3681 518 3738 hominum
530 3681 709 3759 praefigurat
720 3700 793 3758 quae
807 3682 893 3738 dicit:
912 3680 977 3757 Ego
991 3692 1090 3740 autem
1102 3673 1185 3738 sicat
1199 3680 1254 3738 oli·

219 3762 440 3835 ecfractifera
455 3767 485 3822 io
499 3767 581 3823 domo
595 3763 656 3821 Dei
666 3768 788 3842 speravi
800 3768 830 3822 in
844 3765 1049 3822 misericordia
1061 3763 1131 3822 Dei.
1154 3763 1255 3820 l'anaa

221 3852 316 3903 autem
337 3848 445 3923 glorias
469 3848 574 3904 famosi
593 3849 624 3903 in
644 3857 722 3904 terra
742 3850 867 3906 nominis
886 3867 943 3904 non
962 3850 1107 3922 requirat:
1139 3851 1254 3912 Βιαιιιι
