<?xml version="1.0" encoding="UTF-8"?>
<!DOCTYPE html PUBLIC "-//W3C//DTD XHTML 1.0 Transitional//EN"
    "http://www.w3.org/TR/xhtml1/DTD/xhtml1-transitional.dtd">
<html xmlns="http://www.w3.org/1999/xhtml" xml:lang="en" lang="en">
 <head>
  <title>
</title>
<meta http-equiv="Content-Type" content="text/html;charset=utf-8" />
  <meta name='ocr-system' content='tesseract 3.04.00' />
  <meta name='ocr-capabilities' content='ocr_page ocr_carea ocr_par ocr_line ocrx_word'/>
</head>
<body>
  <div class='ocr_page' id='page_1' title='image "./saureliiaugusti02augugoog_0134.png"; bbox 0 0 2590 4396; ppageno 0'>
   <div class='ocr_carea' id='block_1_1' title="bbox 270 225 1073 290">
    <p class='ocr_par' dir='ltr' id='par_1_1' title="bbox 270 225 1073 290">
     <span class='ocr_line' id='line_1_1' title="bbox 270 225 1073 290; baseline 0.007 -8"><span class='ocrx_word' id='word_1_1' title='bbox 270 225 330 282; x_wconf 90' lang='lat' dir='ltr'>DE</span> <span class='ocrx_word' id='word_1_2' title='bbox 356 227 574 287; x_wconf 71' lang='lat' dir='ltr'>crvrrnTE</span> <span class='ocrx_word' id='word_1_3' title='bbox 597 229 675 288; x_wconf 78' lang='lat' dir='ltr'>DEI</span> <span class='ocrx_word' id='word_1_4' title='bbox 696 231 775 288; x_wconf 74' lang='lat' dir='ltr'>uin.</span> <span class='ocrx_word' id='word_1_5' title='bbox 798 233 851 290; x_wconf 81' lang='lat' dir='ltr'>lv.</span> <span class='ocrx_word' id='word_1_6' title='bbox 1017 233 1073 288; x_wconf 78' lang='lat'>127</span> 
     </span>
    </p>
   </div>
   <div class='ocr_carea' id='block_1_2' title="bbox 42 375 1076 1258">
    <p class='ocr_par' dir='ltr' id='par_1_2' title="bbox 42 375 1076 1258">
     <span class='ocr_line' id='line_1_2' title="bbox 43 375 1075 454; baseline 0.007 -22"><span class='ocrx_word' id='word_1_7' title='bbox 43 375 71 433; x_wconf 85' lang='lat' dir='ltr'>de</span> <span class='ocrx_word' id='word_1_8' title='bbox 96 378 201 452; x_wconf 88' lang='lat' dir='ltr'>quibus</span> <span class='ocrx_word' id='word_1_9' title='bbox 231 379 349 450; x_wconf 87' lang='lat' dir='ltr'>impune</span> <span class='ocrx_word' id='word_1_10' title='bbox 368 379 524 454; x_wconf 82' lang='lat' dir='ltr'>tinguntur.</span> <span class='ocrx_word' id='word_1_11' title='bbox 569 379 626 434; x_wconf 86' lang='lat' dir='ltr'>Sed</span> <span class='ocrx_word' id='word_1_12' title='bbox 645 399 702 435; x_wconf 92' lang='lat' dir='ltr'>non</span> <span class='ocrx_word' id='word_1_13' title='bbox 721 391 750 435; x_wconf 87' lang='lat' dir='ltr'>te</span> <span class='ocrx_word' id='word_1_14' title='bbox 768 381 902 452; x_wconf 85' lang='lat' dir='ltr'>audiunt,</span> <span class='ocrx_word' id='word_1_15' title='bbox 925 383 1075 440; x_wconf 82' lang='lat' dir='ltr'>daemones</span> 
     </span>
     <span class='ocr_line' id='line_1_3' title="bbox 43 458 1075 538; baseline 0.006 -24"><span class='ocrx_word' id='word_1_16' title='bbox 43 470 106 529; x_wconf 85' lang='lat' dir='ltr'>sunt,</span> <span class='ocrx_word' id='word_1_17' title='bbox 125 476 220 532; x_wconf 83' lang='lat' dir='ltr'>prava</span> <span class='ocrx_word' id='word_1_18' title='bbox 240 458 356 530; x_wconf 79' lang='lat' dir='ltr'>docent,</span> <span class='ocrx_word' id='word_1_19' title='bbox 377 463 508 535; x_wconf 80' lang='lat' dir='ltr'>turpibus</span> <span class='ocrx_word' id='word_1_20' title='bbox 527 463 666 537; x_wconf 83' lang='lat' dir='ltr'>gaudent:</span> <span class='ocrx_word' id='word_1_21' title='bbox 690 481 745 519; x_wconf 92' lang='lat' dir='ltr'>non</span> <span class='ocrx_word' id='word_1_22' title='bbox 761 465 854 519; x_wconf 86' lang='lat' dir='ltr'>solum</span> <span class='ocrx_word' id='word_1_23' title='bbox 867 481 925 530; x_wconf 86' lang='lat' dir='ltr'>non</span> <span class='ocrx_word' id='word_1_24' title='bbox 938 465 1075 538; x_wconf 82' lang='lat' dir='ltr'>deputant</span> 
     </span>
     <span class='ocr_line' id='line_1_4' title="bbox 42 538 1075 620; baseline 0.005 -24"><span class='ocrx_word' id='word_1_25' title='bbox 42 544 184 612; x_wconf 87' lang='lat' dir='ltr'>iniuriam,</span> <span class='ocrx_word' id='word_1_26' title='bbox 213 542 241 597; x_wconf 92' lang='lat' dir='ltr'>si</span> <span class='ocrx_word' id='word_1_27' title='bbox 265 541 301 596; x_wconf 89' lang='lat' dir='ltr'>de</span> <span class='ocrx_word' id='word_1_28' title='bbox 321 538 380 600; x_wconf 81' lang='lat' dir='ltr'>illis</span> <span class='ocrx_word' id='word_1_29' title='bbox 400 545 455 599; x_wconf 85' lang='lat' dir='ltr'>ista</span> <span class='ocrx_word' id='word_1_30' title='bbox 473 543 633 618; x_wconf 60' lang='lat' dir='ltr'>fingentum</span> <span class='ocrx_word' id='word_1_31' title='bbox 657 546 707 600; x_wconf 88' lang='lat' dir='ltr'>sed</span> <span class='ocrx_word' id='word_1_32' title='bbox 725 565 788 601; x_wconf 85' lang='lat' dir='ltr'>eam</span> <span class='ocrx_word' id='word_1_33' title='bbox 804 563 923 620; x_wconf 89' lang='lat' dir='ltr'>prorsus</span> <span class='ocrx_word' id='word_1_34' title='bbox 940 548 1075 602; x_wconf 83' lang='lat' dir='ltr'>iniuriam</span> 
     </span>
     <span class='ocr_line' id='line_1_5' title="bbox 44 623 1075 700; baseline 0.004 -21"><span class='ocrx_word' id='word_1_35' title='bbox 44 626 110 679; x_wconf 84' lang='lat' dir='ltr'>serre</span> <span class='ocrx_word' id='word_1_36' title='bbox 124 640 188 678; x_wconf 92' lang='lat' dir='ltr'>non</span> <span class='ocrx_word' id='word_1_37' title='bbox 203 629 344 696; x_wconf 77' lang='lat' dir='ltr'><strong>possunt,</strong></span> <span class='ocrx_word' id='word_1_38' title='bbox 358 623 385 676; x_wconf 92' lang='lat' dir='ltr'>si</span> <span class='ocrx_word' id='word_1_39' title='bbox 397 639 449 694; x_wconf 82' lang='lat' dir='ltr'>per</span> <span class='ocrx_word' id='word_1_40' title='bbox 463 639 565 678; x_wconf 88' lang='lat' dir='ltr'>eorum</span> <span class='ocrx_word' id='word_1_41' title='bbox 578 623 712 678; x_wconf 84' lang='lat' dir='ltr'>solennia</span> <span class='ocrx_word' id='word_1_42' title='bbox 725 641 787 678; x_wconf 91' lang='lat' dir='ltr'>non</span> <span class='ocrx_word' id='word_1_43' title='bbox 800 632 937 700; x_wconf 84' lang='lat' dir='ltr'>agantur.</span> <span class='ocrx_word' id='word_1_44' title='bbox 951 624 1013 682; x_wconf 90' lang='lat' dir='ltr'>Iam</span> <span class='ocrx_word' id='word_1_45' title='bbox 1024 645 1075 683; x_wconf 83' lang='lat' dir='ltr'>re·</span> 
     </span>
     <span class='ocr_line' id='line_1_6' title="bbox 43 703 1074 780; baseline 0.005 -20"><span class='ocrx_word' id='word_1_46' title='bbox 43 727 68 762; x_wconf 90' lang='lat' dir='ltr'>ro</span> <span class='ocrx_word' id='word_1_47' title='bbox 82 707 106 761; x_wconf 89' lang='lat' dir='ltr'>si</span> <span class='ocrx_word' id='word_1_48' title='bbox 122 705 271 762; x_wconf 84' lang='lat' dir='ltr'>adversus</span> <span class='ocrx_word' id='word_1_49' title='bbox 288 721 339 759; x_wconf 79' lang='lat' dir='ltr'>eos</span> <span class='ocrx_word' id='word_1_50' title='bbox 353 703 452 760; x_wconf 85' lang='lat' dir='ltr'>lovem</span> <span class='ocrx_word' id='word_1_51' title='bbox 465 705 652 778; x_wconf 79' lang='lat' dir='ltr'><strong>interpelles,</strong></span> <span class='ocrx_word' id='word_1_52' title='bbox 675 708 802 761; x_wconf 80' lang='lat' dir='ltr'>maxime</span> <span class='ocrx_word' id='word_1_53' title='bbox 815 707 852 762; x_wconf 89' lang='lat' dir='ltr'>ob</span> <span class='ocrx_word' id='word_1_54' title='bbox 867 724 931 763; x_wconf 86' lang='lat' dir='ltr'>eam</span> <span class='ocrx_word' id='word_1_55' title='bbox 946 727 1074 780; x_wconf 84' lang='lat' dir='ltr'>causam,</span> 
     </span>
     <span class='ocr_line' id='line_1_7' title="bbox 43 787 1076 863; baseline 0.004 -20"><span class='ocrx_word' id='word_1_56' title='bbox 43 793 99 863; x_wconf 81' lang='lat' dir='ltr'>quia</span> <span class='ocrx_word' id='word_1_57' title='bbox 114 793 182 843; x_wconf 90' lang='lat' dir='ltr'>eius</span> <span class='ocrx_word' id='word_1_58' title='bbox 197 790 286 860; x_wconf 83' lang='lat' dir='ltr'>pluro</span> <span class='ocrx_word' id='word_1_59' title='bbox 301 788 426 842; x_wconf 87' lang='lat' dir='ltr'>crimina</span> <span class='ocrx_word' id='word_1_60' title='bbox 438 787 515 843; x_wconf 90' lang='lat' dir='ltr'>ludis</span> <span class='ocrx_word' id='word_1_61' title='bbox 530 790 656 844; x_wconf 87' lang='lat' dir='ltr'>scenicis</span> <span class='ocrx_word' id='word_1_62' title='bbox 671 791 847 859; x_wconf 83' lang='lat' dir='ltr'>actitantur3</span> <span class='ocrx_word' id='word_1_63' title='bbox 874 807 975 846; x_wconf 87' lang='lat' dir='ltr'>nonne</span> <span class='ocrx_word' id='word_1_64' title='bbox 988 793 1076 847; x_wconf 86' lang='lat' dir='ltr'>etiam</span> 
     </span>
     <span class='ocr_line' id='line_1_8' title="bbox 42 871 1075 948; baseline 0.001 -21"><span class='ocrx_word' id='word_1_65' title='bbox 42 875 60 927; x_wconf 89' lang='lat' dir='ltr'>si</span> <span class='ocrx_word' id='word_1_66' title='bbox 72 872 169 928; x_wconf 86' lang='lat' dir='ltr'>Deum</span> <span class='ocrx_word' id='word_1_67' title='bbox 185 871 289 926; x_wconf 85' lang='lat' dir='ltr'>lovem</span> <span class='ocrx_word' id='word_1_68' title='bbox 303 872 497 942; x_wconf 87' lang='lat' dir='ltr'>nuncupatis,</span> <span class='ocrx_word' id='word_1_69' title='bbox 523 888 540 925; x_wconf 90' lang='lat' dir='ltr'>a</span> <span class='ocrx_word' id='word_1_70' title='bbox 554 887 611 945; x_wconf 92' lang='lat' dir='ltr'>quo</span> <span class='ocrx_word' id='word_1_71' title='bbox 626 874 741 948; x_wconf 86' lang='lat' dir='ltr'>regitur</span> <span class='ocrx_word' id='word_1_72' title='bbox 754 880 834 928; x_wconf 87' lang='lat' dir='ltr'>totus</span> <span class='ocrx_word' id='word_1_73' title='bbox 848 882 937 946; x_wconf 83' lang='lat' dir='ltr'>atque</span> <span class='ocrx_word' id='word_1_74' title='bbox 950 873 1075 930; x_wconf 87' lang='lat' dir='ltr'>admini-</span> 
     </span>
     <span class='ocr_line' id='line_1_9' title="bbox 44 951 1075 1030; baseline 0.004 -22"><span class='ocrx_word' id='word_1_75' title='bbox 44 965 142 1010; x_wconf 84' lang='lat' dir='ltr'>stratur</span> <span class='ocrx_word' id='word_1_76' title='bbox 156 953 209 1009; x_wconf 89' lang='lat' dir='ltr'>hic</span> <span class='ocrx_word' id='word_1_77' title='bbox 224 951 366 1024; x_wconf 88' lang='lat' dir='ltr'>muudus,</span> <span class='ocrx_word' id='word_1_78' title='bbox 394 971 429 1008; x_wconf 91' lang='lat' dir='ltr'>co</span> <span class='ocrx_word' id='word_1_79' title='bbox 447 954 492 1008; x_wconf 84' lang='lat' dir='ltr'>iili</span> <span class='ocrx_word' id='word_1_80' title='bbox 511 953 546 1008; x_wconf 84' lang='lat' dir='ltr'>fit</span> <span class='ocrx_word' id='word_1_81' title='bbox 564 971 581 1008; x_wconf 86' lang='lat' dir='ltr'>a</span> <span class='ocrx_word' id='word_1_82' title='bbox 599 955 683 1010; x_wconf 85' lang='lat' dir='ltr'>vobis</span> <span class='ocrx_word' id='word_1_83' title='bbox 701 955 829 1010; x_wconf 80' lang='lat' dir='ltr'>maxima</span> <span class='ocrx_word' id='word_1_84' title='bbox 847 956 972 1026; x_wconf 89' lang='lat' dir='ltr'>iniuria,</span> <span class='ocrx_word' id='word_1_85' title='bbox 997 956 1075 1030; x_wconf 93' lang='lat' dir='ltr'>quod</span> 
     </span>
     <span class='ocr_line' id='line_1_10' title="bbox 44 1034 1074 1114; baseline 0.003 -23"><span class='ocrx_word' id='word_1_86' title='bbox 44 1057 97 1094; x_wconf 85' lang='lat' dir='ltr'>eum</span> <span class='ocrx_word' id='word_1_87' title='bbox 110 1057 182 1093; x_wconf 90' lang='lat' dir='ltr'>cum</span> <span class='ocrx_word' id='word_1_88' title='bbox 197 1038 267 1092; x_wconf 89' lang='lat' dir='ltr'>istis</span> <span class='ocrx_word' id='word_1_89' title='bbox 282 1034 437 1092; x_wconf 88' lang='lat' dir='ltr'>colendum</span> <span class='ocrx_word' id='word_1_90' title='bbox 449 1038 575 1110; x_wconf 85' lang='lat' dir='ltr'>putetis,</span> <span class='ocrx_word' id='word_1_91' title='bbox 602 1055 762 1110; x_wconf 86' lang='lat' dir='ltr'>corumque</span> <span class='ocrx_word' id='word_1_92' title='bbox 782 1055 884 1114; x_wconf 83' lang='lat' dir='ltr'>regern</span> <span class='ocrx_word' id='word_1_93' title='bbox 897 1056 963 1096; x_wconf 82' lang='lat' dir='ltr'>esse</span> <span class='ocrx_word' id='word_1_94' title='bbox 977 1038 1074 1114; x_wconf 83' lang='lat' dir='ltr'>perhi-</span> 
     </span>
     <span class='ocr_line' id='line_1_11' title="bbox 43 1117 123 1177; baseline 0.038 -3"><span class='ocrx_word' id='word_1_95' title='bbox 43 1117 123 1177; x_wconf 78' lang='lat' dir='ltr'>betisi</span> 
     </span>
     <span class='ocr_line' id='line_1_12' title="bbox 371 1200 742 1258; baseline -0.005 0"><span class='ocrx_word' id='word_1_96' title='bbox 371 1201 439 1258; x_wconf 80' lang='lat' dir='ltr'>CA</span> <span class='ocrx_word' id='word_1_97' title='bbox 461 1202 493 1256; x_wconf 91' lang='lat' dir='ltr'>P.</span> <span class='ocrx_word' id='word_1_98' title='bbox 537 1200 569 1257; x_wconf 89' lang='lat' dir='ltr'>X</span> <span class='ocrx_word' id='word_1_99' title='bbox 582 1200 614 1256; x_wconf 92' lang='lat' dir='ltr'>X</span> <span class='ocrx_word' id='word_1_100' title='bbox 629 1201 653 1255; x_wconf 95' lang='lat' dir='ltr'>V</span> <span class='ocrx_word' id='word_1_101' title='bbox 668 1201 742 1256; x_wconf 89' lang='lat'>111.</span> 
     </span>
    </p>
   </div>
   <div class='ocr_carea' id='block_1_3' title="bbox 43 1295 1076 1417">
    <p class='ocr_par' dir='ltr' id='par_1_3' title="bbox 43 1295 1076 1417">
     <span class='ocr_line' id='line_1_13' title="bbox 43 1295 1076 1416; baseline 0.002 -68"><span class='ocrx_word' id='word_1_102' title='bbox 43 1299 74 1350; x_wconf 77' lang='lat' dir='ltr'>Aa</span> <span class='ocrx_word' id='word_1_103' title='bbox 87 1301 123 1352; x_wconf 81' lang='lat' dir='ltr'>ad</span> <span class='ocrx_word' id='word_1_104' title='bbox 135 1299 316 1351; x_wconf 79' lang='lat' dir='ltr'>obtinendum</span> <span class='ocrx_word' id='word_1_105' title='bbox 327 1297 546 1416; x_wconf 55' lang='lat' dir='ltr'>dilatandamgue</span> <span class='ocrx_word' id='word_1_106' title='bbox 562 1313 675 1365; x_wconf 81' lang='lat' dir='ltr'>regnum</span> <span class='ocrx_word' id='word_1_107' title='bbox 688 1298 830 1368; x_wconf 80' lang='lat' dir='ltr'><em>profuerit</em></span> <span class='ocrx_word' id='word_1_108' title='bbox 844 1295 974 1350; x_wconf 75' lang='lat' dir='ltr'>Rornanis</span> <span class='ocrx_word' id='word_1_109' title='bbox 989 1302 1076 1350; x_wconf 81' lang='lat' dir='ltr'>cuitus</span> 
     </span>
     <span class='ocr_line' id='line_1_14' title="bbox 514 1381 613 1417; baseline -0.02 0"><span class='ocrx_word' id='word_1_110' title='bbox 514 1381 613 1417; x_wconf 83' lang='lat' dir='ltr'>esrum.</span> 
     </span>
    </p>
   </div>
   <div class='ocr_carea' id='block_1_4' title="bbox 39 1453 1144 3024">
    <p class='ocr_par' dir='ltr' id='par_1_4' title="bbox 39 1453 1144 3024">
     <span class='ocr_line' id='line_1_15' title="bbox 92 1453 1076 1534; baseline -0.003 -19"><span class='ocrx_word' id='word_1_111' title='bbox 92 1457 182 1514; x_wconf 91' lang='lat' dir='ltr'>Nullo</span> <span class='ocrx_word' id='word_1_112' title='bbox 198 1458 298 1534; x_wconf 85' lang='lat' dir='ltr'>igitur</span> <span class='ocrx_word' id='word_1_113' title='bbox 311 1453 396 1510; x_wconf 91' lang='lat' dir='ltr'>modo</span> <span class='ocrx_word' id='word_1_114' title='bbox 410 1453 451 1509; x_wconf 91' lang='lat' dir='ltr'>dii</span> <span class='ocrx_word' id='word_1_115' title='bbox 463 1457 554 1527; x_wconf 83' lang='lat' dir='ltr'>tales,</span> <span class='ocrx_word' id='word_1_116' title='bbox 581 1457 632 1530; x_wconf 88' lang='lat' dir='ltr'>qui</span> <span class='ocrx_word' id='word_1_117' title='bbox 645 1455 752 1512; x_wconf 81' lang='lat' dir='ltr'>talibus</span> <span class='ocrx_word' id='word_1_118' title='bbox 765 1457 937 1530; x_wconf 80' lang='lat' dir='ltr'>placantur,</span> <span class='ocrx_word' id='word_1_119' title='bbox 964 1456 1012 1510; x_wconf 82' lang='lat' dir='ltr'>vel</span> <span class='ocrx_word' id='word_1_120' title='bbox 1024 1474 1076 1530; x_wconf 91' lang='lat' dir='ltr'>po·</span> 
     </span>
     <span class='ocr_line' id='line_1_16' title="bbox 44 1537 1075 1613; baseline 0 -19"><span class='ocrx_word' id='word_1_121' title='bbox 44 1543 89 1595; x_wconf 85' lang='lat' dir='ltr'>tius</span> <span class='ocrx_word' id='word_1_122' title='bbox 102 1549 292 1598; x_wconf 80' lang='lat' dir='ltr'>accusantur</span> <span class='ocrx_word' id='word_1_123' title='bbox 304 1537 481 1608; x_wconf 83' lang='lat' dir='ltr'>honoribus,</span> <span class='ocrx_word' id='word_1_124' title='bbox 509 1547 544 1594; x_wconf 87' lang='lat' dir='ltr'>ut</span> <span class='ocrx_word' id='word_1_125' title='bbox 557 1539 651 1594; x_wconf 73' lang='lat' dir='ltr'>muisis</span> <span class='ocrx_word' id='word_1_126' title='bbox 666 1539 706 1594; x_wconf 88' lang='lat' dir='ltr'>sit</span> <span class='ocrx_word' id='word_1_127' title='bbox 716 1540 830 1594; x_wconf 85' lang='lat' dir='ltr'>crimen</span> <span class='ocrx_word' id='word_1_128' title='bbox 844 1537 923 1613; x_wconf 89' lang='lat' dir='ltr'>qnod</span> <span class='ocrx_word' id='word_1_129' title='bbox 937 1538 979 1593; x_wconf 90' lang='lat' dir='ltr'>eis</span> <span class='ocrx_word' id='word_1_130' title='bbox 993 1538 1075 1594; x_wconf 77' lang='lat' dir='ltr'>falsis</span> 
     </span>
     <span class='ocr_line' id='line_1_17' title="bbox 46 1620 1075 1696; baseline -0.001 -19"><span class='ocrx_word' id='word_1_131' title='bbox 46 1623 234 1695; x_wconf 85' lang='lat' dir='ltr'>oblectantur,</span> <span class='ocrx_word' id='word_1_132' title='bbox 250 1639 339 1696; x_wconf 83' lang='lat' dir='ltr'>quam</span> <span class='ocrx_word' id='word_1_133' title='bbox 353 1620 428 1676; x_wconf 89' lang='lat' dir='ltr'>side</span> <span class='ocrx_word' id='word_1_134' title='bbox 441 1621 500 1676; x_wconf 85' lang='lat' dir='ltr'>illis</span> <span class='ocrx_word' id='word_1_135' title='bbox 515 1639 586 1677; x_wconf 85' lang='lat' dir='ltr'>vera</span> <span class='ocrx_word' id='word_1_136' title='bbox 600 1622 782 1692; x_wconf 81' lang='lat' dir='ltr'>dicerentur,</span> <span class='ocrx_word' id='word_1_137' title='bbox 806 1621 971 1678; x_wconf 90' lang='lat' dir='ltr'>Romanum</span> <span class='ocrx_word' id='word_1_138' title='bbox 983 1623 1075 1694; x_wconf 87' lang='lat' dir='ltr'>impe-</span> 
     </span>
     <span class='ocr_line' id='line_1_18' title="bbox 46 1699 1144 1785; baseline 0.003 -26"><span class='ocrx_word' id='word_1_139' title='bbox 46 1707 104 1761; x_wconf 86' lang='lat' dir='ltr'>rium</span> <span class='ocrx_word' id='word_1_140' title='bbox 123 1725 242 1785; x_wconf 86' lang='lat' dir='ltr'>augere</span> <span class='ocrx_word' id='word_1_141' title='bbox 263 1714 294 1760; x_wconf 90' lang='lat' dir='ltr'>et</span> <span class='ocrx_word' id='word_1_142' title='bbox 313 1719 488 1761; x_wconf 84' lang='lat' dir='ltr'>conservare</span> <span class='ocrx_word' id='word_1_143' title='bbox 505 1705 680 1778; x_wconf 85' lang='lat' dir='ltr'>potuissent.</span> <span class='ocrx_word' id='word_1_144' title='bbox 716 1703 781 1760; x_wconf 89' lang='lat' dir='ltr'>Hoc</span> <span class='ocrx_word' id='word_1_145' title='bbox 801 1706 879 1760; x_wconf 90' lang='lat' dir='ltr'>enim</span> <span class='ocrx_word' id='word_1_146' title='bbox 898 1707 925 1761; x_wconf 91' lang='lat' dir='ltr'>si</span> <span class='ocrx_word' id='word_1_147' title='bbox 943 1713 1075 1780; x_wconf 83' lang='lat' dir='ltr'>possent,</span> <span class='ocrx_word' id='word_1_148' title='bbox 1143 1699 1144 1702; x_wconf 44' lang='lat'>&#39;</span> 
     </span>
     <span class='ocr_line' id='line_1_19' title="bbox 46 1786 1074 1865; baseline 0.001 -23"><span class='ocrx_word' id='word_1_149' title='bbox 46 1787 152 1846; x_wconf 78' lang='lat' dir='ltr'>Graecis</span> <span class='ocrx_word' id='word_1_150' title='bbox 166 1790 272 1864; x_wconf 87' lang='lat' dir='ltr'>potius</span> <span class='ocrx_word' id='word_1_151' title='bbox 286 1786 463 1844; x_wconf 90' lang='lat' dir='ltr'>donumtam</span> <span class='ocrx_word' id='word_1_152' title='bbox 474 1786 588 1865; x_wconf 81' lang='lat' dir='ltr'>grande</span> <span class='ocrx_word' id='word_1_153' title='bbox 602 1786 784 1859; x_wconf 85' lang='lat' dir='ltr'>conferrent,</span> <span class='ocrx_word' id='word_1_154' title='bbox 798 1789 850 1863; x_wconf 88' lang='lat' dir='ltr'>qui</span> <span class='ocrx_word' id='word_1_155' title='bbox 864 1805 914 1844; x_wconf 90' lang='lat' dir='ltr'>eos</span> <span class='ocrx_word' id='word_1_156' title='bbox 928 1790 960 1844; x_wconf 92' lang='lat' dir='ltr'>in</span> <span class='ocrx_word' id='word_1_157' title='bbox 973 1787 1074 1844; x_wconf 88' lang='lat' dir='ltr'>huius-</span> 
     </span>
     <span class='ocr_line' id='line_1_20' title="bbox 44 1861 1137 1948; baseline 0 -22"><span class='ocrx_word' id='word_1_158' title='bbox 44 1871 108 1928; x_wconf 84' lang='lat' dir='ltr'>modi</span> <span class='ocrx_word' id='word_1_159' title='bbox 119 1875 215 1930; x_wconf 88' lang='lat' dir='ltr'>rcbus</span> <span class='ocrx_word' id='word_1_160' title='bbox 231 1871 355 1942; x_wconf 84' lang='lat' dir='ltr'>divinis,</span> <span class='ocrx_word' id='word_1_161' title='bbox 377 1869 433 1926; x_wconf 93' lang='lat' dir='ltr'>hoc</span> <span class='ocrx_word' id='word_1_162' title='bbox 448 1879 504 1940; x_wconf 88' lang='lat' dir='ltr'>est,</span> <span class='ocrx_word' id='word_1_163' title='bbox 527 1870 604 1927; x_wconf 91' lang='lat' dir='ltr'>ludis</span> <span class='ocrx_word' id='word_1_164' title='bbox 620 1871 747 1926; x_wconf 74' lang='lat' dir='ltr'>scenicis</span> <span class='ocrx_word' id='word_1_165' title='bbox 760 1869 961 1927; x_wconf 85' lang='lat' dir='ltr'>honorabilius</span> <span class='ocrx_word' id='word_1_166' title='bbox 976 1871 1075 1948; x_wconf 80' lang='lat' dir='ltr'>digni·</span> <span class='ocrx_word' id='word_1_167' title='bbox 1133 1861 1137 1868; x_wconf 46' lang='lat'><strong>¹</strong></span> 
     </span>
     <span class='ocr_line' id='line_1_21' title="bbox 45 1952 1074 2028; baseline 0.001 -21"><span class='ocrx_word' id='word_1_168' title='bbox 45 1971 122 2028; x_wconf 88' lang='lat' dir='ltr'>usque</span> <span class='ocrx_word' id='word_1_169' title='bbox 136 1957 314 2024; x_wconf 88' lang='lat' dir='ltr'>coluerunt,</span> <span class='ocrx_word' id='word_1_170' title='bbox 335 1952 452 2028; x_wconf 92' lang='lat' dir='ltr'>quando</span> <span class='ocrx_word' id='word_1_171' title='bbox 467 1963 496 2008; x_wconf 90' lang='lat' dir='ltr'>et</span> <span class='ocrx_word' id='word_1_172' title='bbox 510 1971 527 2008; x_wconf 83' lang='lat' dir='ltr'>a</span> <span class='ocrx_word' id='word_1_173' title='bbox 539 1954 684 2010; x_wconf 86' lang='lat' dir='ltr'>morsibus</span> <span class='ocrx_word' id='word_1_174' title='bbox 698 1963 861 2026; x_wconf 87' lang='lat' dir='ltr'>poetarum,</span> <span class='ocrx_word' id='word_1_175' title='bbox 886 1955 990 2028; x_wconf 90' lang='lat' dir='ltr'>quibus</span> <span class='ocrx_word' id='word_1_176' title='bbox 1005 1954 1074 2009; x_wconf 78' lang='lat' dir='ltr'>deos</span> 
     </span>
     <span class='ocr_line' id='line_1_22' title="bbox 45 2035 1074 2107; baseline -0.001 -16"><span class='ocrx_word' id='word_1_177' title='bbox 45 2035 189 2095; x_wconf 84' lang='lat' dir='ltr'>dilacerari</span> <span class='ocrx_word' id='word_1_178' title='bbox 202 2037 357 2106; x_wconf 87' lang='lat' dir='ltr'>videbant,</span> <span class='ocrx_word' id='word_1_179' title='bbox 385 2054 417 2091; x_wconf 88' lang='lat' dir='ltr'>se</span> <span class='ocrx_word' id='word_1_180' title='bbox 431 2055 490 2092; x_wconf 91' lang='lat' dir='ltr'>non</span> <span class='ocrx_word' id='word_1_181' title='bbox 505 2037 730 2107; x_wconf 80' lang='lat' dir='ltr'>subtraxerunt,</span> <span class='ocrx_word' id='word_1_182' title='bbox 758 2035 854 2091; x_wconf 88' lang='lat' dir='ltr'>dando</span> <span class='ocrx_word' id='word_1_183' title='bbox 869 2038 912 2091; x_wconf 88' lang='lat' dir='ltr'>eis</span> <span class='ocrx_word' id='word_1_184' title='bbox 925 2037 1074 2091; x_wconf 81' lang='lat' dir='ltr'>licentiam</span> 
     </span>
     <span class='ocr_line' id='line_1_23' title="bbox 44 2118 1074 2192; baseline -0.001 -18"><span class='ocrx_word' id='word_1_185' title='bbox 44 2123 105 2176; x_wconf 83' lang='lat' dir='ltr'>nale</span> <span class='ocrx_word' id='word_1_186' title='bbox 117 2119 276 2177; x_wconf 86' lang='lat' dir='ltr'>tractandi</span> <span class='ocrx_word' id='word_1_187' title='bbox 288 2118 422 2174; x_wconf 88' lang='lat' dir='ltr'>homines</span> <span class='ocrx_word' id='word_1_188' title='bbox 437 2137 510 2192; x_wconf 87' lang='lat' dir='ltr'>quos</span> <span class='ocrx_word' id='word_1_189' title='bbox 524 2120 640 2189; x_wconf 88' lang='lat' dir='ltr'>liberet,</span> <span class='ocrx_word' id='word_1_190' title='bbox 654 2127 684 2173; x_wconf 89' lang='lat' dir='ltr'>et</span> <span class='ocrx_word' id='word_1_191' title='bbox 697 2121 776 2192; x_wconf 87' lang='lat' dir='ltr'>ipsos</span> <span class='ocrx_word' id='word_1_192' title='bbox 791 2119 924 2173; x_wconf 87' lang='lat' dir='ltr'>scenicos</span> <span class='ocrx_word' id='word_1_193' title='bbox 938 2135 999 2173; x_wconf 94' lang='lat' dir='ltr'>non</span> <span class='ocrx_word' id='word_1_194' title='bbox 1012 2127 1074 2173; x_wconf 90' lang='lat' dir='ltr'>tur·</span> 
     </span>
     <span class='ocr_line' id='line_1_24' title="bbox 43 2197 1074 2278; baseline -0.001 -21"><span class='ocrx_word' id='word_1_195' title='bbox 43 2219 83 2275; x_wconf 77' lang='lat' dir='ltr'>pes</span> <span class='ocrx_word' id='word_1_196' title='bbox 96 2205 321 2272; x_wconf 84' lang='lat' dir='ltr'>iudicaverunt,</span> <span class='ocrx_word' id='word_1_197' title='bbox 337 2200 390 2256; x_wconf 88' lang='lat' dir='ltr'>sed</span> <span class='ocrx_word' id='word_1_198' title='bbox 403 2201 510 2278; x_wconf 88' lang='lat' dir='ltr'>dignos</span> <span class='ocrx_word' id='word_1_199' title='bbox 525 2203 613 2257; x_wconf 89' lang='lat' dir='ltr'>etiam</span> <span class='ocrx_word' id='word_1_200' title='bbox 626 2202 785 2276; x_wconf 83' lang='lat' dir='ltr'>praeclaris</span> <span class='ocrx_word' id='word_1_201' title='bbox 796 2197 957 2256; x_wconf 90' lang='lat' dir='ltr'>bonoribus</span> <span class='ocrx_word' id='word_1_202' title='bbox 968 2199 1074 2256; x_wconf 89' lang='lat' dir='ltr'>babue-</span> 
     </span>
     <span class='ocr_line' id='line_1_25' title="bbox 43 2281 1073 2359; baseline -0.001 -19"><span class='ocrx_word' id='word_1_203' title='bbox 43 2297 107 2342; x_wconf 86' lang='lat' dir='ltr'>runt.</span> <span class='ocrx_word' id='word_1_204' title='bbox 122 2286 216 2344; x_wconf 79' lang='lat' dir='ltr'>Sicut</span> <span class='ocrx_word' id='word_1_205' title='bbox 229 2293 329 2341; x_wconf 85' lang='lat' dir='ltr'>autem</span> <span class='ocrx_word' id='word_1_206' title='bbox 342 2293 504 2357; x_wconf 87' lang='lat' dir='ltr'>potuerunt</span> <span class='ocrx_word' id='word_1_207' title='bbox 516 2302 636 2340; x_wconf 85' lang='lat' dir='ltr'>auream</span> <span class='ocrx_word' id='word_1_208' title='bbox 649 2285 805 2359; x_wconf 84' lang='lat' dir='ltr'>pecuniam</span> <span class='ocrx_word' id='word_1_209' title='bbox 817 2281 925 2340; x_wconf 86' lang='lat' dir='ltr'>habere</span> <span class='ocrx_word' id='word_1_210' title='bbox 938 2281 1073 2351; x_wconf 83' lang='lat' dir='ltr'>Romani,</span> 
     </span>
     <span class='ocr_line' id='line_1_26' title="bbox 44 2366 1074 2444; baseline -0.003 -21"><span class='ocrx_word' id='word_1_211' title='bbox 44 2372 164 2440; x_wconf 81' lang='lat' dir='ltr'>quamvis</span> <span class='ocrx_word' id='word_1_212' title='bbox 181 2368 273 2424; x_wconf 90' lang='lat' dir='ltr'>deum</span> <span class='ocrx_word' id='word_1_213' title='bbox 285 2368 431 2439; x_wconf 84' lang='lat' dir='ltr'>Aurinum</span> <span class='ocrx_word' id='word_1_214' title='bbox 444 2385 505 2422; x_wconf 92' lang='lat' dir='ltr'>non</span> <span class='ocrx_word' id='word_1_215' title='bbox 519 2369 667 2424; x_wconf 87' lang='lat' dir='ltr'>colerent:</span> <span class='ocrx_word' id='word_1_216' title='bbox 683 2369 726 2422; x_wconf 93' lang='lat' dir='ltr'>sic</span> <span class='ocrx_word' id='word_1_217' title='bbox 740 2375 770 2421; x_wconf 89' lang='lat' dir='ltr'>et</span> <span class='ocrx_word' id='word_1_218' title='bbox 784 2376 956 2444; x_wconf 86' lang='lat' dir='ltr'>argenteam</span> <span class='ocrx_word' id='word_1_219' title='bbox 969 2366 1074 2422; x_wconf 88' lang='lat' dir='ltr'>habere</span> 
     </span>
     <span class='ocr_line' id='line_1_27' title="bbox 43 2449 1073 2527; baseline -0.002 -21"><span class='ocrx_word' id='word_1_220' title='bbox 43 2461 206 2523; x_wconf 82' lang='lat' dir='ltr'>potuerunt,</span> <span class='ocrx_word' id='word_1_221' title='bbox 229 2459 261 2505; x_wconf 90' lang='lat' dir='ltr'>et</span> <span class='ocrx_word' id='word_1_222' title='bbox 274 2467 401 2520; x_wconf 84' lang='lat' dir='ltr'>oeream,</span> <span class='ocrx_word' id='word_1_223' title='bbox 421 2451 446 2504; x_wconf 93' lang='lat' dir='ltr'>si</span> <span class='ocrx_word' id='word_1_224' title='bbox 461 2467 515 2505; x_wconf 92' lang='lat' dir='ltr'>nec</span> <span class='ocrx_word' id='word_1_225' title='bbox 528 2449 736 2527; x_wconf 87' lang='lat' dir='ltr'>Argentinum,</span> <span class='ocrx_word' id='word_1_226' title='bbox 750 2467 806 2504; x_wconf 93' lang='lat' dir='ltr'>nec</span> <span class='ocrx_word' id='word_1_227' title='bbox 822 2449 886 2504; x_wconf 91' lang='lat' dir='ltr'>eius</span> <span class='ocrx_word' id='word_1_228' title='bbox 899 2459 1012 2522; x_wconf 85' lang='lat' dir='ltr'>patrem</span> <span class='ocrx_word' id='word_1_229' title='bbox 1025 2468 1073 2506; x_wconf 90' lang='lat' dir='ltr'>co-</span> 
     </span>
     <span class='ocr_line' id='line_1_28' title="bbox 42 2530 1074 2606; baseline -0.001 -21"><span class='ocrx_word' id='word_1_230' title='bbox 42 2533 125 2591; x_wconf 83' lang='lat' dir='ltr'>lerent</span> <span class='ocrx_word' id='word_1_231' title='bbox 138 2535 359 2593; x_wconf 80' lang='lat' dir='ltr'>Aesculanum:</span> <span class='ocrx_word' id='word_1_232' title='bbox 375 2534 461 2587; x_wconf 77' lang='lat' dir='ltr'>etsie</span> <span class='ocrx_word' id='word_1_233' title='bbox 476 2535 574 2588; x_wconf 90' lang='lat' dir='ltr'>omnia</span> <span class='ocrx_word' id='word_1_234' title='bbox 584 2532 659 2606; x_wconf 82' lang='lat' dir='ltr'>quae</span> <span class='ocrx_word' id='word_1_235' title='bbox 670 2540 807 2587; x_wconf 85' lang='lat' dir='ltr'>retexere</span> <span class='ocrx_word' id='word_1_236' title='bbox 820 2533 910 2606; x_wconf 83' lang='lat' dir='ltr'>piget.</span> <span class='ocrx_word' id='word_1_237' title='bbox 938 2530 989 2586; x_wconf 81' lang='lat' dir='ltr'>Sic</span> <span class='ocrx_word' id='word_1_238' title='bbox 1004 2549 1074 2606; x_wconf 82' lang='lat' dir='ltr'>crgo</span> 
     </span>
     <span class='ocr_line' id='line_1_29' title="bbox 42 2611 1074 2696; baseline -0.003 -27"><span class='ocrx_word' id='word_1_239' title='bbox 42 2626 65 2670; x_wconf 86' lang='lat' dir='ltr'>et</span> <span class='ocrx_word' id='word_1_240' title='bbox 76 2637 204 2696; x_wconf 86' lang='lat' dir='ltr'>regnum</span> <span class='ocrx_word' id='word_1_241' title='bbox 217 2618 315 2673; x_wconf 85' lang='lat' dir='ltr'>invito</span> <span class='ocrx_word' id='word_1_242' title='bbox 330 2614 446 2689; x_wconf 89' lang='lat' dir='ltr'>quidem</span> <span class='ocrx_word' id='word_1_243' title='bbox 457 2615 523 2671; x_wconf 91' lang='lat' dir='ltr'>Deo</span> <span class='ocrx_word' id='word_1_244' title='bbox 536 2633 608 2671; x_wconf 86' lang='lat' dir='ltr'>vcro</span> <span class='ocrx_word' id='word_1_245' title='bbox 621 2616 703 2668; x_wconf 91' lang='lat' dir='ltr'>nullo</span> <span class='ocrx_word' id='word_1_246' title='bbox 717 2611 803 2666; x_wconf 88' lang='lat' dir='ltr'>modo</span> <span class='ocrx_word' id='word_1_247' title='bbox 818 2611 926 2666; x_wconf 83' lang='lat' dir='ltr'>bebere</span> <span class='ocrx_word' id='word_1_248' title='bbox 939 2621 1074 2684; x_wconf 68' lang='lat' dir='ltr'>possent,</span> 
     </span>
     <span class='ocr_line' id='line_1_30' title="bbox 41 2694 1075 2773; baseline -0.005 -22"><span class='ocrx_word' id='word_1_249' title='bbox 41 2698 89 2755; x_wconf 89' lang='lat' dir='ltr'>diis</span> <span class='ocrx_word' id='word_1_250' title='bbox 101 2721 173 2758; x_wconf 85' lang='lat' dir='ltr'>vero</span> <span class='ocrx_word' id='word_1_251' title='bbox 187 2702 258 2756; x_wconf 86' lang='lat' dir='ltr'>istis</span> <span class='ocrx_word' id='word_1_252' title='bbox 273 2699 357 2754; x_wconf 85' lang='lat' dir='ltr'>falsis</span> <span class='ocrx_word' id='word_1_253' title='bbox 373 2707 402 2753; x_wconf 86' lang='lat' dir='ltr'>ct</span> <span class='ocrx_word' id='word_1_254' title='bbox 420 2699 520 2758; x_wconf 87' lang='lat' dir='ltr'>multis</span> <span class='ocrx_word' id='word_1_255' title='bbox 539 2697 685 2773; x_wconf 83' lang='lat' dir='ltr'>ignoratis</span> <span class='ocrx_word' id='word_1_256' title='bbox 706 2695 769 2749; x_wconf 84' lang='lat' dir='ltr'>sivo</span> <span class='ocrx_word' id='word_1_257' title='bbox 791 2694 962 2762; x_wconf 87' lang='lat' dir='ltr'>contemtis,</span> <span class='ocrx_word' id='word_1_258' title='bbox 989 2702 1075 2765; x_wconf 87' lang='lat' dir='ltr'>atque</span> 
     </span>
     <span class='ocr_line' id='line_1_31' title="bbox 40 2769 1077 2860; baseline -0.008 -26"><span class='ocrx_word' id='word_1_259' title='bbox 40 2799 92 2839; x_wconf 91' lang='lat' dir='ltr'>uuo</span> <span class='ocrx_word' id='word_1_260' title='bbox 104 2787 155 2840; x_wconf 90' lang='lat' dir='ltr'>illo</span> <span class='ocrx_word' id='word_1_261' title='bbox 171 2783 302 2860; x_wconf 81' lang='lat' dir='ltr'>cognito</span> <span class='ocrx_word' id='word_1_262' title='bbox 317 2789 347 2836; x_wconf 85' lang='lat' dir='ltr'>et</span> <span class='ocrx_word' id='word_1_263' title='bbox 359 2780 416 2836; x_wconf 84' lang='lat' dir='ltr'>fide</span> <span class='ocrx_word' id='word_1_264' title='bbox 429 2783 546 2836; x_wconf 87' lang='lat' dir='ltr'>sincero</span> <span class='ocrx_word' id='word_1_265' title='bbox 559 2798 593 2835; x_wconf 87' lang='lat' dir='ltr'>ac</span> <span class='ocrx_word' id='word_1_266' title='bbox 606 2777 737 2834; x_wconf 87' lang='lat' dir='ltr'>moribus</span> <span class='ocrx_word' id='word_1_267' title='bbox 751 2777 841 2846; x_wconf 88' lang='lat' dir='ltr'>culto,</span> <span class='ocrx_word' id='word_1_268' title='bbox 869 2784 898 2830; x_wconf 89' lang='lat' dir='ltr'>et</span> <span class='ocrx_word' id='word_1_269' title='bbox 911 2777 1015 2830; x_wconf 88' lang='lat' dir='ltr'>melius</span> <span class='ocrx_word' id='word_1_270' title='bbox 1028 2769 1077 2829; x_wconf 83' lang='lat' dir='ltr'>hic</span> 
     </span>
     <span class='ocr_line' id='line_1_32' title="bbox 39 2857 1073 2942; baseline -0.011 -19"><span class='ocrx_word' id='word_1_271' title='bbox 39 2883 157 2942; x_wconf 85' lang='lat' dir='ltr'>regnum</span> <span class='ocrx_word' id='word_1_272' title='bbox 168 2866 329 2934; x_wconf 83' lang='lat' dir='ltr'>haberent,</span> <span class='ocrx_word' id='word_1_273' title='bbox 345 2861 605 2938; x_wconf 62' lang='lat' dir='ltr'>quantumcunqsst</span> <span class='ocrx_word' id='word_1_274' title='bbox 618 2861 772 2930; x_wconf 85' lang='lat' dir='ltr'>baberent,</span> <span class='ocrx_word' id='word_1_275' title='bbox 791 2869 820 2914; x_wconf 92' lang='lat' dir='ltr'>et</span> <span class='ocrx_word' id='word_1_276' title='bbox 832 2857 984 2932; x_wconf 85' lang='lat' dir='ltr'>posthaec</span> <span class='ocrx_word' id='word_1_277' title='bbox 998 2861 1073 2914; x_wconf 87' lang='lat' dir='ltr'>acci·</span> 
     </span>
     <span class='ocr_line' id='line_1_33' title="bbox 40 2941 1000 3024; baseline -0.005 -23"><span class='ocrx_word' id='word_1_278' title='bbox 40 2961 138 3017; x_wconf 76' lang='lat' dir='ltr'>perant</span> <span class='ocrx_word' id='word_1_279' title='bbox 151 2951 379 3024; x_wconf 84' lang='lat' dir='ltr'>sempiternum,</span> <span class='ocrx_word' id='word_1_280' title='bbox 394 2949 456 3001; x_wconf 82' lang='lat' dir='ltr'>sive</span> <span class='ocrx_word' id='word_1_281' title='bbox 469 2945 517 3001; x_wconf 91' lang='lat' dir='ltr'>hic</span> <span class='ocrx_word' id='word_1_282' title='bbox 531 2944 684 3015; x_wconf 82' lang='lat' dir='ltr'>baberent,</span> <span class='ocrx_word' id='word_1_283' title='bbox 699 2946 762 3000; x_wconf 88' lang='lat' dir='ltr'>sive</span> <span class='ocrx_word' id='word_1_284' title='bbox 776 2961 836 2999; x_wconf 95' lang='lat' dir='ltr'>non</span> <span class='ocrx_word' id='word_1_285' title='bbox 850 2941 1000 2999; x_wconf 83' lang='lat' dir='ltr'>baberent.</span> 
     </span>
    </p>
   </div>
   <div class='ocr_carea' id='block_1_5' title="bbox 395 3111 717 3183">
    <p class='ocr_par' dir='ltr' id='par_1_5' title="bbox 395 3111 717 3183">
     <span class='ocr_line' id='line_1_34' title="bbox 395 3111 717 3183; baseline -0.006 -13"><span class='ocrx_word' id='word_1_286' title='bbox 395 3113 462 3183; x_wconf 65' lang='lat' dir='ltr'>CA</span> <span class='ocrx_word' id='word_1_287' title='bbox 484 3113 516 3170; x_wconf 89' lang='lat' dir='ltr'>P.</span> <span class='ocrx_word' id='word_1_288' title='bbox 560 3111 717 3169; x_wconf 82' lang='lat' dir='ltr'>XXIX.</span> 
     </span>
    </p>
   </div>
   <div class='ocr_carea' id='block_1_6' title="bbox 35 3202 1076 3324">
    <p class='ocr_par' dir='ltr' id='par_1_6' title="bbox 35 3202 1076 3324">
     <span class='ocr_line' id='line_1_35' title="bbox 35 3202 1076 3324; baseline 0 -70"><span class='ocrx_word' id='word_1_289' title='bbox 35 3204 72 3256; x_wconf 79' lang='lat' dir='ltr'>Be</span> <span class='ocrx_word' id='word_1_290' title='bbox 86 3208 220 3275; x_wconf 82' lang='lat' dir='ltr'>salsitate</span> <span class='ocrx_word' id='word_1_291' title='bbox 242 3205 367 3272; x_wconf 80' lang='lat' dir='ltr'>auspicii,</span> <span class='ocrx_word' id='word_1_292' title='bbox 389 3202 439 3274; x_wconf 81' lang='lat' dir='ltr'>quo</span> <span class='ocrx_word' id='word_1_293' title='bbox 455 3205 574 3324; x_wconf 49' lang='lat' dir='ltr'>mimici·</span> <span class='ocrx_word' id='word_1_294' title='bbox 589 3205 816 3286; x_wconf 71' lang='lat' dir='ltr'>regnifcrtitado</span> <span class='ocrx_word' id='word_1_295' title='bbox 832 3211 858 3254; x_wconf 85' lang='lat' dir='ltr'>et</span> <span class='ocrx_word' id='word_1_296' title='bbox 876 3204 1007 3254; x_wconf 79' lang='lat' dir='ltr'>stabilitor</span> <span class='ocrx_word' id='word_1_297' title='bbox 1021 3203 1076 3254; x_wconf 80' lang='lat' dir='ltr'>viro</span> 
     </span>
     <span class='ocr_line' id='line_1_36' title="bbox 469 3289 639 3324; baseline -0.006 -1"><span class='ocrx_word' id='word_1_298' title='bbox 469 3289 494 3323; x_wconf 84' lang='lat' dir='ltr'>es</span> <span class='ocrx_word' id='word_1_299' title='bbox 517 3290 545 3324; x_wconf 80' lang='lat' dir='ltr'>sn</span> <span class='ocrx_word' id='word_1_300' title='bbox 563 3289 639 3324; x_wconf 76' lang='lat' dir='ltr'>scara.</span> 
     </span>
    </p>
   </div>
   <div class='ocr_carea' id='block_1_7' title="bbox 29 3355 1077 3516">
    <p class='ocr_par' dir='ltr' id='par_1_7' title="bbox 29 3355 1077 3516">
     <span class='ocr_line' id='line_1_37' title="bbox 92 3355 1077 3434; baseline -0.008 -18"><span class='ocrx_word' id='word_1_301' title='bbox 92 3359 172 3416; x_wconf 89' lang='lat' dir='ltr'>Nam</span> <span class='ocrx_word' id='word_1_302' title='bbox 196 3359 270 3414; x_wconf 91' lang='lat' dir='ltr'>illud</span> <span class='ocrx_word' id='word_1_303' title='bbox 295 3360 378 3434; x_wconf 82' lang='lat' dir='ltr'>quale</span> <span class='ocrx_word' id='word_1_304' title='bbox 397 3359 534 3434; x_wconf 91' lang='lat' dir='ltr'>estquod</span> <span class='ocrx_word' id='word_1_305' title='bbox 559 3360 783 3433; x_wconf 85' lang='lat' dir='ltr'>pulcherrimum</span> <span class='ocrx_word' id='word_1_306' title='bbox 809 3359 968 3431; x_wconf 88' lang='lat' dir='ltr'>auspicium</span> <span class='ocrx_word' id='word_1_307' title='bbox 986 3355 1077 3410; x_wconf 85' lang='lat' dir='ltr'>fuisse</span> 
     </span>
     <span class='ocr_line' id='line_1_38' title="bbox 29 3437 1077 3516; baseline -0.008 -20"><span class='ocrx_word' id='word_1_308' title='bbox 29 3443 183 3512; x_wconf 88' lang='lat' dir='ltr'>dixerunt,</span> <span class='ocrx_word' id='word_1_309' title='bbox 211 3441 289 3516; x_wconf 90' lang='lat' dir='ltr'>quod</span> <span class='ocrx_word' id='word_1_310' title='bbox 302 3443 386 3514; x_wconf 82' lang='lat' dir='ltr'>paulo</span> <span class='ocrx_word' id='word_1_311' title='bbox 401 3451 467 3495; x_wconf 85' lang='lat' dir='ltr'>ante</span> <span class='ocrx_word' id='word_1_312' title='bbox 481 3443 711 3511; x_wconf 84' lang='lat' dir='ltr'>commemoravi,</span> <span class='ocrx_word' id='word_1_313' title='bbox 730 3439 852 3496; x_wconf 79' lang='lat' dir='ltr'>Martem</span> <span class='ocrx_word' id='word_1_314' title='bbox 866 3447 894 3493; x_wconf 87' lang='lat' dir='ltr'>et</span> <span class='ocrx_word' id='word_1_315' title='bbox 908 3437 1077 3493; x_wconf 89' lang='lat' dir='ltr'>Terminum</span> 
     </span>
    </p>
   </div>
   <div class='ocr_carea' id='block_1_8' title="bbox 29 3510 1170 3598">
    <p class='ocr_par' dir='ltr' id='par_1_8' title="bbox 29 3510 1170 3598">
     <span class='ocr_line' id='line_1_39' title="bbox 29 3510 1170 3598; baseline -0.009 -21"><span class='ocrx_word' id='word_1_316' title='bbox 29 3535 56 3578; x_wconf 87' lang='lat' dir='ltr'>et</span> <span class='ocrx_word' id='word_1_317' title='bbox 77 3525 268 3580; x_wconf 84' lang='lat' dir='ltr'>Iuventatem</span> <span class='ocrx_word' id='word_1_318' title='bbox 286 3540 340 3576; x_wconf 87' lang='lat' dir='ltr'>nec</span> <span class='ocrx_word' id='word_1_319' title='bbox 358 3521 421 3578; x_wconf 85' lang='lat' dir='ltr'>lovi</span> <span class='ocrx_word' id='word_1_320' title='bbox 439 3525 502 3598; x_wconf 79' lang='lat' dir='ltr'>regi</span> <span class='ocrx_word' id='word_1_321' title='bbox 523 3523 639 3579; x_wconf 91' lang='lat' dir='ltr'>deorum</span> <span class='ocrx_word' id='word_1_322' title='bbox 658 3527 722 3579; x_wconf 89' lang='lat' dir='ltr'>loeo</span> <span class='ocrx_word' id='word_1_323' title='bbox 739 3521 839 3577; x_wconf 91' lang='lat' dir='ltr'>cedere</span> <span class='ocrx_word' id='word_1_324' title='bbox 852 3510 998 3575; x_wconf 75' lang='lat' dir='ltr'>voluissei</span> <span class='ocrx_word' id='word_1_325' title='bbox 1026 3513 1077 3570; x_wconf 88' lang='lat' dir='ltr'>Sic</span> <span class='ocrx_word' id='word_1_326' title='bbox 1166 3587 1170 3595; x_wconf 94' lang='lat'>.</span> 
     </span>
    </p>
   </div>
   <div class='ocr_carea' id='block_1_9' title="bbox 22 3593 1077 3926">
    <p class='ocr_par' dir='ltr' id='par_1_9' title="bbox 22 3593 1077 3926">
     <span class='ocr_line' id='line_1_40' title="bbox 25 3593 1077 3680; baseline -0.01 -20"><span class='ocrx_word' id='word_1_327' title='bbox 25 3611 129 3674; x_wconf 87' lang='lat' dir='ltr'>enim,</span> <span class='ocrx_word' id='word_1_328' title='bbox 156 3607 305 3680; x_wconf 88' lang='lat' dir='ltr'>inquiunt,</span> <span class='ocrx_word' id='word_1_329' title='bbox 325 3604 522 3680; x_wconf 80' lang='lat' dir='ltr'>significatum</span> <span class='ocrx_word' id='word_1_330' title='bbox 541 3614 594 3675; x_wconf 88' lang='lat' dir='ltr'>est,</span> <span class='ocrx_word' id='word_1_331' title='bbox 613 3605 747 3661; x_wconf 88' lang='lat' dir='ltr'>Martiam</span> <span class='ocrx_word' id='word_1_332' title='bbox 766 3612 891 3679; x_wconf 85' lang='lat' dir='ltr'>gentem,</span> <span class='ocrx_word' id='word_1_333' title='bbox 909 3598 939 3652; x_wconf 93' lang='lat' dir='ltr'>id</span> <span class='ocrx_word' id='word_1_334' title='bbox 957 3605 1001 3652; x_wconf 79' lang='lat' dir='ltr'>est</span> <span class='ocrx_word' id='word_1_335' title='bbox 1018 3593 1077 3651; x_wconf 88' lang='lat' dir='ltr'>Ro-</span> 
     </span>
     <span class='ocr_line' id='line_1_41' title="bbox 24 3679 1077 3761; baseline -0.009 -19"><span class='ocrx_word' id='word_1_336' title='bbox 24 3707 166 3758; x_wconf 83' lang='lat' dir='ltr'>manam,</span> <span class='ocrx_word' id='word_1_337' title='bbox 191 3687 305 3741; x_wconf 90' lang='lat' dir='ltr'>nemini</span> <span class='ocrx_word' id='word_1_338' title='bbox 327 3688 422 3741; x_wconf 91' lang='lat' dir='ltr'>locum</span> <span class='ocrx_word' id='word_1_339' title='bbox 441 3705 525 3761; x_wconf 87' lang='lat' dir='ltr'>quem</span> <span class='ocrx_word' id='word_1_340' title='bbox 549 3696 661 3742; x_wconf 88' lang='lat' dir='ltr'>teneret</span> <span class='ocrx_word' id='word_1_341' title='bbox 674 3686 824 3747; x_wconf 78' lang='lat' dir='ltr'>daturam3</span> <span class='ocrx_word' id='word_1_342' title='bbox 847 3679 992 3734; x_wconf 81' lang='lat' dir='ltr'>Romanos</span> <span class='ocrx_word' id='word_1_343' title='bbox 1007 3696 1077 3753; x_wconf 85' lang='lat' dir='ltr'>quo-</span> 
     </span>
     <span class='ocr_line' id='line_1_42' title="bbox 22 3767 1077 3848; baseline -0.012 -20"><span class='ocrx_word' id='word_1_344' title='bbox 22 3792 82 3848; x_wconf 85' lang='lat' dir='ltr'>que</span> <span class='ocrx_word' id='word_1_345' title='bbox 107 3771 251 3824; x_wconf 89' lang='lat' dir='ltr'>terminos</span> <span class='ocrx_word' id='word_1_346' title='bbox 269 3777 387 3842; x_wconf 84' lang='lat' dir='ltr'>propter</span> <span class='ocrx_word' id='word_1_347' title='bbox 406 3767 488 3823; x_wconf 89' lang='lat' dir='ltr'>deum</span> <span class='ocrx_word' id='word_1_348' title='bbox 503 3767 671 3825; x_wconf 89' lang='lat' dir='ltr'>Terminum</span> <span class='ocrx_word' id='word_1_349' title='bbox 689 3769 832 3821; x_wconf 90' lang='lat' dir='ltr'>neminem</span> <span class='ocrx_word' id='word_1_350' title='bbox 859 3770 1077 3830; x_wconf 87' lang='lat' dir='ltr'>commoturum,</span> 
     </span>
     <span class='ocr_line' id='line_1_43' title="bbox 23 3845 1077 3926; baseline -0.009 -18"><span class='ocrx_word' id='word_1_351' title='bbox 23 3859 219 3912; x_wconf 85' lang='lat' dir='ltr'>iuventutem</span> <span class='ocrx_word' id='word_1_352' title='bbox 248 3853 335 3906; x_wconf 85' lang='lat' dir='ltr'>etiam</span> <span class='ocrx_word' id='word_1_353' title='bbox 368 3847 527 3909; x_wconf 86' lang='lat' dir='ltr'>Romanam</span> <span class='ocrx_word' id='word_1_354' title='bbox 550 3861 666 3926; x_wconf 82' lang='lat' dir='ltr'>propter</span> <span class='ocrx_word' id='word_1_355' title='bbox 693 3849 773 3910; x_wconf 86' lang='lat' dir='ltr'>deam</span> <span class='ocrx_word' id='word_1_356' title='bbox 795 3846 945 3902; x_wconf 78' lang='lat' dir='ltr'>Iuventam</span> <span class='ocrx_word' id='word_1_357' title='bbox 971 3845 1077 3899; x_wconf 86' lang='lat' dir='ltr'>nemini</span> 
     </span>
    </p>
   </div>
   <div class='ocr_carea' id='block_1_10' title="bbox 0 0 1300 4396">
    <p class='ocr_par' dir='ltr' id='par_1_10' title="bbox 0 0 1300 4396">
     <span class='ocr_line' id='line_1_44' title="bbox 0 0 1300 4396; baseline 0 0"><span class='ocrx_word' id='word_1_358' title='bbox 0 0 1300 4396; x_wconf 95' lang='lat' dir='ltr'> </span> 
     </span>
    </p>
   </div>
  </div>
 </body>
</html>
