2590 4396
209 194 248 246 80
439 181 536 240 ulvl
557 180 742 246 AVlebll
764 178 819 236 AV
826 177 1016 236 GVSTlNl

589 332 610 390 C
633 335 656 388 A
678 331 710 387 P.
754 329 858 386 XIV.

213 419 253 471 De
273 418 413 488 impietate
424 414 500 478 belli,
519 414 590 482 qnod
599 411 711 466 Albanis
721 410 838 462 Romani
847 409 1012 474 intulerant,
1033 419 1059 463 et
1080 411 1250 463 lienteria

529 481 684 534 derainendi
697 481 807 533 libidine
817 480 925 547 adepta.

272 595 350 663 Quid
363 592 467 650 deinde
480 599 547 664 post
560 588 686 644 Numam
698 587 752 643 sub
766 587 832 642 aliis
849 586 968 664 regibus
980 583 992 642 i
1020 585 1143 654 Quando
1157 588 1249 658 malo,

210 699 270 736 non
285 679 380 734 solum
393 694 462 745 suo,
486 672 538 728 sed
551 673 640 727 etiam
653 669 869 741 Romanorum,
892 671 924 725 in
938 670 1046 726 bellum
1058 669 1250 742 Albanipro-

209 753 409 819 vocatisuntl
436 757 505 832 quia
530 754 669 812 videlieet
695 771 753 827 pax
766 751 881 821 Numae
908 762 968 809 tam
993 755 1084 831 longa
1108 753 1249 809 viluerat.

210 845 305 910 Quam
318 841 438 896 crebrae
452 849 567 918 strages
580 837 707 894 Romani
720 837 884 912 Albanique
898 837 1045 893 exercitus
1059 835 1201 906 luerunt,
1217 844 1253 890 et

209 926 366 998 utriusque
380 923 570 979 comminutio
584 916 732 978 eivitatisl
757 919 830 976 Alba
843 937 969 996 namque
981 913 1043 992 illa,
1066 938 1153 995 quarn
1165 917 1251 974 filius

208 1008 326 1064 Aeneae
354 1008 467 1063 creavit
484 1006 646 1076 Ascanius,
671 1003 782 1062 Rornae
806 1013 900 1060 mater
925 1005 1045 1078 propior
1069 1004 1133 1078 ipsa
1158 1019 1253 1077 quam

210 1089 316 1161 Troia,
340 1088 459 1146 aTullo
473 1087 603 1146 Hostilio
622 1107 694 1165 rege
718 1096 877 1162 provocata
904 1085 1055 1143 conflixit:
1082 1083 1253 1162 'confligens

210 1183 310 1230 autem
324 1171 474 1230 et.afflieta
488 1181 549 1244 est,
576 1181 607 1227 et
619 1169 739 1242 afflixit,
757 1169 850 1225 donee
864 1171 1023 1224 multorum
1036 1167 1169 1225 taederet
1181 1169 1255 1241 pari

210 1257 376 1312 deiectione
403 1258 605 1312 certaminum.
649 1252 736 1310 Tunc
762 1261 899 1308 eventum
925 1252 994 1306 belli
1007 1250 1043 1306 de
1057 1248 1255 1327 Tergeminis

162 1365 165 1372 ¹
209 1339 279 1395 hine
291 1347 380 1414 atque
393 1338 462 1395 inde
474 1339 614 1395 fratribus
628 1337 740 1410 placuit
754 1335 898 1409 experiri:
922 1352 939 1390 a
952 1332 1092 1390 Romanis
1106 1341 1166 1388 tres
1182 1331 1256 1389 Ho-

211 1423 296 1492 ratii,
320 1423 355 1477 ab
368 1423 488 1478 Albanis
503 1431 602 1478 autem
614 1430 675 1475 tres
690 1417 815 1475 Curiatii
827 1425 1050 1492 processerunt:
1077 1434 1094 1470 a
1107 1414 1256 1472 Curiatii

210 1504 304 1559 tribus
318 1501 436 1558 Horatii
450 1503 525 1573 duo,
539 1505 574 1558 ab
588 1520 647 1557 uno
661 1511 759 1556 autem
770 1499 894 1556 Horatio
906 1509 967 1556 tres
979 1497 1104 1556 Curiatii
1117 1502 1256 1570 superati

211 1594 240 1640 ct
255 1584 396 1639 exstincti
410 1592 489 1639 sunt.
533 1581 684 1652 Ita-Roma
699 1584 815 1637 exstitit
827 1583 955 1653 victrix,
970 1600 1004 1638 ea
1018 1581 1099 1637 clade
1113 1581 1203 1636 ctiam
1216 1583 1254 1639 in

210 1661 372 1724 certamine
385 1675 536 1738 extremo,
556 1675 591 1721 ut
603 1665 640 1720 dc
653 1682 707 1720 sex
719 1665 795 1721 viris
809 1682 885 1719 unus
899 1664 1010 1720 rediret
1023 1662 1148 1720 domum.
1193 1663 1254 1721 Cui

210 1750 348 1806 damnum
361 1749 393 1804 in
406 1745 558 1824 utrisque?
585 1747 641 1804 cui
653 1749 751 1804 luctus
765 1747 825 1802 nisi
837 1746 954 1802 Aeneae
967 1748 1068 1820 stirpi,
1083 1747 1142 1804 nisi
1154 1747 1252 1804 Asca-

209 1833 253 1890 nii
266 1833 403 1905 posteris,
417 1833 477 1886 nisi
484 1829 704 1906 proliVeneris,
717 1831 776 1886 nisi
789 1830 944 1905 nepotibus
951 1825 1050 1886 lovisi
1065 1829 1140 1886 Nam
1151 1839 1180 1886 ct
1190 1829 1252 1888 hoc

209 1917 275 1990 plus
283 1931 369 1990 quam
375 1915 462 1971 civile
472 1915 580 1972 bellum
587 1913 654 1985 fuit,
666 1912 783 1988 quando
793 1911 854 1968 filia
863 1915 967 1970 civitas
979 1930 1044 1970 cum
1054 1915 1174 1971 civitate
1183 1933 1250 1970 ma-

209 2008 256 2054 tre
274 1999 424 2074 pugnavit.
461 1998 596 2056 Accessit
609 1995 689 2053 aliud
701 1995 770 2052 huie
783 1994 1031 2074 Tcrgcnrinorum
1043 2015 1162 2074 pugnae
1174 1999 1249 2054 ulti-
1287 2001 1288 2004 ’

210 2101 274 2137 mae
288 2090 374 2137 atrox
387 2091 474 2158 atquc
486 2079 667 2138 horrendum
679 2082 795 2136 malum.
813 2079 888 2136 Nam
906 2089 940 2136 ut
953 2089 1039 2136 crant
1051 2081 1134 2136 ambo
1145 2084 1251 2156 populi

209 2165 291 2238 prius
318 2165 405 2220 amici
430 2160 534 2242 (ricini
558 2165 665 2240 quippe
688 2172 778 2239 atque
791 2157 942 2246 cognati),
968 2165 1022 2220 uni
1046 2161 1251 2222 Curiatiorum

210 2247 386 2321 desponsata
399 2247 497 2304 luerat
508 2247 700 2305 Horatiorum
713 2265 811 2304 soror:
838 2245 910 2302 haec
928 2255 1030 2322 postea
1044 2263 1131 2321 quam
1144 2251 1251 2319 sponsi

210 2330 303 2401 spolia
315 2330 348 2385 in
359 2331 472 2387 victore
486 2331 579 2387 fratre
605 2331 779 2405 conspexit,
807 2330 842 2386 ab
857 2330 959 2386 codem
971 2330 1080 2402 fratre,
1107 2332 1251 2405 quoniam

209 2410 309 2483 flevit,
324 2413 422 2469 occisa
436 2423 489 2470 est.
534 2412 698 2470 Humanior
711 2412 798 2469 huius
812 2415 901 2470 unius
915 2413 1060 2484 feminae,
1075 2430 1163 2488 quam
1175 2417 1249 2470 uni-

208 2496 288 2550 versi
300 2496 399 2569 populi
411 2494 537 2553 Romani
559 2495 631 2552 milri
656 2497 775 2552 ridetur
800 2496 893 2552 ιἰιίιιι
918 2494 1050 2552 affectus.
1093 2495 1251 2571 illaquam

207 2579 306 2632 virum
317 2579 376 2634 iam
389 2577 447 2656 fide
459 2579 555 2635 media
567 2580 728 2651 retinebat,
755 2589 808 2635 aut
821 2579 898 2636 forte
912 2581 1000 2636 etiam
1012 2581 1108 2654 ipsum
1123 2579 1252 2638 fratrem

209 2660 310 2716 dolens
323 2663 374 2736 qui
388 2681 455 2718 eum
469 2655 617 2718 occiderat
632 2665 681 2719 eui
700 2669 831 2719 sororem
855 2664 1047 2736 promiserat,
1072 2672 1144 2737 puto
1167 2667 1252 2736 quod

208 2761 269 2800 non
283 2744 468 2815 culpabiliter
490 2743 615 2800 fleverit.
660 2743 743 2800 Vnde
757 2747 835 2800 cnim
848 2746 924 2820 apud
937 2745 1094 2822 Virgilium
1106 2747 1172 2820 pius
1186 2747 1251 2803 Ao-

208 2843 279 2880 neas
292 2825 479 2881 laudabiliter
492 2827 572 2883 dolet
583 2826 697 2884 hostem
711 2829 800 2882 etiam
813 2845 866 2883 sna
876 2838 1039 2900 peremtum
1047 2825 1155 2884 manui
1181 2828 1251 2886 Vn-

207 2906 243 2962 de
256 2906 413 2964 Marcellus
427 2907 648 2984 Syraeusanam
661 2911 826 2982 civitatem,
845 2913 980 2968 recolens
995 2912 1057 2966 eius
1071 2912 1159 2984 paulo
1172 2924 1251 2971 autc

208 2991 325 3045 culmen
339 2999 370 3046 et
384 2993 507 3068 gloriam
521 2995 574 3050 sub
587 3011 691 3050 manus
706 3011 775 3048 suas
790 2994 888 3050 subito
908 2994 1088 3065 concidisse,
1113 3013 1250 3053 commu-

207 3091 275 3128 nem
301 3075 434 3150 eogitans
460 3075 659 3134 conditionem
680 3074 778 3132 flendo
792 3078 948 3134 miseratus
963 3075 1031 3134 esti
1077 3077 1195 3144 Quaeso
1209 3082 1250 3137 ab

206 3153 333 3211 hermano
344 3158 531 3230 impetremus
545 3157 668 3231 affectu,
694 3169 728 3216 ut
740 3159 852 3216 femina
865 3179 1005 3235 sponsum
1022 3179 1107 3219 suum
1120 3179 1138 3216 a
1150 3161 1250 3219 fratrc

206 3255 260 3293 suo
273 3249 454 3314 peremptum
468 3243 533 3297 sinc
551 3239 819 3314 crimineflevcrit,
846 3245 872 3298 si
884 3245 942 3300 viri
955 3243 1054 3300 hostes
1069 3263 1087 3299 a
1101 3261 1133 3300 sc
1145 3245 1249 3303 victos

206 3323 294 3377 etiam
308 3341 374 3377 eum
386 3323 472 3379 laude
488 3323 645 3381 fleverunt.
669 3322 764 3402 'Ergo
778 3343 885 3399 sponso
899 3345 917 3382 a
929 3326 1021 3383 fratre
1034 3329 1146 3384 illatam
1163 3346 1248 3384 mor-

204 3413 265 3474 tem
278 3405 393 3480 quaudo
407 3405 516 3464 femina
528 3409 579 3464 illa
588 3405 692 3480 flebat,
706 3417 779 3464 tunc
792 3427 824 3463 se
839 3417 943 3465 eontra
955 3419 1079 3466 matrem
1092 3411 1248 3468 civitatem

203 3495 287 3543 tanta
301 3497 402 3566 strage
415 3489 556 3561 bellasse,
583 3498 614 3545 et
626 3499 710 3546 tanta
722 3487 791 3546 hine
806 3501 836 3546 et
848 3491 919 3548 inde
933 3495 1054 3570 cognati
1068 3493 1182 3549 cruoris
1198 3495 1248 3550 ef·
1287 3519 1288 3564 ς

185 3609 187 3612 -
204 3569 320 3626 lusione
334 3571 443 3626 vicisse
457 3570 550 3627 Roma
567 3571 721 3649 gaudebat.

268 3652 344 3717 Quid
357 3650 429 3706 mihi
444 3653 614 3711 obtenditur
624 3672 732 3728 nornen
745 3655 855 3727 laudis,
883 3673 1049 3734 nomenque
1073 3660 1248 3718 victoriaci

204 3730 335 3788 Remotis
350 3734 510 3791 obstaculis
528 3738 651 3792 insanae
665 3738 813 3810 opinionis
824 3739 960 3796 -lacinora
974 3742 1054 3798 nuda
1068 3752 1248 3818 cernantur,

203 3813 280 3871 nuda
291 3825 471 3890 pensentur,
485 3818 565 3875 nuda
578 3818 754 3877 iudicentur.
799 3819 894 3877 Causa
908 3823 1023 3881 dicatur
1036 3825 1143 3897 Albae,
1164 3829 1248 3886 sicut
